2280 4004
266 285 360 332 me
1075 278 1370 323 ANNAlen
1860 293 1904 325 a.
1926 289 1990 327 ὲ...»
2001 280 2113 326 817.

275 430 540 482 maverint.
616 427 717 480 Alii
753 441 815 478 eo
838 438 1000 491 usque
1026 439 1147 476 cura
1172 422 1438 491 progressi
1470 426 1587 475 sunt
1616 427 1672 474 ut
1705 422 1916 475 totidem
1947 433 2109 476 annos

275 535 578 586 mensesque
616 524 666 570 et
704 518 814 570 dies
855 517 988 568 inter
1024 521 1238 582 utraque
1275 514 1513 566 incendia
1546 519 1833 566 numerenta

417 612 650 662 Ceterum
679 609 815 661 Nero
845 622 968 659 usus
1008 612 1086 658 est
1119 606 1314 673 patriae
1345 605 1525 670 ruinis,
1564 606 1883 672 extruxitque
1908 606 2115 659 domum
2127 610 2195 658 42

275 703 327 752 in
357 716 454 768 qua
491 700 625 752 haud
660 699 874 766 perinde
897 712 1130 765 gemmae
1165 701 1214 748 et
1248 711 1423 748 aurum
1446 695 1699 748 miraculo·
1732 700 1923 762 essent,
1956 697 2109 750 tolita

237 792 470 859 spridem
510 796 560 843 et
597 791 718 842 luxu
754 790 987 857 vulgata,
1050 779 1199 854 qu'am
1241 803 1364 839 arva
1418 791 1469 838 et
1504 792 1686 854 stagna
1720 791 1770 840 et
1817 787 1877 839 in·
1904 787 2108 841 modum

275 883 602 936 solitudinum
662 882 781 933 hinc
834 880 996 933 silvae
1058 879 1178 930 inde
1243 883 1416 944 aperta
1470 878 1632 944 spatia
1687 883 1737 931 et
1787 883 2105 946 prospectus,

273 975 532 1043 magistris
564 979 614 1026 et
639 971 1070 1025 machinatoribus
1097 971 1290 1023 Severo
1328 974 1378 1021 et
1407 969 1604 1035 Celere,-
1640 969 1820 1036 quibus
1843 970 2108 1038 ‘ingenium
2272 974 2280 1111 l

275 1071 325 1118 et
364 1066 577 1118 audacia
617 1070 752 1130 erat,
811 1065 962 1116 etiam
999 1078 1127 1129 quae
1163 1066 1343 1113 natura
1384 1061 1773 1129 denegavi-sset,
1815 1074 1910 1128 ραι
1933 1065 2107 1114 artem

273 1162 519 1224 temptare
571 1162 620 1209 et
683 1157 878 1208 viribus
943 1154 1187 1222 principis
1243 1153 1490 1205 inludere.
1586 1153 1815 1220 Namque
1868 1153 1934 1205 ab
1993 1152 2108 1206 lacu
2273 1124 2280 1187 l

212 1249 482 1301 ¹0Averno
535 1247 879 1316 navigabilem
939 1247 1129 1298 fossam
1186 1258 1348 1311 usque
1413 1244 1476 1296 ad
1529 1244 1660 1296 ostia
1714 1244 1964 1296 Tiberina·
1996 1244 2108 1297 —de—
2274 1195 2280 1279 1

2270 1298 2280 1413 ἑ

2274 1490 2280 1512 l

1884 527 2063 557 >-¹·2·›³t

271 1355 541 1408 pressuros
580 1340 948 1407 promiserant,
999 1336 1250 1404 squalenti
1287 1335 1463 1399 litore,
1525 1340 1610 1387 aut
1644 1350 1741 1402 per
1773 1335 2105 1389 umntessad-

270 1447 468 1484 versos.
541 1433 717 1498 Neque
756 1431 889 1483 enim
929 1429 1064 1480 aliud
1096 1427 1353 1478 humidum
1385 1426 1660 1494 gignendis
1698 1426 1845 1493 aquis
1880 1427 2109 1478 occurrit

272 1540 418 1592 quam
454 1525 746 1591 Pomptinae
784 1523 1023 1590 paludes:
1082 1525 1252 1572 cetera
1291 1519 1503 1585 abrupta
1542 1524 1626 1571 aut
1667 1518 1899 1583 arentia3
1947 1519 2103 1572 aerei

268 1616 523 1683 perrumpi
583 1619 824 1681 possent,
891 1611 1240 1665 intolerandus
1300 1610 1478 1676 labor,
1554 1625 1652 1662 nec
1709 1609 1842 1662 satis·
1871 1619 2102 1664 causae.

384 1784 427 1826 3.
463 1790 679 1825 caeterum
709 1781 789 1825 Ma.
909 1781 952 1825 4.
982 1780 1115 1838 piade
1148 1793 1244 1823 cum
1272 1792 1302 1836 p
1336 1779 1519 1823 caudato
1565 1779 1784 1837 (proinde)
1815 1779 1909 1824 Max
1944 1781 2104 1839 piade,

267 1843 310 1884 h.
347 1856 385 1885 e.
417 1843 611 1898 perinde,
647 1842 694 1884 G.
787 1844 827 1885 5.
863 1843 975 1898 volq.
1013 1840 1085 1883 Or.
1203 1840 1244 1883 9.
1277 1845 1482 1896 temptare
1514 1839 1912 1885 Puteolanum-Ma
1945 1848 2105 1899 tempe-

266 1916 386 1955 rare,
420 1902 453 1944 G
476 1909 658 1945 tentare.
757 1901 821 1943 ill.
855 1900 926 1945 Or.
964 1901 1108 1943 statim
1140 1899 1327 1941 fortasse
1359 1899 1445 1942 fuit
1474 1901 1657 1956 iamque.
1758 1901 1828 1945 10.
1849 1900 1992 1945 hostia
2021 1899 2101 1947 Μ’.

269 1962 352 2017 tyb.
386 1962 467 2004 Ma.
563 1964 631 2007 12.
666 1961 775 2004 aliut
805 1959 886 2003 Ma.
983 1963 1051 2005 13.
1085 1967 1262 2002 caetera
1293 1957 1373 2002 Ma.

2276 1734 2280 1754 ι

2274 1846 2280 1866 ,ι

2272 1865 2280 1991 3

2275 1994 2280 2021 1

355 2126 401 2162 ut
434 2120 605 2162 totidem
647 2133 786 2162 armos
826 2131 1071 2174 mensesque
1107 2124 1147 2161 et

270 2179 359 2221 dies
390 2181 504 2223 inter
533 2186 715 2235 utraque
758 2180 964 2222 incendia
993 2192 1146 2220 nume-

269 2244 393 2281 rent.-
424 2240 710 2281 numerabant
737 2253 874 2281 annos
896 2238 998 2291 418,
1018 2252 1145 2281 men-

270 2311 340 2340 ses
366 2299 470 2352 418,
496 2298 588 2341 dies
611 2299 713 2353 418,
737 2299 894 2354 quihus
920 2298 1144 2355 colligun-

268 2364 340 2398 tur
371 2360 473 2400 anni
496 2358 598 2410 454,
622 2359 905 2401 intervallum
936 2358 1145 2412 temporis

241 2418 322 2459 =ab
365 2418 473 2460 urbe
521 2431 546 2460 a
582 2418 716 2460 Gallis
760 2419 957 2461 ambusta
1008 2417 1141 2474 (364)

268 2490 406 2533 usque
447 2477 500 2520 ad
532 2478 783 2520 incendium
820 2479 1020 2533 principe
1052 2476 1144 2519 Ne-

266 2549 397 2591 rone,
447 2536 753 2579 dcficicntibus
800 2543 944 2580 tamen
990 2536 1143 2579 diebus

269 2603 385 2648 octo,
422 2609 530 2652 quos
553 2597 770 2652 quomodo
797 2599 955 2638 curiosi
982 2597 1141 2639 rationi

267 2669 374 2699 suae
408 2657 862 2708 accommodaverim,
910 2655 1037 2697 nobis
1070 2657 1141 2698 in-

270 2721 436 2756 certum
460 2721 539 2756 est.
591 2715 712 2757 Hanc
732 2717 1140 2770 interpretationem

267 2775 542 2831 ingeniosam
589 2781 632 2817 et
678 2788 825 2818 veram
868 2776 1057 2830 praeivit
1090 2774 1138 2817 G.

267 2833 315 2877 F.
351 2832 588 2876 Grotefend
637 2835 681 2876 in
727 2836 879 2878 Museo
926 2834 1139 2877 Rhenano

266 2907 305 2935 a.
333 2893 444 2936 1843
474 2893 552 2948 (ΙΙΙ
592 2895 636 2951 1)
671 2908 712 2950 p.
736 2897 832 2939 152.
894 2896 1009 2938 Ante
1030 2894 1140 2936 haec

265 2952 401 2994 verba
451 2965 678 3007 perperam
724 2954 863 2996 relata
923 2960 1023 2997 sunt
1086 2954 1139 2996 ad

265 3013 451 3066 spatium
478 3012 531 3054 ab
560 3013 667 3055 urbe
699 3014 873 3056 condita
905 3014 958 3056 ad
982 3015 1140 3056 incen-

210 3105 214 3108 >
265 3085 355 3114 sam
380 3084 404 3112 a
420 3071 556 3114 Gallis
591 3075 716 3128 (anni
739 3074 827 3117 363
845 3079 888 3116 et
910 3073 1135 3130 dimidius)

268 3130 398 3173 etad
445 3138 616 3186 tempus
658 3132 774 3188 quod
819 3132 922 3175 hinc
969 3133 1139 3175 effluxit

265 3204 406 3245 usque
465 3190 516 3232 ad
582 3192 832 3234 incendium
889 3194 1136 3235 Neroneum

268 3251 392 3305 (anni
426 3251 564 3306 454),
615 3264 701 3306 quo
745 3258 835 3294 tota
868 3253 1136 3308 computatio

266 3311 545 3364 pervertitur.

354 3368 458 3423 Cap.
493 3371 565 3413 42.
617 3383 717 3411 usus
749 3376 808 3411 est
837 3372 1008 3426 patriae
1041 3373 1136 3413 rui-

264 3429 357 3470 nis:
407 3443 461 3470 ex
504 3430 678 3471 diverso
720 3437 940 3483 ponuntur
971 3431 1135 3473 utilitas

264 3489 392 3529 unius
426 3493 468 3530 et
510 3491 662 3530 ruinae
695 3490 870 3531 civium.
941 3490 1044 3532 Usus
1076 3498 1136 3532 est

264 3545 507 3590 'theodisco
540 3548 723 3589 dicimus
758 3563 805 3590 er
842 3551 1008 3591 machte
1043 3550 1135 3592 sich

263 3618 314 3645 zu
357 3606 532 3648 Nutzen.
714 3621 824 3649 arva
873 3616 910 3650 et
950 3616 1132 3665 stamen.-

266 3661 443 3708 Sucton.
468 3666 548 3709 31:
581 3665 827 3710 vestibulum
854 3668 942 3710 eius
973 3670 1055 3725 suit
1085 3669 1131 3711 in

1234 2128 1312 2172 quo
1347 2117 1533 2160 colossus
1577 2125 1745 2162 centum
1773 2121 1927 2179 viqinh'
1950 2123 2108 2180 pedum

1231 2183 1368 2219 staret
1401 2179 1534 2234 ipsius
1576 2181 1739 2236 effi95e3
1782 2188 1908 2233 tanta
1927 2182 2107 2227 tanim

1231 2244 1277 2277 ut
1303 2238 1498 2293 porticus
1537 2240 1729 2295 triplices
1756 2241 2106 2286 milliarios-hu·-

1233 2295 1373 2349 beret3
1419 2298 1518 2339 item
1558 2306 1756 2356 staynum
1797 2303 2106 2346 maritima-r

1233 2355 1419 2410 circum,
1459 2365 1649 2414 saeptum
1687 2361 1895 2415 aedificiis
1938 2362 2105 2406 adaun-

1232 2414 1344 2456 bium
1375 2419 1584 2473 speciem;
1615 2433 1726 2462 rura
1754 2422 1960 2478 insuper,
1987 2423 2106 2466 ants

1231 2481 1356 2530 atque
1404 2478 1557 2520 vinetis
1609 2486 1648 2521 et
1683 2481 1861 2537 pascuis
1902 2481 2105 2538 >silvisque

1228 2535 1372 2588 varia,
1402 2548 1500 2578 rcum
1525 2539 1792 2584 multitudine
1814 2541 1950 2584 omnic
1969 2554 2104 2599 qene-

1227 2594 1290 2635 ris
1323 2596 1534 2651 pecudum
1573 2612 1628 2640 ac
1667 2603 1882 2655 ferarum.
1942 2602 2001 2644 In
2028 2616 2104 2644 oe-

1227 2654 1330 2695 teris
1359 2656 1554 2709 partibus
1587 2667 1744 2701 cuncta
1763 2674 1871 2702 auro
1902 2659 1982 2703 tica
2002 2667 2101 2706 cet.

1332 2713 1384 2754 ab
1425 2713 1526 2756 lacu
1570 2716 1743 2760 Averno
1789 2744 1847 2753 —-
1887 2720 1949 2762 ad
1991 2722 2103 2763 ostia

1233 2769 1464 2815 Tiberina.-
1495 2774 1607 2818 Ptin.
1643 2778 1693 2821 N.
1727 2778 1780 2822 H.
1815 2777 1976 2822 x1v›8
1999 2780 2100 2838 ·(6):

1225 2838 1356 2873 antea
1373 2832 1569 2876 caecubo
1591 2845 1687 2880 erat
1702 2840 1969 2894 generositas
1985 2839 2102 2882 ode-

1226 2890 1414 2934 berrima
1433 2895 1480 2935 in
1496 2894 1760 2951 palustribus
1776 2897 1989 2956 populetis
2003 2900 2101 2943 sinu

1225 2950 1490 3007 Amyclan05
1539 2957 1648 3010 quod
1677 2958 1766 3000 iam
1809 2959 2030 3002 intere-'dit
2059 2967 2100 3002 et

1224 3010 1400 3053 incuria
1461 3013 1604 3058 colom·
1660 3017 1824 3073 locique
1881 3020 2098 3075 anymtia,

1222 3071 1360 3126 magis
1393 3079 1535 3116 tamen
1572 3078 1691 3131 fossa
1720 3079 1933 3130 Neronis,
1973 3092 2100 3134 quam

1224 3130 1436 3174 aBaioeno
1467 3133 1567 3176 lacu
1598 3136 1729 3193 (idem
1765 3142 1831 3180 est
1861 3138 1935 3194 qui
1955 3138 2097 3181 Aves·-

1223 3193 1321 3244 nus)
1348 3191 1512 3235 Ostiam
1541 3209 1670 3251 usque
1705 3196 1993 3254 navigabilem
2023 3199 2097 3240 in-

1224 3248 1470 3295 choaverat.
1538 3255 1718 3298 Sueton.
1744 3257 1826 3300 31:
1858 3259 2019 3312 fossam
2042 3259 2096 3301 ab

1224 3308 1396 3353 Averno
1432 3314 1595 3357 Ostiam
1634 3330 1788 3371 usque,
1838 3324 1884 3359 ut
1913 3318 2094 3361 numus

1221 3381 1303 3411 nec
1322 3378 1464 3414 tamen
1495 3376 1610 3417 nturi
1635 3377 1785 3429 iretur,
1817 3375 2095 3434 lonqitudim‘s

1217 3442 1298 3483 per
1331 3440 1497 3475 centum
1515 3436 1744 3491 seoeaqinta
1772 3435 1910 3490 milia,
1941 3437 2094 3479 tacitu-

1222 3487 1334 3533 dim‘s
1365 3506 1449 3545 qua
1478 3497 1728 3537 contrariae
1776 3497 2093 3551 quinqueremes

1221 3561 1520 3594 compararent.
1631 3555 1844 3609 squalenti
1872 3555 2012 3608 litore,
2046 3554 2088 3598 h.

1221 3622 1260 3650 o.
1289 3610 1411 3652 sicco
1434 3611 1707 3674 (αὐχμηρῷ)
1743 3619 1787 3655 et
1816 3624 1996 3668 aspen-03
2031 3613 2087 3657 cf.

1217 3666 1507 3715 Forccllinius
1540 3686 1574 3716 s.
1608 3685 1649 3716 v·
1684 3672 1894 3728 sqaemlens.
