2280 4004
261 271 288 305 a
320 257 367 305 G.
401 260 474 317 21.
826 258 989 304 LIBER
1020 258 1092 304 111.
1160 258 1265 303 GAP.
1299 259 1492 303 33-36.
1997 259 2085 304 19⁷

260 403 358 456 Vix
397 401 651 470 praesenti
690 402 920 455 custodia
975 416 1183 453 manere
1231 400 1424 452 inlaesa
1471 398 1736 467 coniugia:
1797 399 1916 466 quid
1953 400 2084 464 fore,

261 497 305 547 si
347 510 439 561 per
474 495 644 562 plures
683 508 844 546 annos
884 494 935 543 in
971 493 1172 544 modum
1212 492 1415 543 discidii
1451 491 1834 556 oblitterentur?
1869 491 1953 543 Sic
1990 491 2088 542 ob-

263 586 395 638 viam
447 586 578 637 irent
613 585 676 636 iis
726 599 854 650 quae
906 584 1026 635 alibi
1062 588 1425 650 peccarentur,
1485 587 1539 633 ut
1585 581 1890 648 flagitiorum
1945 582 2085 633 urbis

263 677 622 729 meminissent.
744 675 954 726 Addidit
1002 690 1159 741 pauca
1220 675 1413 725 Drusus
1473 673 1537 724 de
1599 672 1919 724 matrimonio
1975 687 2086 723 suo.

262 769 386 822 Nam
419 766 731 832 principibus
759 765 991 817 adeunda
1028 764 1229 830 saepius
1257 764 1533 831 longinqua
1564 762 1775 829 imperii.
1842 762 2087 823 Quotiens
2107 783 2129 820 5

265 858 432 910 divum
484 857 765 924 Augustum
824 857 874 907 in
923 855 1253 909 Occidentem
1313 860 1461 921 atque
1520 854 1776 907 Orientem
1834 853 2088 906 meavisse

229 948 447 1004 .comite
482 948 639 1000 Livia.
714 948 780 1000 Se
823 961 1022 1013 quoque
1069 948 1120 997 in
1161 946 1413 1013 Illyricum
1462 945 1775 1012 profectum,
1834 949 1883 996 et
1930 946 1975 996 si
2020 944 2088 997 ita

263 1039 528 1103 conducat,
570 1038 694 1089 alias
733 1038 793 1088 ad
833 1042 1014 1104 gentes
1052 1038 1249 1100 iturum,
1291 1035 1424 1086 haud
1461 1050 1662 1101 semper
1700 1050 1862 1100 aequo
1900 1034 2086 1098 animO,

261 1130 305 1181 si
342 1130 406 1181 ab
442 1145 603 1181 uxore
654 1129 917 1181 carissima
973 1134 1021 1180 et
1058 1133 1130 1179 tot
1168 1127 1505 1179 communium
1555 1127 1831 1178 liberorum
1879 1131 2090 1192 parente

175 1216 602 1273 35divelleretur.
697 1221 782 1273 Sic
820 1220 1073 1272 Caecinae
1111 1218 1361 1271 sententia
1401 1218 1558 1270 elusa.
1648 1218 1711 1269 Et
1746 1217 1964 1283 proximi
2001 1232 2090 1268 se-
2109 1234 2155 1271 to

260 1319 405 1366 natus
458 1312 542 1363 die
587 1311 816 1362 Tiberius
864 1326 956 1376 per
997 1310 1221 1374 litteras,
1280 1309 1542 1376 castigatis
1598 1307 1803 1374 oblique
1862 1307 2090 1373 patribus

261 1404 396 1472 quod
422 1409 599 1455 cuncta
631 1418 864 1454 curarum
892 1402 955 1453 ad
990 1401 1268 1467 principem
1296 1400 1567 1464 reicerent,
1599 1399 1823 1451 Marcum
1850 1398 2092 1465 Lepidum

263 1501 314 1548 et
346 1495 536 1546 Iunium
573 1493 806 1545 Blaesum
847 1492 1153 1556 nominavit,
1220 1508 1284 1542 ex
1335 1492 1446 1556 quis
1503 1506 1595 1557 pro
1636 1490 1847 1542 consule
1881 1489 2092 1541 Africae

264 1586 536 1654 legeretur.
612 1587 730 1636 Tum
768 1585 935 1636 audita
974 1584 1233 1634 amborum
1279 1583 1469 1647 verba,
1526 1582 1766 1634 intentius
1813 1585 2089 1633 excusante

262 1693 319 1730 se
355 1677 573 1744 Lepido,
614 1693 723 1728 cum
761 1676 1085 1727 valitudinem
1125 1674 1383 1740 corporiS,
1424 1679 1636 1725 aetatem
1669 1673 1901 1737 liberum,
1939 1672 2155 1723 nubi-15

262 1769 360 1820 lem
396 1768 547 1820 filiam
588 1767 916 1831 obtenderet,
978 1765 1458 1832 intellegereturque
1509 1765 1658 1816 etiam
1704 1764 1839 1830 quod
1889 1763 2089 1826 silebat,

261 1860 561 1912 avunculum
598 1873 714 1911 esse
750 1859 920 1912 Seiani
956 1857 1191 1909 Blaesum
1236 1861 1384 1922 atque
1440 1870 1501 1908 eo
1548 1855 1913 1922 praevalidum.
1989 1855 2094 1906 Re-

261 1951 464 2018 spondit
490 1945 700 2002 Blaesus
735 1950 909 2015 specie
935 1948 1237 2011 recusantiS,
1278 1947 1370 1998 sed
1406 1960 1570 2012 neque
1599 1946 1777 1998 eadem
1813 1944 2095 1997 adsevera-

263 2043 418 2106 tione,
458 2046 506 2091 et
549 2055 803 2092 consensu
841 2039 1148 2090 adulantium
1186 2038 1617 2113 h?,l}q„l}}.lllffs.>.eS—t‘

178 2137 249 2184 36
403 2132 532 2183 Exin
568 2110 1337 2197 prompi‘uffi‘EflB‘ff'ffi‘fil‘tbruin
1389 2129 1576 2179 intimis
1632 2129 1891 2194 questibus
1945 2133 2158 2196 tege-ao

264 2223 422 2274 batur.
498 2222 771 2273 Incedebat
806 2221 937 2272 enim
977 2221 1251 2272 deterrimo
1282 2220 1462 2286 cuique
1502 2218 1706 2271 licentia
1743 2220 1944 2286 impune
1969 2236 2096 2286 pro-

266 2315 357 2365 bra
396 2319 445 2364 et
481 2312 721 2363 invidiam
755 2313 804 2362 in
841 2313 1005 2364 bonos
1046 2311 1302 2363 excitandi
1335 2315 1545 2386 {EPHQ
1569 2310 1796 2382 ¹ium-agine
1812 2311 2093 2383 „Caesa-3133
2148 2304 2189 2353 *k

264 2403 531 2470 libertique
580 2403 729 2454 etiarn
780 2419 840 2454 ac
891 2403 1027 2454 servi
1081 2383 1437 2468 patrono‘vel
1493 2401 1700 2452 domino
1755 2417 1867 2451 cum
1910 2382 2091 2464 ilices,

266 2509 376 2550 cum
438 2509 612 2545 manus
671 2494 1004 2557 intentarent,
1070 2493 1201 2544 ultro
1261 2491 1626 2543 metuebantur.
1722 2491 1880 2558 Igitur
1939 2491 2093 2542 Gaius

272 2671 274 2673 ,
383 2632 423 2673 2.
459 2630 627 2672 discidii
671 2632 731 2683 M,
789 2644 874 2671 non
916 2631 1094 2673 dissidii.
1217 2630 1497 2672 oblitereretur
1529 2631 1582 2673 Μ.
1705 2630 1745 2672 5.
1787 2629 2010 2685 princibus
2037 2629 2092 2671 Μ.

271 2690 337 2732 to.
372 2690 511 2730 sentia
542 2690 597 2731 M.
702 2692 768 2733 12.
805 2690 865 2733 M.
902 2690 955 2732 M.
1054 2692 1120 2734 13.
1152 2705 1232 2748 pro
1268 2689 1439 2732 consule
1471 2689 1539 2742 M,
1583 2702 1670 2731 non
1697 2688 1945 2744 proconsul.
2027 2689 2092 2731 17.

266 2748 417 2789 Seiani
439 2747 704 2790 Beroaldus:
739 2749 778 2791 M
810 2764 854 2790 se
890 2750 992 2792 iam.
1091 2751 1157 2793 19.
1191 2750 1296 2792 haut
1325 2751 1458 2791 iustus
1479 2750 1544 2791 M:
1578 2749 1768 2790 correxit
1799 2746 1887 2789 lae.
1923 2747 2095 2790 Grono-

266 2807 408 2906 Xi4usb
439 2806 678 2906 {ernaldus
707 2807 823 2849 adul.
849 2809 1017 2849 auditus
1039 2816 1113 2852 est.
1177 2810 1248 2853 20.
1272 2809 1642 2864 Eaeimpromptum
1668 2808 1720 2850 M.
1784 2807 2023 2861 quaestibus
2038 2807 2093 2849 M.

354 2974 458 3031 Cap.
484 2977 555 3020 36.
602 2979 711 3033 quod
738 2979 962 3022 multorum
977 2981 1136 3022 intimis
1313 2979 1445 3021 Gaius
1486 2979 1652 3022 Cestius
1682 2986 1880 3022 senator:
1925 2978 2098 3021 Cestius

267 3036 503 3088 quaestibus
527 3038 771 3093 tegebatur:
807 3039 1008 3096 intellige
1025 3054 1136 3095 que-
1221 3045 1421 3093 praetura
1483 3045 1556 3081 aut
1618 3040 1847 3081 consulatu
1908 3038 2097 3080 nondum

268 3092 379 3135 retas
405 3095 458 3137 dc
482 3108 615 3150 pravo
632 3110 750 3139 more
767 3099 880 3152 apud
901 3098 1136 3141 familiares
1224 3099 1399 3140 stinctus
1431 3098 1577 3139 addito
1603 3099 1780 3138 nomine
1812 3099 2025 3139 senatoris
2053 3102 2099 3138 ut

268 3152 456 3205 prolatas
495 3155 570 3197 sed
615 3163 731 3198 metu
774 3156 916 3199 adhuc
949 3159 1135 3199 invicem
1223 3169 1334 3198 unus
1366 3157 1419 3198 de
1451 3157 1598 3197 multis
1632 3155 1676 3195 in
1711 3162 1887 3196 senatus
1911 3155 2097 3196 consilio

269 3216 419 3252 tectas.
502 3214 726 3256 deterrimo
759 3217 907 3271 cuique
939 3217 1138 3258 licentia.-
1224 3215 1480 3256 ostenditur.
1545 3213 1672 3254 Gonf.
1707 3214 1723 3254 Ι
1755 3215 1824 3265 75,
1863 3213 1899 3254 11
1931 3214 2002 3264 27,
2037 3213 2098 3254 lv

269 3268 438 3311 dativus
480 3272 639 3324 pendet
672 3288 695 3314 a
727 3277 901 3316 nomine
944 3275 1135 3317 licentia:
1224 3275 1304 3323 131,
1355 3273 1409 3313 vt
1442 3274 1464 3314 7
1499 3278 1541 3312 et
1572 3271 1652 3322 38,
1701 3272 1756 3312 xt
1789 3274 1870 3322 35,
1916 3270 1992 3312 xli
2023 3274 2095 3322 42,

271 3340 354 3367 non
388 3342 408 3369 a
443 3330 576 3371 verbo
608 3333 830 3374 incedebat
873 3334 960 3389 (die
991 3334 1136 3388 mmet-
1225 3331 1319 3372 xnl
1366 3334 1431 3374 10.
1497 3330 1589 3371 Liv.
1638 3330 1672 3371 V
1723 3333 1797 3373 12:
1857 3331 1925 3371 vir
1967 3329 2098 3371 mellis

270 3388 356 3428 cose
403 3388 585 3429 Freilteit
628 3392 742 3431 eines
774 3393 907 3442 J'eclen
954 3393 1138 3434 Nieder-
1223 3398 1322 3430 ante
1354 3390 1584 3430 honoribus
1615 3403 1741 3441 usus,
1787 3397 1904 3431 vetus
1937 3396 2098 3431 tantum

270 3447 557 3504 tractactyen„
606 3450 721 3491 conl'.
767 3450 820 3490 ad
860 3451 875 3492 1
923 3452 965 3493 3.
1030 3451 1139 3492 Boni
1222 3455 1411 3491 senator.
1445 3449 1546 3490 Sine
1573 3447 2097 3503 causaottenditmpsius,

269 3506 341 3560 qui
382 3509 524 3547 statim
570 3509 865 3561 nominantur,
907 3509 1138 3563 optimates
1225 3509 1326 3548 item
1348 3507 1537 3548 l'ichcna
1568 3508 1609 3548 in
1644 3508 1823 3550 eandem
1855 3506 2097 3548 dubit-atio-

270 3569 368 3607 sunt
401 3571 445 3608 et
476 3580 706 3623 proceres,
739 3567 816 3611 sed
849 3568 978 3611 iidem
1012 3566 1138 3609 bonis
1223 3579 1320 3609 nem
1377 3566 1430 3609 de
1488 3567 1675 3609 veritate
1723 3566 1856 3610 additi
1909 3567 2098 3609 nominis

271 3624 460 3667 moribus
492 3626 746 3670 laudabiles
1221 3633 1396 3670 senator
1422 3631 1598 3671 tractus.
2024 3647 2026 3649 ·
