2280 4004
218 290 279 331 68
948 284 1241 329 ANNALIVM
1790 297 1831 328 a.
1863 296 1908 331 u.
1940 283 2044 330 768.

217 435 391 484 vastas
426 431 558 483 inter
593 430 822 497 paludeS,
861 434 911 482 et
946 430 1199 496 quondam
1236 446 1264 481 a
1295 428 1452 481 Lucio
1482 427 1703 480 Domitio
1741 434 2046 498 aggeratus3

222 528 392 575 cetera
430 522 641 587 limosa,
701 522 901 574 tenacia
935 523 1082 589 gravi
1123 535 1284 574 caeno
1335 525 1419 572 aut
1471 521 1595 573 rivis
1640 521 1835 573 incerta
1873 526 2047 586 erant3

221 615 413 666 circum
454 615 614 667 silvae
651 612 892 680 paulatim
930 613 1174 679 adclives,
1219 628 1343 679 quas
1379 618 1481 664 tum
1507 612 1766 664 Arminius
1806 612 2046 678 implevit,

224 706 538 772 compendiis
572 705 768 757 vlarum
805 709 854 756 et
887 705 987 756 cito
1008 699 1228 774 'agmine
1267 709 1500 756 onustum
1533 704 1753 756 sarcinis
1792 704 2050 770 armisque

183 797 429 850 smilitem
467 812 578 848 cum
616 796 976 849 antevenisset.
1052 797 1305 849 Caecinae
1343 796 1588 848 dubitanti
1629 811 1849 863 quonam
1894 795 2048 847 modo

219 894 394 955 ruptos
419 894 668 941 vetustate
697 893 878 955 pontes
911 893 1186 955 reponeret
1221 887 1469 954 simulque
1491 887 1811 954 propulsaret
1831 887 2046 951 hostem,

222 984 390 1032 castra
424 981 603 1031 metari
652 980 704 1030 in
738 980 854 1032 loco
893 980 1110 1047 placuit,
1163 984 1218 1030 ut
1255 995 1380 1047 opus
1419 985 1469 1031 et
1511 980 1596 1031 alii
1631 979 1879 1046 proelium
1917 977 2053 1028 inci-

153 1074 411 1137 *perenn
487 1072 696 1123 Barbari
737 1072 1063 1139 perfringere
1104 1072 1348 1123 stationes
1400 1085 1557 1137 seque
1602 1070 1795 1122 inferre
1827 1069 2136 1121 munito-64

169 1158 176 1211 .’
218 1162 359 1214 ribus
410 1163 514 1235 nisi
562 1164 846 1228 lacessunt,
904 1163 1399 1231 circumgrediuntur
1449 1167 1738 1214 occursant.
1811 1161 2054 1214 Miscetur

156 1273 205 1310 ιο
221 1255 536 1320 operantium
569 1255 964 1322 bellantiumque
995 1256 1202 1307 clamor.
1275 1256 1337 1307 Et
1376 1260 1556 1306 cuncta
1591 1254 1785 1322 pariter
1809 1252 2051 1305 Romanis

221 1345 471 1411 adversa,
514 1346 659 1398 locus
696 1347 889 1414 uligine
923 1347 1204 1413 profunda,
1256 1347 1390 1398 idem
1428 1346 1491 1397 ad
1533 1345 1746 1414 gradum
1782 1344 2050 1409 instabilis,

217 1437 615 1504 procedentibus
655 1437 908 1502 lubricus,
951 1452 1167 1503 corpora
1204 1438 1382 1504 gravia
1419 1437 1619 1502 lvoricis3
1661 1451 1827 1504 neque
1863 1436 2054 1487 librare

218 1528 321 1595 pila
361 1528 494 1580 inter
529 1528 693 1580 undas
724 1533 975 1594 poterant.
1051 1529 1239 1579 Contra
1263 1528 1535 1579 Cheruscis
1559 1532 1702 1579 sueta
1743 1527 1874 1593 apud
1906 1525 2057 1593 palu-

222 1619 313 1671 des
366 1620 592 1687 proelia,
649 1635 866 1693 procera
917 1619 1179 1691 membra,
1232 1619 1408 1671 hastae
1450 1619 1684 1686 ingentes
1732 1618 1795 1669 ad
1843 1617 2055 1669 vulnera

159 1711 459 1764 ‘ir-facienda
489 1712 717 1778 quamvis
741 1690 935 1778 procul.
995 1712 1110 1764 Nox
1145 1711 1342 1763 demum
1376 1711 1666 1762 inclinantis
1691 1710 1791 1760 iam
1822 1709 2054 1777 legiones

222 1803 472 1855 adversae
511 1819 712 1871 pugnae
753 1805 953 1856 exemit.
1031 1804 1269 1856 Germani
1310 1804 1374 1855 ob
1405 1818 1651 1871 prospera
1687 1803 1951 1868 indefessi,
1989 1817 2056 1854 ne

221 1900 325 1946 tum
362 1896 564 1962 quidem
594 1901 788 1962 sumpta
831 1896 1016 1962 quiete,
1058 1901 1294 1962 quantum
1329 1911 1569 1962 aquarum
1608 1896 1798 1946 circum
1834 1907 2058 1962 surgen-

222 1986 356 2037 tibus
394 1986 531 2054 iugis
573 1987 761 2052 oritur,
810 1991 1014 2038 vertere
1055 1987 1108 2037 in
1146 1987 1399 2050 subiecta3
1464 1976 1730 2052 mersaque
1767 1986 1948 2050 humo,
2006 1988 2058 2036 et

225 2078 407 2128 obruto
442 2077 577 2144 quod
610 2077 844 2130 effectum
873 2078 1061 2144 operis,
1100 2078 1382 2144 duplicatus
1406 2078 1550 2129 militi
1585 2077 1747 2128 labor.
1821 2075 2060 2138 Quadra-

156 2186 210 2223 πο
224 2169 473 2236 gesimum
492 2169 543 2220 id
571 2169 875 2236 stipendium
891 2170 1111 2221 Caecina
1133 2170 1347 2237 parendi
1368 2175 1452 2222 aut
1474 2168 1793 2236 imperitandi
1819 2167 2055 2232 habebat,

223 2261 562 2312 secundarum
611 2261 1061 2328 ambiguarumque
1110 2276 1279 2313 rerum
1327 2262 1498 2313 sciens
1553 2276 1717 2327 eoque
1779 2259 2056 2311 interritus,

225 2351 384 2418 Igitur
420 2352 585 2403 sutura
611 2351 825 2403 volvens
853 2366 956 2403 non
993 2351 1128 2402 aliud
1163 2351 1387 2417 repperit
1415 2365 1561 2417 quam
1594 2356 1648 2402 ut
1683 2351 1880 2403 hostem
1915 2349 2058 2402 silvis

349 2508 386 2548 1.
422 2505 473 2548 L.
510 2506 564 2548 M.
659 2506 699 2548 7.
730 2505 946 2562 praelium
981 2506 1053 2549 Or.
1146 2505 1189 2549 8.
1233 2507 1350 2561 sequi
1380 2506 1434 2548 M.

230 2567 298 2608 12.
333 2565 519 2606 liberare
551 2565 606 2606 M.
674 2567 742 2608 13.
777 2573 878 2622 aput
909 2566 965 2608 M.
1033 2565 1100 2608 14.
1129 2565 1297 2621 proelio
1330 2566 1384 2608 M.

226 2632 313 2666 tam
344 2625 399 2678 M,
433 2626 477 2665 in
510 2637 597 2680 mg.
631 2625 732 2666 iam.
819 2625 886 2667 19.
922 2639 1000 2680 quo
1035 2625 1242 2680 defectum
1273 2625 1327 2667 M.

1527 2506 1569 2549 9.
1603 2506 1688 2548 nisi
1718 2506 1784 2559 M,
1818 2518 1905 2548 non
1937 2506 2058 2548 nissi.

1478 2565 1599 2607 haste
1631 2566 1686 2607 M.
1764 2567 1832 2609 15.
1867 2565 1974 2609 Mox
2003 2565 2058 2608 M.

1399 2627 1470 2670 22.
1505 2624 1614 2667 aliut
1642 2625 1697 2667 M.

315 2766 420 2823 Cap.
446 2768 517 2812 64.
579 2770 807 2822 lacessunt,
832 2771 1099 2826 circumgre-

227 2828 402 2869 diuntur
434 2836 690 2871 occursant:
735 2831 946 2871 orationis
990 2829 1100 2872 haec

225 2887 366 2928 forma
397 2893 444 2927 ut
464 2890 585 2929 notio
607 2889 729 2930 verbi
755 2889 970 2931 lacessunt
988 2889 1100 2930 duo-

226 2945 306 2986 hus
340 2949 570 3000 oppositiS,
639 2949 1025 3003 'rcumyrediuntur
1058 2955 1101 2991 et

226 3013 480 3059 occursant,
525 3020 605 3048 auc
684 3007 940 3049 definiatur:
991 3008 1100 3050 haec

228 3065 368 3119 igitur
402 3070 444 3106 et
486 3067 694 3107 coniunxi
736 3066 908 3108 sublata
941 3067 1099 3108 distin-

229 3125 376 3165 ctione
410 3130 452 3166 et
479 3125 621 3178 posita
643 3132 741 3180 post
774 3126 989 3167 lacessunt
1022 3140 1100 3167 ea-

229 3183 327 3225 dem
360 3196 385 3224 a
416 3184 553 3226 verbo
587 3198 848 3242 praegresso
882 3187 1098 3239 separavi.

226 3242 334 3284 Nam
387 3242 558 3285 barbari
601 3246 740 3299 primo
793 3246 1004 3287 stationes
1058 3250 1101 3286 et

228 3303 470 3344 munitores
505 3303 797 3357 lacessebant,
833 3304 961 3346 modo
995 3316 1100 3359 pro-

230 3368 455 3403 cursantes
499 3363 626 3405 modo
661 3364 882 3415 cedentes,
925 3371 1014 3405 tum
1060 3365 1102 3404 in

228 3426 400 3474 tergum
434 3422 561 3464 simul
597 3429 640 3464 et
672 3425 714 3464 in
738 3423 927 3466 frontem
960 3426 1104 3477 impe-

229 3484 319 3518 ium
365 3479 617 3522 direxerunt
668 3483 1105 3540 (circumqrediuntur

231 3544 494 3594 occursant).

318 3609 453 3650 neque
495 3597 657 3639 librare
697 3601 791 3655 pila
821 3603 936 3643 inter
966 3600 1104 3642 undas

224 3660 452 3715 poterant.-
511 3656 602 3714 pila
646 3661 968 3714 tantummodo,
1017 3671 1105 3703 non

1186 2769 1350 2824 hastae,
1384 2775 1702 2811 memorantur:
1752 2771 1913 2824 quippe
1946 2767 2071 2811 Cae--

1186 2830 1312 2871 cinae
1358 2829 1521 2871 milites
1569 2830 1745 2870 nonnisi
1800 2828 2060 2885 legionarii,

1186 2891 1259 2944 qui
1294 2889 1375 2930 hac
1407 2894 1553 2931 aetate
1573 2888 1709 2943 pilani
1743 2899 1917 2930 omnes:
1949 2887 2061 2929 socii

1185 2961 1291 2990 vero
1356 2948 1493 2990 hastis
1557 2954 1602 2990 et
1663 2947 1830 3003 spathis
1891 2948 2060 2989 armati.

1187 3006 1313 3049 Conf.
1358 3007 1394 3049 11
1441 3011 1522 3051 14:
1578 3022 1660 3049 nec
1706 3008 1817 3049 enim
1859 3007 2065 3048 immensa

1186 3067 1470 3107 barbarorum
1503 3074 1648 3119 scuta,
1699 3067 1885 3108 enormis
1916 3065 2064 3107 hastas

1186 3151 1240 3157 —
1263 3126 1444 3181 perinde
1470 3125 1623 3166 haberi
1646 3139 1771 3179 quam
1785 3124 1880 3180 pila
1904 3132 1943 3166 et
1961 3124 2062 3180 yla-

1186 3185 1277 3225 dios
1311 3192 1348 3226 et
1379 3185 1608 3226 haerentia
1649 3185 1823 3240 corpori
1861 3185 2061 3239 teymina.

1189 3243 1470 3286 Germanicus
1495 3256 1547 3285 eo
1583 3243 1683 3285 loco
1705 3243 1944 3285 Romanum
1978 3244 2063 3284 mi-

1190 3303 1311 3345 litem
1339 3303 1579 3358 alloquitur
1613 3315 1757 3358 eoque
1785 3315 1902 3344 arma
1935 3301 2064 3343 huius

1190 3363 1284 3404 sola
1307 3369 1631 3404 commemorat.
1679 3361 1753 3404 XII
1774 3363 1854 3405 35:
1876 3363 1916 3403 si
1932 3361 2064 3402 auai-

1191 3421 1372 3464 liaribus
1405 3423 1652 3464 resisterent
1669 3421 1930 3477 (Britanni),
1962 3418 2063 3475 yla-

1192 3482 1272 3522 diis
1305 3487 1343 3522 et
1371 3482 1472 3537 pilis
1505 3481 1867 3537 leqionariorum,
1915 3479 1953 3519 si
1983 3477 2065 3518 huc

1191 3548 1420 3594 verterent
1455 3542 1617 3596 spathis
1641 3546 1679 3581 et
1710 3539 1843 3580 hastis
1868 3536 2064 3578 auxilia-

1190 3602 1302 3642 rium
1333 3600 1646 3642 sternebantur.
1712 3597 1810 3638 xlv
1841 3596 1924 3639 36:
1961 3595 2065 3652 pitis

1191 3660 1376 3714 emissis,
1424 3665 1523 3718 post
1560 3656 1807 3701 umbonibus
1838 3662 1878 3701 et
1906 3654 2064 3717 qladiis
