2280 4004
281 262 372 308 2³8
1041 254 1333 300 ANNALIVM
1854 267 1900 300 a.
1915 253 1974 302 ἵε.
1999 252 2108 305 8153

282 410 447 458 turum
485 404 668 468 bonoS,
709 401 1120 454 consociaturum
1157 400 1395 452 audaces.
1468 398 1666 453 Nullum
1703 399 1906 454 interim
1942 400 2114 456 imbet-

286 497 422 549 dium
455 492 841 561 aspernandum.
883 492 934 545 Si
960 492 1227 560 sexaginta
1251 491 1436 543 milites
1461 496 1562 555 (tot
1588 491 1723 544 enim
1747 491 2112 560 adveniebant)

284 586 619 655 propulisset,
686 584 802 635 dum
850 583 1071 635 refertur
1117 583 1320 635 nuntius
1355 583 1578 650 Neroni,
1648 583 1764 635 dum
1799 597 1977 636 manus
1996 575 2113 637 'alia

286 681 540 744 permeat,
603 675 755 728 multa
803 681 1039 728 secutura
1081 689 1211 742 quae
1249 675 1476 742 adusque
1524 675 1709 728 bellum
1745 667 2111 728 evalescerent.

247 769 516 835 sDenique
563 771 647 821 aut
684 766 895 819 salutem
950 766 1038 818 tali
1085 764 1307 840 'consilio
1353 767 1558 833 quaeri,
1618 771 1702 819 aut
1741 767 1868 819 nihil
1898 767 2114 836 gravius
2178 766 2193 806 '-

288 859 495 912 audenti
536 873 684 926 quam
721 859 912 926 ignavo
948 858 1237 925 patiendum
1278 873 1409 910 esse.
1509 857 1609 910 Sed
1644 858 1867 910 Plautum
1904 874 1966 910 ea
1995 862 2203 914 non59

287 966 513 1016 movere,
556 951 666 1003 sive
694 950 880 1002 nullam
916 964 1062 1017 opem
1088 950 1391 1018 providebat
1426 949 1636 1002 inermis
1673 954 1822 1017 atque
1859 948 1992 1016 exul,
2027 964 2120 1002 seu

286 1043 460 1095 taedio
500 1042 768 1110 ambiguae
802 1042 928 1108 spei,
962 1057 1026 1093 an
1067 1057 1241 1093 amore
1278 1042 1512 1109 coniugis
1542 1046 1592 1093 et
1616 1041 1909 1108 liberorum,
1936 1040 2118 1108 quihus

288 1134 668 1201 placabiliorem
689 1133 802 1186 fore
821 1132 1099 1200 principem
1117 1134 1324 1185 rebatur
1337 1133 1471 1184 nulla
1497 1133 1838 1185 sollicitudine
1853 1133 2119 1186 turbatum.

221 1237 277 1279 so
292 1226 416 1280 Sunt
451 1226 534 1293 qui
573 1224 702 1287 alios
738 1241 765 1276 a
805 1239 990 1277 socero
1028 1225 1230 1276 nuntios
1261 1225 1466 1276 venisse
1498 1225 1679 1290 ferant,
1707 1229 1959 1291 tamquam
1994 1224 2122 1276 nihil

292 1323 440 1370 atrox
478 1317 790 1381 immineret3
851 1316 1192 1382 doctoresque
1240 1316 1551 1382 sapientiae,
1610 1317 1884 1367 Cornutum
1921 1315 2121 1381 Graeci,

290 1409 574 1463 Musonium
612 1409 762 1460 Tusci
796 1409 1022 1476 generiS,
1061 1409 1398 1459 constantiam
1438 1407 1782 1474 opperiendae
1817 1407 1997 1459 mortis
2028 1421 2122 1474 pro

291 1502 487 1553 incerta
543 1506 593 1553 et
645 1500 844 1566 trepida
903 1500 1005 1551 vita
1060 1499 1303 1551 suasisse.

413 1669 455 1712 2
489 1667 814 1724 aspernantium
837 1665 919 1718 Μ3,
955 1667 1218 1722 aspernante
1245 1667 1298 1709 G·
1335 1679 1446 1710 cor.r
1478 1667 1759 1710 Puteolanus.

1135 1727 1175 1773 6.
1202 1727 1394 1769 audienti
1416 1726 1505 1769 Μ3.

231 1694 239 1698 -
294 1725 375 1780 Μ3
398 1726 586 1782 adusque
618 1726 666 1768 G.
747 1728 788 1770 5.
822 1726 959 1767 nichil
983 1725 1062 1769 Μ3.

300 1788 368 1830 10.
404 1794 609 1841 tanquam
645 1785 726 1828 Μ3.
819 1786 957 1827 nichil
993 1785 1074 1828 Μ3.

298 1846 332 1889 G
361 1858 431 1888 om
470 1846 705 1888 Cornutum
736 1871 792 1878 -
826 1847 1014 1902 generis.

299 1999 354 2031 ex
373 1994 589 2044 sequente
612 1995 896 2046 reperturum.
958 1989 1172 2045 Equidem

299 2050 379 2091 otii
425 2061 584 2091 nomen
616 2049 874 2104 perturbato
927 2049 1169 2091 litterarum

298 2108 467 2161 ordine,
488 2114 535 2149 ut
555 2121 688 2163 saepe
717 2114 945 2162 peccatum
974 2110 1018 2150 in
1045 2114 1171 2150 utro-

298 2181 384 2223 que
405 2167 620 2221 MediceO,
642 2182 696 2210 ex
723 2175 855 2210 tutum
879 2169 1044 2224 (uttum,
1070 2168 1172 2211 inde

297 2228 434 2269 utium
458 2228 554 2269 sive
587 2229 736 2282 otium)
760 2229 995 2270 emersisse
1025 2228 1172 2270 credi..

301 2285 454 2328 derim.
517 2286 616 2328 Duo
638 2287 791 2329 Plauto
816 2287 1032 2341 speranda
1064 2299 1171 2342 pro-

298 2351 535 2401 ponuntur,
557 2352 631 2388 aut
653 2353 786 2388 tutum
806 2348 1036 2403 suffugium
1059 2347 1173 2401 apud

300 2407 495 2458 amicos,
545 2411 620 2447 aut
665 2405 857 2448 defectio
903 2420 927 2448 a
972 2408 1172 2461 principe

302 2478 399 2507 cum
432 2465 655 2508 nobilibus
697 2466 854 2524 (bonis)
901 2466 955 2507 ad
986 2468 1172 2508 misera-

299 2526 465 2567 tionem
498 2526 708 2579 permotis
742 2531 785 2566 et
818 2525 1057 2567 audacibus
1090 2525 1172 2566 du-

302 2597 397 2625 cem
446 2585 631 2637 partium
691 2587 907 2626 secuturis
957 2584 1170 2626 audenda.

301 2643 349 2684 In
385 2641 539 2684 codice
573 2642 606 2684 G
639 2656 690 2684 ea
740 2643 874 2684 verba
917 2644 980 2684 sic
1014 2643 1172 2684 distin-

303 2706 520 2758 guuntur:
541 2702 767 2757 Effuyeret
784 2716 958 2758 seynem
982 2709 1171 2755 mortem,

302 2761 460 2802 otium:
484 2762 737 2817 suffugium:
758 2767 800 2803 et
818 2762 966 2818 maqni
989 2762 1174 2802 nominis

301 2821 648 2861 miserationem:
693 2828 851 2876 repert.
922 2819 1174 2863 Waltherus

304 2880 415 2920 haec
466 2879 692 2920 exhibuit:
749 2881 954 2935 efflcqeret
1004 2894 1175 2935 scynem

302 2944 493 2990 mortem,
516 2938 675 2979 *otium
698 2940 940 2994 suffuqium,
966 2947 1004 2981 et
1027 2941 1176 2995 maqni

303 2997 488 3038 nominis
518 2998 862 3039 miserationem:
907 3006 1175 3054 reperturum

305 3062 389 3099 cet.
451 3055 707 3098 Bekkerus:
759 3058 962 3114 effuyeret
1005 3071 1175 3113 seynem

302 3123 494 3168 mort-em,
521 3117 664 3168 otium,
684 3117 926 3172 suffuqium,
959 3123 998 3157 et
1030 3119 1176 3172 magni

302 3175 490 3216 nominis
508 3176 782 3217 miseratione
801 3182 1069 3232 reperturum
1087 3183 1171 3218 cet.

304 3235 485 3276 lacobus
501 3249 511 3275 t
533 3235 674 3276 odium
692 3236 918 3292 suffuyium
937 3241 1021 3277 cet.
1041 3235 1174 3290 Seyf-

305 3294 468 3335 sertus:
503 3295 646 3348 otium,
668 3296 896 3351 suffuyium
923 3296 1071 3350 maqni
1092 3308 1175 3335 no-

304 3354 431 3395 minis
464 3380 516 3386 —
551 3360 821 3410 reperturum
852 3354 967 3410 apud
998 3355 1141 3396 bonos.

395 3414 740 3469 aspernandum.-
782 3413 899 3469 quod
932 3419 999 3456 est
1030 3414 1074 3455 in
1108 3412 1173 3455 Μ3

306 3474 646 3526 aspernantium,
672 3474 767 3514 eius
791 3473 914 3514 verbi
946 3474 1088 3515 exitus
1121 3472 1172 3514 ad

309 3530 638 3574 similitudinem
684 3533 990 3586 praecedentis
1035 3533 1176 3575 subsi-

309 3589 422 3629 dium
474 3602 570 3644 per.
609 3591 943 3652 imprudentiam
998 3592 1176 3633 confor-

308 3653 447 3687 matus
484 3655 563 3691 est.

1422 1498 1668 1565 Repertus
1722 1502 1800 1551 est
1847 1503 1987 1552 certe
2033 1512 2127 1566 per

1835 1667 1879 1711 4.
1912 1665 1972 1708 ad
1999 1677 2129 1722 usque

1541 1727 1574 1769 G
1595 1728 1786 1770 audenti.
1847 1726 1892 1770 8.
1915 1725 2026 1769 tedio
2045 1723 2126 1773 Μ3.

1173 1789 1241 1829 11.
1281 1789 1513 1830 Cornutum
1557 1787 1722 1829 editor.
1770 1785 1836 1828 Μ3
1867 1787 2125 1830 Coeranum.

1112 1848 1234 1903 yreci
1264 1846 1344 1889 Μ3.

1443 1848 1510 1890 13.
1544 1849 1657 1889 uitas
1687 1848 1848 1888 uasisse
1878 1844 1960 1889 Μ3.

1380 1988 1485 2043 Cap.
1534 1989 1605 2032 59.
1680 1990 1915 2032 Cornutum
1955 1990 2128 2045 Graeci,

1261 2048 1506 2090 Musonium
1544 2048 1665 2090 Tusci
1705 2051 1901 2104 generis.-
1953 2049 2129 2092 codices

1259 2108 1405 2163 priore
1437 2107 1536 2149 loco
1563 2108 1806 2151 Coeranum
1837 2121 1914 2164 pro
1937 2109 2128 2152 Cornuto

1259 2167 1494 2223 praebent,
1541 2166 1760 2210 hominem
1792 2181 1968 2223 prorsus
2000 2170 2130 2212 inco-

1260 2228 1458 2283 gnitum,
1509 2227 1592 2268 nisi
1626 2228 1743 2283 quod
1783 2228 1898 2284 apud
1942 2227 2128 2271 Plinium

1261 2286 1373 2328 libro
1398 2285 1415 2327 1
1447 2287 1492 2327 in
1514 2287 1765 2330 auctoribus
1785 2289 1995 2341 externiS,
2014 2288 2130 2332 unde

1260 2345 1361 2387 libri
1403 2345 1440 2387 11
1480 2348 1706 2388 materiam
1746 2346 1826 2389 ille
1867 2348 2128 2403 sumpserit,

1262 2403 1454 2446 Ceranus
1485 2418 1572 2446 non
1604 2408 1747 2447 minus
1779 2407 1956 2463 ignotus
1984 2407 2130 2450 refer-

1261 2471 1344 2517 tur,
1379 2465 1492 2518 apud
1525 2478 1653 2520 quem
1686 2465 1922 2522 legendum
1955 2466 2131 2509 videtur

1262 2523 1447 2566 Euclide
1489 2525 1713 2580 Megarico
1756 2525 2006 2583 philosopho
2051 2537 2128 2581 pro

1260 2582 1462 2635 Euclide,
1483 2583 1654 2625 Cerano
1671 2583 1938 2642 philosopho.
1975 2585 2129 2641 Neque

1259 2653 1366 2683 vero
1419 2643 1636 2684 Claranus
1686 2656 1822 2685 senex
1881 2658 1906 2686 a
1961 2645 2130 2687 Seneca

1259 2701 1398 2754 Epist.
1432 2701 1489 2743 66
1523 2701 1723 2743 laudatus
1760 2702 1853 2744 ullo
1887 2703 2015 2745 modo
2049 2703 2128 2745 ad-

1259 2761 1372 2801 mitti
1414 2759 1499 2802 huc
1550 2766 1719 2815 potest,
1771 2761 1843 2804 vel
1885 2769 2128 2817 temporum

1260 2820 1431 2861 rat-ione
1464 2819 1707 2862 obnitente.
1759 2821 1843 2863 Sed
1877 2827 1921 2864 et
1941 2822 2128 2865 Musunii

1261 2879 1426 2921 amicus
1478 2885 1522 2920 ct
1570 2880 1712 2921 clarus
1763 2881 1931 2923 stoicae
1981 2886 2129 2924 sectae

1261 2944 1414 2979 auctor
1482 2939 1565 2980 suit
1627 2940 1834 2982 Annaeus
1897 2940 2126 2984 Cornutus.

1262 2997 1443 3040 Suidas.
1471 3000 1757 3055 Κορνοῦτος,
1772 3002 2129 3072 Λεπτίῖης,ᾳι-

1261 3055 1469 3115 λόσοφος
1503 3058 1545 3113 (j
1581 3058 1630 3101 δὲ
1659 3062 1838 3127 ΓΔεπτῑς
1875 3058 2008 3109 πόλις
2035 3063 2130 3104 Λι-

1263 3116 1417 3174 βυης),
1491 3132 1700 3175 ρεγονως
1755 3120 1804 3162 ἐν
1849 3118 1994 3191 Ῥωμη
2052 3121 2130 3164 ἐπὶ

1263 3180 1511 3231 Νέρωνος,
1548 3180 1627 3218 καὶ
1663 3172 1781 3234 πρὸς
1814 3175 1955 3222 αὐτοῦ
1989 3178 2127 3222 ‹fuan-

1265 3238 1419 3289 ρεθεὶς
1472 3239 1583 3290 (non
1631 3236 1827 3279 sublatus
1868 3237 1945 3279 sed
1993 3237 2127 3279 exilio

1262 3293 1467 3335 multatus
1502 3298 1590 3351 est)
1628 3290 1715 3340 σὺν
1753 3297 1817 3354 τῷ
1839 3301 2125 3370 Μουσωνίῳ.

1263 3355 1443 3412 ἔγραψε
1489 3354 1538 3397 δὲ
1587 3347 1733 3425 nono}
1788 3355 2035 3414 φιλόσοφᾶ
2081 3368 2128 3399 τε

1262 3417 1338 3455 καὶ
1376 3413 1613 3481 ῥητορικά.
1668 3414 1714 3455 In
1748 3414 1927 3456 exilium
1969 3415 2125 3456 missus

1263 3479 1328 3514 est
1360 3486 1383 3514 a
1415 3472 1589 3514 Nerone
1625 3486 1648 3513 a
1680 3473 1737 3516 65
1765 3473 1898 3530 (818)
1922 3485 2016 3515 cum
2048 3484 2124 3514 so-

1262 3532 1346 3573 dali
1390 3544 1468 3574 suo
1515 3532 1727 3574 Musonio.
1811 3532 1894 3573 Dio
1924 3530 2123 3575 th129

1262 3591 1412 3646 ibique
1445 3591 1700 3643 Reimarus,
1735 3589 1905 3632 Tacitus
1938 3589 2014 3631 XV
2051 3590 2122 3644 71,

1264 3648 1417 3694 Suidas
1450 3662 1484 3692 s.
1523 3662 1593 3691 vv.
1619 3646 1898 3708 Κορνοῦτος.
1918 3653 1962 3691 et·-
1989 3651 2123 3694 Mov-
