2280 4004
249 263 338 315 192
346 300 349 302 »

249 405 395 471 rique
447 404 722 456 liberorum
771 405 856 453 aut
900 407 1161 468 parentum
1213 407 1401 454 mortes
1439 400 1722 456 deflebant.

945 277 949 282 -
1000 258 1304 314 ANNALIVM

1829 273 1869 302 a.
1895 270 1947 313 π.
1976 258 2106 317 812..

1797 401 1950 453 Cuius
2004 402 2082 454 rei

250 496 491 549 iudicium
543 494 779 560 princeps
830 493 1058 558 senatui,
1113 499 1320 546 senatus
1368 493 1660 545 consulibus
1709 493 1986 560 permisit·
2024 493 2087 545 Et

250 601 426 638 rursus
462 600 519 637 re
558 585 620 636 ad
658 589 827 651 patres
862 585 1048 650 relata,
1090 586 1329 652 prohibiti
1371 586 1572 652 publice
1611 587 1663 638 in
1705 586 1884 642 decem
1923 601 2085 638 annos

252 676 501 728 eiusmodi
541 680 689 727 coetu
726 676 1033 742 Pompeiani,
1075 677 1395 745 collegiaque
1432 692 1561 743 quae
1598 683 1774 730 contra
1822 678 1965 746 leges
1988 678 2089 729 vin-

213 767 536 832 §stituerant⁷
579 766 856 832 dissoluta3
895 753 1180 835 Livineius,
1225 775 1274 820 et
1313 770 1396 835 qui
1439 769 1522 821 alii
1564 770 1867 822 seditionem
1909 770 2090 822 conci-

250 863 457 923 verant,
498 858 651 910 exilio
686 859 877 910 multati
908 864 1038 911 sunt.

392 950 557 1001 Motus
586 954 764 1001 senatu
790 955 839 1002 et
863 950 1046 1002 Pedius
1067 949 1294 1015 BlaesuS‚
1329 950 1688 1003 accusantibus
1713 951 2089 1019 Cyrenensibus
2105 957 2176 1007 18

250 1039 492 1093 violatum
543 1041 605 1092 ab
660 1055 722 1093 eo
776 1042 1067 1094 thesaurum
1104 1041 1397 1107 Aesculapii
1436 1042 1788 1110 delectumque
1824 1043 2091 1097 militarem

249 1132 413 1200 pretio
452 1138 502 1185 et
535 1133 810 1185 ambitione
847 1139 1151 1200 corruptum.

1226 1134 1382 1185 Iidem
1422 1134 1741 1201 Cyrenenses
1778 1151 1918 1186 reum
1959 1151 2090 1204 age-

190 1241 237 1286 io
251 1224 373 1275 bant
409 1224 628 1276 Acilium
663 1224 962 1277 Strabonem
983 1264 996 1290 ,
1055 1225 1311 1291 praetoria
1347 1230 1598 1291 potestate
1633 1241 1777 1278 usum
1811 1231 1860 1278 et
1883 1227 2089 1279 missum

257 1315 650 1382 disceptatorem
690 1333 718 1367 a
763 1317 973 1368 Claudio
1015 1332 1271 1384 agrorum,
1312 1332 1437 1383 quos
1474 1318 1587 1385 regi
1608 1318 1796 1384 Apioni
1837 1318 2090 1385 quondam

251 1395 453 1459 habitos
495 1412 543 1459 et
577 1407 763 1474 populo
789 1409 1018 1460 Romano
1058 1423 1168 1459 cum
1208 1423 1371 1475 regno
1409 1408 1618 1460 relictos
1655 1410 1915 1475 proximus
1948 1409 2092 1476 quis-

254 1507 352 1565 qu'e
390 1513 663 1565 possessor
698 1499 1022 1564 invaserant,
1062 1499 1354 1565 diutinaque
1395 1499 1601 1551 licentia
1640 1505 1688 1551 et
1722 1499 1907 1551 iniuria
1947 1499 2090 1566 q‘uasi

253 1589 364 1642 iure
421 1593 471 1642 et
516 1604 678 1657 aequo
725 1590 1029 1642 nitebantur.

376 1760 420 1800 4.
455 1765 579 1800 caetu
608 1757 688 1802 Ma.

258 1830 340 1861 esc.
378 1816 459 1860 Ma.
553 1818 830 1871 dilectumque
864 1817 941 1860 Ma.

257 1877 336 1920 lin.
371 1890 503 1931 super
534 1877 618 1918 litt.
657 1893 687 1919 n
718 1877 799 1920 Ma.

256 1938 371 1994 regis
403 1938 615 1994 appionis.
713 1937 780 1980 14.
813 1938 939 1979 iurae
971 1936 1052 1979 Ma.

371 2094 583 2151 prohibiti
622 2094 791 2150 publice
834 2120 890 2127 —
931 2094 1136 2136 eiusmodi

261 2161 383 2197 coetu
425 2154 698 2210 Pompeiani:
741 2167 794 2197 eo
837 2155 1019 2209 respicit
1062 2156 1133 2196 in-

262 2214 443 2268 scriptio
490 2226 576 2254 non
636 2215 698 2255 ita
751 2214 918 2269 pridem
960 2220 1135 2269 reperta

261 2272 482 2327 Pompeiis
526 2273 761 2330 (Campani
808 2274 993 2316 victoria
1044 2284 1135 2316 una

262 2348 356 2376 cum
379 2333 617 2375 Nucerinis
639 2334 832 2391 peristis)
867 2339 912 2375 et
945 2333 1061 2375 edita
1092 2335 1134 2374 in

261 2392 475 2436 Bulletino
522 2392 619 2435 dell'
665 2393 805 2436 Instit.
850 2393 974 2436 arch.
1020 2405 1133 2435 anno

265 2452 374 2496 1831
411 2464 453 2506 p.
492 2453 560 2495 11.

267 2547 269 2549 .
353 2510 458 2565 Cap.
497 2512 565 2555 18.
631 2513 771 2568 pretio
806 2519 845 2554 et
876 2513 1134 2555 ambitione:

264 2570 546 2612 ambitionem
565 2571 769 2627 intellige
781 2573 1136 2625 provincialium,

264 2631 336 2684 qui
372 2631 554 2686 gratiam
600 2631 875 2684 proconsulis
922 2632 1137 2672 ambirent

266 2695 308 2729 et
341 2690 570 2731 avaritiam
595 2695 920 2731 emercarentur
953 2690 1136 2731 militiae

263 2760 362 2790 sese
395 2748 674 2791 subtracturi.

349 2808 507 2864 populo
535 2809 733 2851 Romano
769 2822 862 2850 cum
898 2821 1031 2863 reyno
1063 2822 1139 2849 re-

263 2866 410 2909 lictos:
455 2867 615 2909 accidit
656 2867 740 2909 hoe
785 2880 896 2909 anno
943 2867 996 2909 ab
1029 2867 1137 2909 urbe

265 2926 392 2969 cond.
425 2927 527 2970 680.
574 2928 762 2981 Appian.
807 2926 856 2969 B.
894 2925 940 2967 C
975 2926 1137 2969 1111:

264 2987 347 3030 τοῦ
381 2986 418 3030 «5
453 2985 667 3035 ἐπιόντος
699 2988 857 3039 ἔιους,
899 2986 1024 3039 ἕκτης
1063 2985 1139 3043 ἑβ-

265 3045 557 3118 δοινιιηκοστῆς
588 3049 665 3088 καὶ
701 3044 951 3099 ἑκατοστῆς
973 3045 1139 3118 Ὀλυμ-

266 3086 439 3154 πιάδος
484 3104 628 3160 οὔσης
664 3105 774 3161 (176
804 3108 884 3165 ²),
924 3102 1008 3148 δύο
1049 3106 1140 3162 μὲν

268 3167 318 3208 ἐκ
339 3166 579 3217 &aequm
600 3167 712 3219 ἔθνη
727 3135 973 3225 Ῥωιιαίοις
992 3180 1138 3221 προς-

271 3229 506 3299 εγίγιετο,
538 3229 743 3270 Βιθυνία
771 3241 818 3269 τε
842 3223 1142 3283 Νικοιιὴὀους

268 3284 584 3331 ἀπολιπόντος
624 3288 703 3327 καὶ
738 3283 935 3341 Κυρήνη
958 3285 1140 3327 Πτολε-

265 3349 412 3403 μαίου
443 3345 523 3388 τοῦ
548 3345 773 3416 Λαγίδου
807 3346 1055 3399 βασιλέως,
1093 3340 1140 3388 ὃς

268 3406 421 3455 ἐπίκλη
402 3419 509 3448 rous
542 3398 596 3455 ἦν
630 3408 817 3447 Anium.
851 3403 968 3444 ldem
996 3401 1138 3443 Mithr.

342 3464 394 3505 71
443 3469 485 3504 et
535 3464 630 3504 121.
711 3462 804 3503 Liv.
839 3462 1028 3515 Epitom.
1067 3462 1138 3503 70.

266 3519 420 3562 lustin.
454 3520 630 3563 XXXIX
664 3521 704 3563 5.
777 3522 991 3562 Ammian.
1026 3518 1141 3561 XXII

271 3580 324 3622 16
358 3583 401 3632 δ.
432 3583 503 3624 24.
558 3579 739 3634 Eutrop.
765 3580 822 3621 Vl
859 3582 926 3622 11.
984 3579 1140 3622 Sextus

268 3636 408 3685 Rufus
442 3654 479 3684 c.
511 3640 579 3685 13.
630 3638 757 3684 Conf.
782 3639 937 3686 Strabo
963 3638 1083 3685 XVII
1113 3640 1140 3687 3

785 1759 826 1801 5.
862 1757 1109 1801 liuidineius
1143 1757 1220 1800 Ma.

1043 1819 1086 1861 9.
1121 1819 1215 1874 'ficio
1257 1816 1336 1860 Ma.

929 1880 997 1920 11.
1031 1879 1126 1934 reqi
1145 1876 1549 1979 Isspz'gnlivssipsius:
1584 1875 1650 1919 Ma
1679 1878 1795 1932 repis
1825 1878 2021 1934 Apionis,
2057 1876 2091 1919 G

1103 1590 1260 1658 Igitur
1311 1590 1613 1643 abiudicatis
1666 1591 1805 1659 agris
1846 1595 1962 1643 orta·
1994 1590 2092 1643 τιὰ-4

1315 1759 1355 1801 7.
1390 1758 1526 1800 blesus
1557 1756 1637 1800 Ma.

1443 1818 1556 1860 idem
1587 1816 1667 1859 Ma.

1752 1758 1832 1801 cir.
1868 1756 1946 1801 Ma.
2041 1757 2086 1801 8.

1761 1831 1960 1874 cyrenses
1992 1830 2088 1859 cum

1221 2095 1275 2138 ‘21
1312 2099 1355 2135 et
1387 2094 1443 2138 25
1476 2107 1518 2148 p.
1541 2093 1627 2137 837
1657 2099 1700 2136 et
1730 2093 1833 2138 840.
1895 2093 2093 2136 Ammia-

1220 2166 1301 2195 nus
1324 2155 1486 2195 erravit
1513 2153 1732 2195 scribens:
1755 2153 1990 2196 aridiorem
2010 2153 2093 2195 Li-

1221 2214 1344 2268 byam
1364 2227 1559 2270 supremo
1581 2212 1763 2269 Apionis
1794 2214 1908 2269 reqis
1939 2226 2093 2255 conse-

1224 2274 1310 2314 cuti
1341 2287 1484 2315 sumus
1515 2271 1719 2327 arbitrio,
1764 2271 1958 2328 Cyrenas
1999 2285 2094 2314 cum

1221 2332 1404 2374 residuis
1453 2332 1694 2374 civitatibus
1726 2331 1887 2387 Libyae
1928 2331 2092 2374 Penta-

1216 2392 1363 2448 poleos
1388 2391 1620 2433 Ptolemaei
1651 2391 1912 2434 liberalitate
1941 2405 2092 2434 susce-

1216 2452 1371 2508 pimus.
1477 2451 1658 2494 Scilicet
1721 2464 1775 2492 ex
1836 2449 2090 2492 Ptolemaeo

1221 2511 1395 2564 Apione
1417 2510 1525 2553 duos
1552 2523 1682 2567 reges
1704 2509 1919 2565 procudit.
1968 2509 2093 2551 Eun..

1223 2570 1320 2611 dem
1353 2582 1545 2611 errorem
1576 2571 1786 2624 repetivit
1809 2570 1967 2612 Sextus
1997 2569 2091 2611 Ru-

1223 2628 1292 2670 fus
1326 2628 1354 2670 l.
1390 2643 1448 2680 c.‚
1482 2641 1569 2670 non
1602 2634 1746 2670 autem
1780 2629 2086 2681 Hieronymus,

1224 2689 1297 2742 qui
1340 2688 1384 2728 in
1417 2687 1599 2729 Eusebii
1634 2686 1854 2729 Chronico
1897 2687 1977 2728 sub
2019 2686 2087 2730 01.

1227 2747 1310 2790 178
1341 2750 1393 2789 4:
1428 2746 1566 2802 Libya
1592 2761 1672 2803 per
1693 2754 1987 2789 testamentum
2016 2760 2093 2788 re-

1223 2807 1289 2862 yis
1311 2805 1494 2861 Apionis
1514 2807 1722 2849 Romanis
1754 2804 1926 2850 relicta.
1975 2804 2096 2849 Idem

1226 2865 1294 2908 Ol.
1316 2866 1426 2907 171:
1459 2864 1723 2908 Ptolemaeus
1749 2880 1828 2907 reoe
1843 2866 2094 2921 Cyrenaeo·-

1223 2940 1319 2967 rum
1352 2926 1540 2967 moriens
1584 2927 1803 2968 Romanos
1845 2931 2091 2967 testamento

1224 2984 1397 3038 reliquit
1418 2984 1610 3027 heredes.
1647 2985 1855 3027 Nimirum
1875 2983 2094 3027 Eusebius

1226 3044 1480 3112 Hieronymi
1513 3050 1666 3085 auctor
1697 3044 1750 3086 de
1775 3043 1926 3086 eadem
1959 3056 2006 3086 ie
2039 3056 2094 3085 ex

1225 3103 1359 3145 variis
1395 3102 1591 3144 fontibus
1623 3102 1806 3146 rettulit.

1310 3164 1532 3217 proximus
1572 3164 1743 3218 quisque
1770 3176 1989 3219 possessor
2018 3163 2092 3209 in·-¹

1225 3228 1452 3262 vaserant:
1495 3236 1715 3277 possessor
1765 3228 1831 3264 est
1873 3223 2092 3276 appositio

1228 3279 1314 3337 (als
1347 3280 1580 3339 Besitzer).·
1630 3295 1726 3323 nam
1770 3283 1805 3323 si
1847 3281 2092 3324 subiectum

1228 3345 1360 3392 esset,
1394 3339 1543 3381 debuit
1563 3342 1783 3383 invaserat
1815 3342 1898 3395 (ita
1930 3339 2092 3395 legitur

1227 3402 1270 3440 in
1316 3398 1412 3441 cod.
1450 3398 1482 3441 G
1525 3415 1579 3442 ex
1622 3400 1732 3442 falsa
1775 3400 2088 3454 correctione),

1224 3472 1311 3500 non
1374 3459 1653 3512 invaserant3
1714 3472 1756 3502 v.
1813 3463 1959 3500 annot.
2018 3455 2086 3499 ad.

1224 3519 1330 3575 Agr.
1364 3519 1436 3561 34.

1314 3576 1417 3632 Cap.
1445 3577 1512 3622 19.
1566 3578 1739 3620 Domitii
1756 3575 1861 3631 Afri
1880 3580 1919 3616 el
1944 3573 2090 3615 Marci

1224 3637 1426 3685 Servilii.-
1471 3637 1524 3685 de
1573 3636 1766 3683 Domitio
1807 3633 1930 3680 Afro
1970 3633 2110 3683 conf„
