2280 4004
179 1795 252 1843 66

274 286 300 323 ι
334 273 382 319 0.
415 272 486 321 2⁷.

846 271 1010 318 LlssER
1040 273 1116 319 lv.
1179 272 1286 320 Gar.
1319 273 1509 319 63-66,

2008 277 2099 326 286

270 418 458 472 tentiae
509 422 562 472 ut
603 431 749 474 mons
788 417 987 471 Caelius
1034 418 1086 469 in
1130 422 1386 484 posterum
1425 418 1690 486 Augustus
1738 419 2094 485 appellaretur,

272 509 474 576 quando
518 509 712 572 cunctis
753 509 942 563 circum
976 509 1306 576 flagrantibus
1355 509 1464 561 sola
1507 509 1695 565 Tiberii
1733 509 1959 578 effigies,
1999 511 2095 566 sita

271 601 323 652 in
364 601 515 655 domo
552 600 678 653 Iunii
728 600 1007 664 senatoriS,
1072 600 1313 652 inviolata
1362 601 1647 653 mansisset.

1740 601 1993 656 Evenisse
2042 601 2095 654 id

272 692 391 743 olim
437 691 678 745 Claudiae
712 691 926 751 Quintae
948 729 962 755 ‚
1002 691 1213 757 eiusque
1248 697 1461 744 statuam
1499 692 1600 742 vim
1637 692 1828 760 ignium
1868 692 1947 744 bis
1986 693 2096 749 ela-

269 797 410 848 psam
436 781 655 835 maiores
685 781 814 846 apud
845 782 1021 834 aedem
1049 783 1222 834 matris
1253 782 1398 835 deum
1429 784 1833 839 consecravisse.
1878 784 2134 841 Sanctoss

269 863 609 939 acceptosque
644 872 929 923 numinibus
966 873 1233 938 ClaudioS,
1296 879 1346 927 et
1396 875 1680 941 augendam
1733 875 2095 930 caerimoniam

268 963 384 1016 loco
434 963 486 1016 in
535 977 635 1029 quo
678 968 866 1015 tantum
917 964 968 1015 in
1012 964 1292 1030 principem
1341 965 1589 1017 honorem
1639 966 1689 1018 di
1750 967 2093 1021 ostenderent.

183 1053 411 1108 65Haud
458 1053 610 1105 suerit
651 1053 924 1104 absurdum
976 1055 1179 1106 tradere
1214 1060 1434 1106 montem
1474 1071 1586 1108 eum
1624 1057 1895 1122 antiquitus
1931 1058 2098 1119 Quer—

268 1144 588 1211 quetulanum
640 1149 982 1212 cognomento
1037 1145 1224 1209 fuisse,
1283 1145 1418 1211 quod
1476 1146 1590 1199 talis
1641 1147 1802 1199 silvae
1854 1148 2096 1214 frequens

266 1234 614 1304 secundusque
653 1240 779 1300 erat,
815 1250 935 1287 mox
969 1235 1192 1287 Caelium
1228 1236 1565 1301 appellitatum
1605 1251 1634 1287 a
1669 1237 1820 1289 Caele
1846 1239 2161 1305 Vibenna‚1o

265 1327 351 1394 qui
389 1326 490 1380 dux
524 1326 692 1394 gentis
732 1327 978 1381 Etruscae
1020 1343 1131 1379 cum
1180 1327 1420 1382 auxilium
1474 1327 1701 1392 tulisset,
1759 1328 1934 1380 sedem
1985 1346 2095 1383 eam

267 1422 536 1484 acceperat
570 1433 598 1468 a
635 1417 905 1483 Tarquinio
942 1418 1149 1483 Prisce,
1207 1433 1299 1471 seu
1355 1419 1466 1484 quis
1513 1418 1641 1475 alius
1691 1434 1870 1486 regum
1922 1421 2094 1485 dedit:

266 1524 381 1562 nam
420 1509 697 1574 scriptores
734 1509 787 1562 in
826 1523 888 1560 eo
927 1509 1245 1562 dissentiunt.

1324 1509 1503 1564 Cetera
1546 1525 1650 1563 non
1689 1510 1924 1579 ambigua
1961 1517 2091 1577 sunt,

261 1615 477 1669 *magnas
515 1616 602 1654 eas
632 1600 806 1667 copias
841 1616 934 1667 per
959 1600 1109 1666 plana
1150 1600 1299 1655 etiam
1329 1615 1389 1652 ac
1431 1601 1544 1653 foro
1575 1602 1856 1669 propinqua
1891 1603 2095 1657 habita-

265 1692 420 1756 visse,
458 1691 594 1745 unde
627 1692 841 1747 Tuscum
878 1692 1045 1744 vicum
1089 1708 1118 1744 e
1154 1692 1405 1745 vocabulo
1444 1692 1754 1748 advenarum
1799 1693 2002 1749 dictum.

405 1783 505 1836 Sed
555 1788 608 1835 ut
653 1783 817 1837 studia
865 1797 1134 1848 procerum
1176 1788 1225 1835 et
1271 1783 1478 1850 largitio
1525 1783 1771 1850 principis
1824 1784 2094 1840 adversum

267 1889 417 1929 casus
466 1874 700 1929 solatium
753 1873 996 1938 tulerant,
1058 1874 1126 1928 ita
1176 1879 1530 1929 accusatorum
1576 1874 1742 1929 maior
1792 1875 1844 1925 iu
1896 1875 2006 1928 dies
2046 1881 2096 1929 et

380 2043 423 2088 4.
458 2043 642 2096 Quintae
677 2042 718 2087 M
749 2045 857 2100 (non
888 2041 1093 2087 Bet-oaldi
1124 2042 1360 2097 Quintiae).

265 2102 426 2147 tulisset
456 2102 653 2156 Lipsius:
687 2102 727 2145 Μ
760 2100 1021 2156 appellatum
1051 2102 1239 2145 tacuisset.

893 2160 1100 2202 solacium
1131 2161 1185 2203 M.

266 2162 305 2204 M
324 2177 334 2203 :
368 2163 557 2204 correxit
581 2161 801 2204 Heinsius.

354 2303 459 2358 Gap.
506 2303 578 2347 65.
642 2302 826 2347 tulisset:
878 2302 1136 2359 appellatum

266 2364 440 2408 {auisset
456 2362 510 2406 Μ.
542 2361 634 2406 Hoc
651 2362 911 2419 appellatum
933 2375 987 2405 ex
1006 2374 1135 2407 versu

265 2421 555 2466 antecedente
606 2423 840 2476 repetitum
889 2434 987 2465 esse
1027 2434 1134 2465 vere

266 2482 518 2527 observavit
549 2480 745 2535 Lipsiu83
794 2481 909 2536 quod
939 2483 1013 2536 qui
1045 2493 1133 2522 non

265 2547 510 2599 agnoscunt
560 2540 711 2585 sordes
763 2540 857 2594 puri
920 2542 1133 2585 sermonis

265 2602 447 2646 ainaim-i
468 2600 717 2643 obtrudunt.
750 2598 815 2640 Ex
832 2601 1005 2643 tuuisset
1019 2600 1134 2655 quod

266 2661 415 2706 secere
435 2660 688 2704 ductavisset
708 2659 781 2703 vel
805 2659 1132 2712 adductavisset‚

266 2719 365 2763 aliis
409 2719 593 2763 fortasse
636 2719 831 2772 placeat,
881 2731 968 2762 non
1000 2718 1132 2762 mihi:

267 2781 327 2823 ita
360 2778 473 2822 enim
507 2791 593 2821 nou
625 2777 835 2820 auxilium
860 2779 937 2819 sed
968 2778 1135 2821 auxilia

268 2838 441 2891 (copias
466 2837 724 2893 auxiliares)
761 2838 968 2890 scriptum
1001 2849 1135 2891 opor-

267 2897 364 2937 tuit.
426 2895 578 2952 Neque
636 2895 771 2937 Taciti
827 2895 974 2937 stilum
1022 2898 1135 2950 sapit

268 2954 619 3010 Bezzenbergeii
653 2954 837 2997 oblatum
861 2954 1135 2997 adventavis..

267 3021 342 3055 set.
403 3013 571 3065 Quanto
615 3013 773 3056 melius
818 3012 990 3068 Lipsius
1035 3028 1135 3056 cor-

268 3077 420 3127 ruptae
444 3076 684 3127 scripturae
709 3073 863 3115 ductus
883 3078 926 3115 et
946 3075 1136 3130 vestigia

268 3133 451 3185 pressitz
493 3145 589 3176 nant
625 3145 679 3173 ex
712 3132 888 3188 antiqua
922 3135 1136 3187 scriptura

268 3189 527 3232 TVLlSSET
567 3196 711 3233 natum
764 3195 830 3231 est
859 3190 1134 3234 'l'AVlSSE'l‘.

270 3247 335 3290 De
368 3245 500 3290 Caele
542 3249 741 3291 Vibenna
792 3253 995 3303 exposuit
1030 3251 1136 3292 Nic-

271 3305 450 3348 buhrius
498 3307 540 3348 in
573 3307 733 3348 Hister.
768 3308 890 3350 Rom.
924 3309 941 3350 1
975 3323 1015 3362 p.
1050 3311 1137 3353 422

271 3363 338 3406 ed.
373 3365 414 3406 3.
480 3363 650 3406 Claudii
692 3363 890 3407 Caesaris
933 3367 986 3408 de
1027 3367 1137 3409 duce

268 3423 406 3465 Tusco
443 3424 657 3474 narratio,
700 3423 851 3465 hausta
898 3438 950 3465 ex
990 3425 1138 3467 Tuscis

270 3481 499 3524 annalibus
545 3486 616 3537 (ν.
659 3481 861 3525 additam.
908 3489 932 3522 t.
978 3483 1070 3539 ΙΙ),
1114 3498 1136 3525 a

269 3543 462 3583 'l'acitina
487 3541 739 3596 discrepans
758 3553 842 3583 non
866 3543 1004 3595 ipsum
1023 3541 1137 3583 Uac-

271 3601 357 3643 lem
400 3599 477 3645 sed
511 3602 617 3644 ‘eius
657 3601 840 3644 amicum
881 3601 1136 3644 Mastarnam

272 3660 367 3704 slve
392 3660 590 3703 Servium
623 3658 808 3703 Tullium
842 3659 1019 3703 Romam
1054 3674 1134 3703 ve-

1455 2043 1496 2084 5.
1525 2043 1845 2099 ccnseqravisse
1877 2043 1932 2086 M.
2023 2045 2090 2086 11.

1315 2102 1384 2145 15.
1418 2101 1684 2147 advenabum
1712 2102 1766 2145 M.
1849 2103 1917 2146 17.
1948 2116 2094 2149 casum

1281 2160 1465 2202 celerant
1496 2161 1550 2206 Μ.
1643 2168 1854 2207 accussat.
1886 2162 1941 2208 Μ.
2007 2203 2009 2205 .

1219 2305 1337 2347 nisse
1385 2303 1539 2346 tradit:
1586 2305 1762 2347 Servius
1816 2304 2000 2358 Tullius,
2057 2308 2096 2348 si

1218 2370 1388 2407 nostros
1444 2364 1685 2418 sequimur,
1745 2364 1916 2420 captiva
1966 2371 2094 2409 nutus

1220 2422 1424 2475 Ocresia,
1487 2424 1525 2464 si
1561 2423 1711 2465 Tuscos
1729 2454 1740 2475 ,
1794 2423 1918 2466 Caeli
1957 2438 2095 2479 quon-

1220 2482 1318 2525 clam
1373 2481 1586 2524 Vivennae
1626 2482 1787 2524 sodalis
1825 2483 2095 2536 fidelissimus

1219 2541 1434 2596 ovnnisque
1467 2542 1556 2583 eius
1590 2555 1714 2584 casus
1756 2555 1904 2584 comes.
1968 2543 2094 2584 Pose-

1219 2613 1345 2655 quam
1388 2601 1516 2645 varia
1559 2604 1740 2657 fortuna
1778 2608 1954 2644 exactus
2001 2616 2095 2643 cum

1219 2660 1408 2702 omnibus
1437 2660 1629 2715 reliquiis
1653 2660 1855 2702 Caeliani
1882 2662 2094 2703 exercitus

1220 2719 1406 2762 Etruria
1438 2722 1642 2773 excessit,
1684 2727 1867 2762 montem
1899 2720 2093 2762 Caelium

1219 2780 1442 2834 occupavit
1473 2787 1512 2821 et
1543 2794 1571 2821 a
1603 2780 1707 2821 duce
1738 2793 1812 2820 suo
1848 2779 1995 2821 Caelio
2028 2781 2092 2822 ita

1219 2837 1490 2894 appellitatus
1537 2838 1797 2894 (legendum
1843 2852 1937 2880 cum
1982 2839 2090 2880 Nie-

1220 2896 1377 2938 buln-io
1410 2897 1717 2954 appellitavit).
1785 2898 1920 2939 Varro
1959 2898 2006 2940 1..
2041 2898 2088 2940 L.

1223 2957 1257 2998 V
1292 2958 1320 3007 δ
1353 2955 1433 3000 46:
1485 2957 1658 2999 Caelius
1688 2970 1835 3009 mons,
1879 2971 1908 2999 a
1942 2957 2089 2999 Caelio

1229 3016 1416 3058 Vibenno
1462 3018 1574 3073 (sic)
1623 3017 1750 3058 Tusco
1794 3016 1899 3058 (luce
1942 3016 2089 3068 nobili,

1221 3077 1291 3130 qni
1323 3088 1417 3117 cum
1447 3090 1527 3118 sua
1556 3088 1688 3117 manu
1719 3076 1876 3116 dicitur
1911 3076 2088 3117 Romulo

1220 3135 1383 3176 venisse
1402 3133 1565 3175 auxilio
1585 3140 1738 3175 contra
1756 3134 1917 3174 Tatium
1932 3146 2087 3187 regem.

1221 3193 1345 3246 Apud
1377 3192 1551 3233 Festum
1588 3206 1628 3234 v.
1658 3193 1810 3233 Tuscus
1841 3196 1958 3233 vicus
1989 3198 2090 3232 sunt

1223 3252 1378 3292 frati-cs
1401 3250 1551 3291 Caeles
1583 3258 1619 3292 et
1656 3250 1827 3292 vibena.
1894 3249 2088 3292 Caelium

1221 3310 1316 3350 sine
1368 3310 1630 3363 cognomine
1680 3314 1803 3350 vocat
1851 3309 2089 3362 Dionysius

1223 3368 1260 3409 11
1294 3368 1365 3410 36.

1329 3427 1500 3467 Tuscum
1555 3429 1724 3468 viciant:
1788 3426 1842 3467 de
1901 3429 2087 3469 nominis

1223 3497 1351 3525 causa
1384 3485 1460 3527 alii
1496 3484 1580 3526 alia
1602 3490 1798 3526 narrant:
1836 3485 1926 3527 Liv.
1955 3485 1990 3526 ll
2018 3487 2085 3529 14.

1226 3544 1360 3586 Varro
1404 3543 1446 3584 L.
1482 3543 1526 3584 L.
1564 3544 1598 3586 V
1629 3545 1702 3587 46.
1759 3544 1873 3585 Fest.
1908 3557 1949 3585 v.
1985 3542 2087 3585 Tus-

1223 3617 1295 3646 cus
1327 3604 1456 3645 vicus.
