2280 4004
53 264 57 267 Ι
458 314 477 339 ,ς
562 327 608 341 Η
767 272 930 320 LBER
958 271 1042 340 ¹¹¹3
1088 271 1421 362 &staff-44·

0 325 260 382 ham.
306 338 622 373 ⁸.
700 320 732 365 a,
818 327 919 391 ...tf
993 328 1147 401 ᾖ...
1245 335 1413 398 ‘mer

198 421 642 498 Qpraesidjflm.
715 419 1137 488 Augustodunum
1187 423 1334 486 caput
1372 419 1540 487 gentis
1579 419 1786 472 armatis
1828 419 2018 471 cohor-

195 513 327 565 tibus
358 512 599 567 Sacrovir
617 516 955 578 occupaverat
979 508 1446 576 nobilissimamque
1470 509 1742 562 Galliarum
1768 510 2013 575 subolem,

195 603 487 656 liberalibus
524 603 704 655 studiis
743 602 812 654 ibi
850 606 1137 668 operatam,
1171 606 1225 652 ut
1262 615 1324 652 eo
1364 601 1582 668 pignore
1620 605 1856 666 parentes
1892 615 2018 668 pro-

196 695 511 763 pinquosque
550 708 724 745 eorum
761 693 1080 758 adiungeret.
1155 692 1310 745 Simul
1352 706 1489 743 arma
1530 692 1728 744 occulte
1769 691 2016 745 fabricata

196 786 438 852 iuventuti
476 785 718 850 dispertit.
795 785 1142 851 Quadraginta
1182 783 1315 835 milia
1346 783 1506 848 fuere,
1549 783 1719 850 quinta
1756 783 1836 835 sui
1873 788 2055 850 partes

195 871 492 943 legionariis
532 874 714 938 armis,
785 874 943 951 ceteri
981 889 1091 927 cum
1137 874 1402 926 venabulis
1439 879 1488 925 et
1528 874 1728 939 cultris,
1787 888 2016 943 quaeque

196 967 295 1019 alia
339 966 640 1018 venantibus
695 965 794 1016 tela
846 970 977 1016 sunt.
1070 964 1340 1024 Adduntur
1376 980 1404 1015 e
1440 964 1662 1016 servitiis
1699 964 2020 1032 gladiaturae

197 1056 460 1121 destinati,
532 1056 711 1124 quibus
765 1059 907 1107 more
962 1055 1167 1122 gentico
1231 1055 1521 1106 continuum
1584 1054 1708 1107 ferri
1769 1055 2020 1122 tegimen:

182 1147 564 1219 ἔρχι-μώρῳ
597 1152 811 1211 vocant,
850 1146 1131 1197 inferendis
1167 1146 1350 1198 ictibus
1387 1145 1667 1219 inhabileS,
1708 1145 2020 1212 accipiendis

195 1238 616 1305 impenetrabiles.
691 1237 1024 1305 Augebantur
1067 1253 1159 1294 eae
1202 1237 1381 1303 copiae
1419 1237 1702 1288 vicinarum
1761 1237 2017 1289 civitatum
2040 1246 2087 1285 ω

157 1319 160 1321 ’
194 1335 248 1382 ut
283 1330 506 1382 nondum
541 1334 715 1395 aperta
751 1328 1123 1393 consensione,
1180 1329 1249 1380 ita
1298 1328 1483 1380 viritim
1522 1328 1767 1394 promptis
1822 1328 2019 1392 studiiS,

194 1426 245 1473 et
292 1421 566 1473 certamine
622 1420 803 1472 ducum
853 1422 1228 1484 Romanorun13
1305 1435 1431 1486 quos
1486 1420 1618 1471 inter
1673 1419 2024 1487 ambigebatur

192 1517 406 1578 utroque
442 1511 626 1563 bellum
663 1511 760 1563 sibi
798 1517 1058 1579 poscente.
1151 1512 1270 1565 Mox
1303 1511 1467 1565 Varro
1514 1511 1765 1565 invalidus
1812 1515 2022 1564 senecta

108 1603 385 1671 44vigenti
433 1603 559 1657 Silio
615 1603 888 1655 concessit.
982 1603 1050 1655 At
1087 1603 1278 1655 Romae
1331 1617 1434 1655 nou
1482 1603 1719 1657 Treviros
1768 1602 1921 1654 modo
1973 1607 2022 1654 et

190 1694 400 1748 Aeduos
442 1695 533 1748 sed
572 1699 807 1763 quattuor
849 1699 898 1746 et
946 1695 1213 1762 sexaginta
1254 1694 1526 1748 Galliarum
1576 1694 1806 1746 civitates
1847 1693 2086 1747 desei-1⁵

1927 278 2016 321 ωδ

306 1857 350 1900 2.
383 1855 684 1913 occulpaverat
714 1856 769 1898 M.
890 1855 1278 1913 nobilissimamque
1308 1856 1528 1899 Pichena:
1572 1857 1610 1899 M
1643 1857 2018 1909 nobilissimarum,

190 1913 362 1970 Lipsius
391 1919 435 1956 ct·
461 1914 780 1958 nobilissimam.
864 1914 1049 1958 subolem
1084 1916 1137 1970 M,
1171 1930 1259 1959 non
1291 1916 1476 1960 sobolem
1506 1915 1725 1959 Beroaldi.
1815 1917 1858 1959 3.
1892 1915 2021 1959 studii

188 1974 270 2015 sibi
289 1973 350 2015 M:
382 1975 630 2016 emendavit
653 1974 904 2026 Rhenanus,
927 1981 1027 2017 ante
1060 1989 1188 2032 quem
1215 1983 1307 2018 erat
1329 1977 1477 2019 studiis
1501 1976 1594 2018 sibi.
1659 1975 1700 2018 6.
1724 1975 2020 2031 νεῑίῃίοηανίἰε

189 2031 255 2075 M:
288 2033 481 2074 correxit
509 2032 766 2075 Beroaldus.'
887 2034 928 2079 9.
965 2034 1275 2090 cruppellarios
1305 2036 1368 2087 M,
1417 2048 1503 2076 non
1554 2034 1837 2091 crupellarios
1869 2032 2018 2091 Lipsii.

195 2092 261 2134 to.
292 2091 381 2147 inp.
420 2092 475 2133 M.
1075 2095 1142 2139 14.
1175 2095 1328 2151 viqinti
1362 2094 1416 2138 M.

569 2104 644 2133 eae
673 2092 728 2145 M,
761 2104 849 2134 non
881 2093 975 2138 hae.

190 2156 386 2207 quatuor.
837 2163 841 2166 ’

1517 2094 1580 2137 15.
1617 2098 1814 2152 quattuor
1846 2092 1900 2147 M,
1933 2106 2019 2138 non

189 2298 275 2328 non
315 2285 455 2328 solum
489 2287 702 2341 particula
732 2286 793 2330 ibi
821 2289 898 2331 sed
933 2290 1061 2331 etiam

189 2342 321 2387 verba
357 2345 536 2387 armatis
582 2347 824 2389 cohortibus
855 2360 1062 2403 perverse

188 2403 403 2446 collocata
449 2411 564 2446 sunt.
656 2406 859 2448 Ceterum
902 2406 1062 2450 Piche-

188 2474 270 2505 nae
309 2459 396 2504 loci
435 2465 755 2507 restitutionem
805 2466 1062 2520 praeferen-

187 2521 283 2563 dam
325 2522 524 2565 duximus
551 2523 685 2578 Lipsii
728 2527 1006 2568 coniecturae
1038 2539 1063 2567 a

187 2579 390 2622 Bokkero
423 2583 633 2636 probatae
661 2591 701 2625 et
729 2583 1061 2627 nobilissimam.-

188 2649 285 2681 nam
332 2653 428 2682 cum
485 2642 685 2684 Sacrovir
737 2643 845 2685 urbe
897 2647 1059 2699 potitus

189 2697 316 2740 simul
343 2699 554 2742 subolem
600 2701 856 2744 liberalibus
904 2704 1060 2745 studiis

190 2757 264 2798 ibi‘
283 2765 505 2813 operatam
530 2760 729 2802 traditam
754 2762 836 2803 sibi
861 2761 1058 2816 haberet,

190 2815 373 2858 alterum
415 2818 636 2860 obiectum
675 2833 754 2874 per
805 2821 1060 2875 particulam

190 2874 478 2932 adaugentem
513 2880 658 2934 (que),
693 2891 778 2919 non
810 2892 889 2933 per
920 2892 1060 2935 copu-

190 2933 349 2975 lantem
384 2935 461 2992 (et)
494 2936 814 2993 adiungendum
859 2946 975 2992 erat,
1017 2946 1061 2981 et

190 3006 266 3046 que
298 2999 397 3035 ante
420 2994 660 3036 Galliarum
693 2996 767 3050 (Q’
801 2997 858 3052 G)
892 2999 933 3039 in
971 2998 1058 3054 α’ρ-

183 3050 367 3108 χειὺπῳ
423 3053 664 3096 oblitterari
723 3056 855 3098 facile
904 3058 1058 3111 potuit.

193 3109 352 3151 Vitium
364 3111 720 3155 nobilissimarum
732 3115 788 3156 ob
807 3118 1058 3158 continuum

190 3180 346 3210 nomen
380 3170 621 3214 Galliarum
651 3180 799 3215 natum
833 3181 923 3227 est,
973 3188 1058 3230 quo

189 3228 395 3279 peccandi
415 3241 577 3283 genere
601 3232 675 3272 vix
698 3232 832 3274 ullum
849 3234 1060 3289 frequen-

190 3286 274 3325 tius
307 3285 349 3325 in
384 3286 495 3327 libro
529 3288 566 3329 M
603 3295 645 3330 et
678 3290 759 3332 Ma.

276 3344 610 3399 cruppellarios.-
647 3349 816 3401 pedites
848 3351 1054 3391 continuo

188 3403 304 3443 ferro
337 3405 440 3445 tecti
475 3409 518 3445 et
553 3417 607 3446 ex
639 3406 774 3463 vulgo
805 3415 879 3448 aut
915 3411 1055 3450 servis

189 3460 291 3503 lecti
325 3462 602 3519 cruppellarii
630 3464 794 3506 Gallica
829 3478 940 3508 voce
973 3479 1054 3509 vo-

190 3526 364 3574 cantum
406 3521 462 3564 cf.
496 3536 533 3564 c.
570 3522 642 3566 46.
701 3524 792 3565 =Alii
836 3532 936 3566 sunt
974 3525 1054 3568 cli-

189 3577 362 3623 banum-ii
418 3582 515 3625 sive
570 3584 940 3640 cataphractarii.-
1002 3598 1055 3627 ex

191 3638 314 3692 eqni·
337 3640 453 3685 enim
468 3649 678 3699 pugnant,
700 3650 744 3686 et
758 3642 1055 3690 nobilissimus

1148 2290 1333 2348 quisque
1367 2290 1738 2344 cataphractarum
1760 2292 1955 2348 tegmine
1980 2297 2023 2334 et

1148 2349 1201 2390 ad
1240 2361 1319 2390 sua
1361 2356 1406 2391 et
1446 2362 1653 2405 equorum
1696 2363 1879 2405 corpora
1925 2363 2021 2392 mn-

1147 2408 1307 2449 nienda
1336 2415 1527 2451 utuntur.
1578 2409 1674 2451 Vid.
1698 2410 1748 2452 Η.
1782 2410 1800 2451 1
1834 2411 1903 2453 79.
1936 2411 2022 2452 Ar..

1146 2468 1255 2509 rian.
1289 2465 1405 2511 Tact.
1439 2481 1540 2524 pag.
1591 2470 1643 2511 13
1683 2467 1750 2511 ed.
1791 2469 2019 2512 Blancard.

1146 2526 1360 2570 Ammian.
1395 2527 1492 2568 XVI
1524 2530 1550 2571 2
1598 2529 1642 2579 §.
1677 2526 1704 2570 5
1737 2533 1781 2569 et
1821 2529 1875 2572 10
1915 2531 1959 2580 S.
1993 2529 2022 2572 8

1148 2591 1191 2626 et
1236 2586 1290 2629 12
1337 2588 1382 2638 δ.
1434 2587 1507 2630 63.
1571 2586 1841 2640 Lampridius
1890 2588 2019 2630 Alex.

1145 2645 1296 2687 Sever.
1339 2646 1409 2689 56.
1471 2646 1679 2687 Nazarius
1725 2646 1855 2687 Laud.
1901 2646 2020 2688 Con-

1144 2705 1339 2760 stamini
1375 2707 1446 2748 22.
1509 2706 1687 2747 Servius
1738 2705 1791 2747 ad
1861 2706 2019 2762 virgil.

1143 2764 1255 2804 Aen.
1288 2763 1346 2805 XI
1379 2765 1477 2808 770.
1523 2763 1786 2806 Claudianus
1809 2765 1852 2805 in
1875 2765 2018 2807 Rufin.

1143 2821 1181 2863 II
1211 2822 1323 2874 357,
1358 2823 1470 2865 idem
1503 2825 1547 2865 in
1580 2829 1690 2866 sen.
1726 2824 1894 2866 consul.
1926 2824 2020 2865 Ho-

1144 2881 1256 2922 norii
1291 2881 1390 2924 569.
1455 2882 1598 2937 Lydus
1641 2883 1694 2933 de
1727 2883 1966 2940 Magistrat.
2001 2882 2018 2925 Ι

1143 2940 1216 2983 46.
1256 2940 1421 2982 Notitia
1463 2942 1719 2998 dignitatum
1767 2942 1860 2983 sola
1908 2945 2020 2984 inter

1145 2999 1407 3041 clibanarios
1440 3007 1482 3042 et
1501 3001 1885 3056 cataphractarios
1917 3003 2018 3056 plu-

1145 3058 1262 3099 ribus
1297 3058 1406 3100 locis
1437 3059 1682 3115 distinguit.

1234 3116 1337 3171 Gap.
1370 3117 1443 3161 44.
1492 3126 1691 3172 quattuor
1722 3125 1761 3159 et
1791 3120 2020 3173 swayinta

1147 3175 1389 3217 Galliarum
1410 3178 1600 3218 civitates
1619 3191 1632 3216 .·
1667 3176 1819 3217 Strabo
1847 3176 1905 3217 lv
1933 3179 1960 3218 3
1991 3180 2018 3220 2

1145 3237 1373 3288 sexaginta
1386 3235 1620 3276 Galliarum
1638 3236 1837 3275 nationes
1853 3237 2015 3291 (ἔθνη)

1142 3291 1300 3343 habet,
1353 3306 1587 3347 earumque
1634 3295 1807 3334 nomina
1853 3295 1894 3334 in
1943 3307 2016 3336 ara

1142 3350 1419 3406 Lugdunensi
1437 3352 1621 3407 Augusti
1650 3351 1893 3405 subscripta
1918 3366 2015 3395 esse

1140 3409 1284 3449 tradit.
1333 3409 1400 3450 Ab
1434 3422 1486 3450 eo
1521 3411 1621 3451 inde
1658 3417 1853 3464 tempore
1886 3418 2014 3467 quat-

1141 3475 1238 3508 tuor
1270 3469 1472 3510 civitates
1495 3474 1787 3522 accesserant,
1823 3476 1867 3510 ut
1894 3477 2014 3524 patet

1140 3540 1194 3569 ex
1227 3527 1293 3568 his
1326 3527 1485 3570 verbis.
1608 3535 1807 3570 cruentas
1854 3532 2014 3586 epistu-

1140 3586 1204 3628 las
1223 3601 1236 3626 .·
1271 3587 1483 3630 eiusmodi
1504 3586 1673 3630 litteras
1700 3602 1754 3630 ex
1778 3587 2013 3645 Campania

1139 3645 1334 3689 Tiberius
1355 3646 1409 3689 ad
1426 3653 1571 3702 patres
1592 3648 1790 3703 miseran
1812 3647 1869 3691 ci'.
1886 3662 1922 3691 c.
1937 3649 2008 3693 38.
