2222 4022
914 274 1061 323 GArvr
1096 275 1287 329 32-33.
1956 272 2033 324 LV

205 417 532 485 praenomina
569 432 673 469 non
710 417 873 469 minus
906 417 1128 469 valuisse
1164 432 1311 483 quam
1353 415 1558 468 nomina
1584 420 1633 467 et
1671 419 2028 481 cognomenta,

205 507 425 574 ideoque
475 508 706 559 omnibus
763 508 942 559 litteris
998 522 1102 558 non
1143 508 1305 558 minus
1359 522 1504 573 quam
1560 505 1643 556 illa
1702 499 2028 571 exprimenda

208 613 348 669 esse,
390 598 441 649 id
480 599 613 664 quod
656 598 923 664 aliquoties
960 598 1012 651 in
1047 599 1170 664 ipsis
1216 598 1313 648 illis
1354 598 1496 648 libris
1537 597 1722 649 factum
1756 597 2025 662 reperitur.

205 689 372 760 Atque
408 688 507 743 hoc
544 688 612 742 ita
643 688 801 740 fuisse
835 689 989 739 iidem
1022 693 1258 740 auctores
1291 703 1352 738 eo
1391 686 1696 754 significant,
1737 686 1870 752 quod
1906 701 2030 752 per-

205 793 360 844 saepe
401 777 498 828 Gai
549 793 734 832 nomen
788 784 837 830 et
870 778 1029 829 Gnaei
1082 793 1186 829 non
1241 793 1332 844 per
1389 777 1686 843 compendia
1739 776 1791 827 C'.
1832 782 1882 827 et
1920 775 2027 841 Cn.,

203 874 257 920 ut
285 869 582 934 debuerunt,
610 870 702 922 sed
729 875 904 922 contra
940 869 1355 922 consuetudinem
1389 870 1445 919 G.
1478 875 1526 921 et
1556 869 1645 919 Gn.
1679 868 1978 922 rettulerunt
1997 873 2028 916 ¹.

203 960 410 1016 Scilicet
448 961 649 1012 scribae
701 961 892 1012 laboris
935 961 1286 1027 compendium
1341 965 1642 1026 quaerentes
1699 961 1909 1026 primam
1946 960 2031 1028 lit.-

203 1055 361 1119 teram
405 1052 748 1118 praenominis
789 1052 937 1118 plene
976 1052 1151 1117 scripti
1190 1051 1418 1117 imperite
1457 1051 1760 1104 retinebant.

343 1143 399 1194 In
434 1143 672 1209 genitivis
711 1143 966 1194 nominum
995 1142 1046 1192 in
1082 1141 1161 1191 ius
1205 1146 1254 1192 et
1288 1141 1390 1198 ium
1428 1141 1775 1192 desinentibus
1818 1141 2030 1195 formam

201 1232 254 1298 ii,
308 1248 455 1300 quam
490 1234 707 1286 Medicei
746 1234 901 1300 longe
953 1235 1156 1299 saepius
1216 1248 1363 1298 quam
1416 1237 1727 1284 contractam
1763 1232 2026 1297 praebent,

199 1324 540 1391 praecedente
585 1330 899 1380 consonante
951 1323 1162 1390 praetuli
1210 1324 1429 1389 ubique,
1467 1322 1612 1373 verbi
1650 1337 1803 1372 causa
1842 1321 2028 1386 Servii,

200 1413 360 1475 Lucii,
398 1413 594 1479 obsidii,
624 1414 783 1479 exitii,
817 1414 991 1477 nuntii,
1022 1413 1222 1480 eyreyii,
1259 1413 1350 1464 sed
1383 1417 1693 1463 contractam
1728 1411 1746 1460 i
1783 1412 2029 1478 expressi,

198 1505 285 1556 ubi
320 1505 515 1557 vocalis
557 1506 872 1572 praecessit,
928 1506 1083 1556 veluti
1124 1504 1235 1569 Gai,
1293 1519 1396 1554 non
1434 1503 1577 1567 Gaii,
1632 1501 1867 1567 Pompei,
1928 1517 2031 1553 non

198 1595 451 1661 Pompeii,
502 1597 621 1648 item
661 1596 841 1657 Antei,
889 1595 1044 1646 Vultei
1092 1596 1216 1647 alia:
1277 1611 1391 1653 nam
1450 1600 1552 1646 tres
1608 1593 1816 1644 vocales
1871 1594 2030 1644 tribus

200 1687 408 1754 syllabis
448 1687 583 1739 iuxta
622 1688 820 1753 positae
859 1687 1072 1739 moleste
1111 1686 1415 1750 efferuntur,
1481 1690 1530 1736 et
1568 1684 1776 1735 codices
1813 1684 2030 1735 Medicei

201 1779 254 1830 in
287 1777 365 1829 his
408 1778 687 1844 simplicem
727 1778 959 1845 vocalem
1008 1778 1026 1826 i
1076 1782 1291 1829 tuentur.
1365 1777 1503 1827 Haec
1562 1775 1624 1826 de
1665 1774 2029 1841 orthographia

199 1869 475 1926 universim
517 1869 708 1920 monita
749 1869 1028 1920 sufficient:
1087 1869 1151 1920 de
1189 1868 1300 1919 aliis
1339 1873 1388 1918 et
1434 1867 1756 1935 gravioribus
1792 1865 1845 1915 in
1878 1865 2033 1917 Com-

199 1961 448 2017 mentario
490 1961 677 2012 dictum
713 1966 805 2012 est.

116 2052 187 2100 33
340 2051 477 2104 Libri
514 2052 732 2103 Medicei
768 2067 879 2102 cum
919 2050 1126 2117 gravius
1169 2049 1336 2101 affecti
1371 2054 1487 2119 sunt
1525 2054 1574 2100 et
1618 2064 1739 2099 vera
1779 2048 2027 2114 scriptura

206 2144 338 2195 male
397 2144 668 2194 obscurata
715 2147 822 2206 est,
886 2141 1172 2207 interpolati
1231 2141 1438 2191 codices
1486 2154 1697 2205 perraro
1755 2138 1865 2190 sani
1911 2138 2029 2202 quid

202 2234 433 2286 offerunt.
509 2235 680 2299 Itaque
717 2233 770 2283 in
806 2233 885 2283 his
919 2232 1079 2297 lociS,
1124 2233 1207 2297 qui
1244 2237 1358 2283 sunt
1394 2230 1652 2297 permulti,
1715 2234 1799 2281 aut
1836 2246 1863 2280 a
1903 2244 2032 2279 con-

201 2325 407 2378 iecturis
460 2324 708 2376 editorum
753 2329 801 2375 et
853 2324 1077 2374 virorum
1125 2323 1389 2373 doctorum
1432 2322 1671 2373 auxilium
1706 2322 1890 2387 petivi,
1949 2325 2032 2371 aut

202 2417 246 2469 si
282 2431 402 2468 vera
430 2415 683 2467 correctio
716 2415 940 2466 nondum
974 2418 1081 2466 erat
1119 2414 1341 2478 inventa,
1378 2414 1486 2479 ipse
1514 2428 1697 2463 novam
1727 2412 2030 2463 medicinam

203 2507 388 2559 afferre
427 2511 638 2558 conatus
690 2522 815 2557 sum.
907 2505 1116 2566 Quoties
1167 2505 1311 2555 asciti
1359 2504 1573 2555 remedii
1620 2504 1750 2555 ratio
1791 2508 1839 2553 et
1878 2518 2030 2553 causa

202 2613 307 2649 non
343 2602 523 2665 sponte
560 2596 794 2663 patebat,
836 2595 973 2646 clare
1011 2594 1221 2660 exposui
1257 2609 1347 2644 cur
1384 2594 1435 2644 in
1474 2593 1656 2644 tradita
1696 2608 1784 2658 per
1821 2591 2030 2642 codices

204 2690 452 2756 scriptura
495 2688 824 2754 acquiescere
875 2701 978 2736 non
1025 2685 1289 2751 potuerim.
1382 2685 1455 2735 Eo
1513 2689 1677 2735 autem
1726 2698 1878 2733 curae
1930 2696 2033 2741 non

202 2778 462 2846 processi,
502 2782 556 2828 ut
591 2793 702 2828 cum
741 2777 913 2842 recepi
952 2776 1145 2827 alienas
1185 2775 1534 2839 coniecturas,
1591 2774 1832 2825 adderem
1869 2779 2032 2824 utrum

204 2874 382 2922 auctor
421 2883 508 2919 eas
559 2867 611 2917 in
651 2871 937 2917 contextum
975 2866 1246 2916 verborum
1291 2864 1607 2930 adoptaverit
1644 2879 1707 2914 an
1743 2864 1945 2914 nonnisi
1982 2863 2033 2912 in

206 2958 533 3010 annotatione
559 2957 799 3024 posuerit.
839 2957 1000 3007 Etiam
1026 2956 1238 3022 primum
1266 2955 1478 3007 alicuius
1503 2955 1693 3006 inventi
1720 2960 2032 3021 repertorem

307 3141 344 3181 1.
390 3137 519 3181 Conf.
554 3137 848 3190 Quintilianus
879 3137 898 3179 1
931 3140 954 3181 7
990 3137 1074 3181 28:

207 3198 350 3251 Quid?
383 3211 489 3253 quae
510 3198 756 3239 scribuntur
787 3197 917 3239 aliter
952 3205 1077 3252 atque

208 3255 520 3300 enuntiantur?
556 3258 667 3301 Nam
700 3265 738 3299 et
774 3258 906 3299 Gaius
938 3257 973 3310 C
1004 3256 1078 3301 lit-

208 3324 304 3358 tera
332 3323 519 3367 notatur,
539 3329 645 3369 quae
668 3317 842 3358 inversa
858 3316 1079 3357 mulierem

209 3375 404 3418 declarat
449 3374 746 3432 (.0=-.Gaia).
792 3401 847 3407 --
888 3400 943 3407 —
988 3375 1079 3415 Nec

211 3436 382 3478 Gnaeus
401 3448 496 3475 eam
512 3434 700 3476 litteram
721 3435 768 3475 in
783 3434 1079 3489 praenominis

207 3501 312 3542 nota
342 3494 502 3550 accipit
542 3507 625 3549 qua
662 3500 787 3535 sonat
819 3492 887 3547 (h.
922 3505 961 3534 e.
993 3503 1080 3534 non

211 3553 310 3607 Gn„
340 3552 419 3598 sed
446 3552 568 3612 Cau).
633 3550 776 3598 Causa
798 3551 863 3594 rei
891 3547 1080 3599 nondum

213 3611 412 3669 exposita
435 3615 515 3656 est.
567 3609 782 3668 Equidem
804 3607 916 3653 hanc
943 3607 1083 3653 fuisse

1162 3144 1283 3194 pute,
1316 3137 1432 3193 quod
1463 3138 1643 3192 antiquo
1678 3142 1898 3190 tempore,
1936 3147 2031 3175 cum

1165 3199 1199 3239 G
1224 3196 1414 3238 nondum
1440 3202 1570 3248 esset,
1591 3195 1667 3236 sed
1690 3208 1820 3235 unum
1851 3193 1886 3234 G
1906 3193 2033 3234 modo

1166 3257 1199 3299 G
1244 3256 1372 3297 modo
1419 3262 1594 3297 tenuem
1641 3266 1791 3294 sonum
1835 3255 1904 3308 (c)
1953 3265 2034 3294 ex-

1165 3315 1366 3367 biberet,
1430 3314 1712 3369 praenomina
1771 3310 2035 3368 pervulgata

1166 3374 1296 3416 Gaius
1329 3380 1372 3415 et
1399 3374 1567 3414 Gnaeus
1595 3372 1628 3412 C
1661 3377 1702 3412 et
1731 3370 1810 3412 Cn.
1843 3371 1887 3411 in
1919 3372 2035 3412 notis

1164 3435 1325 3486 scripta
1349 3438 1486 3485 erant,
1515 3437 1557 3473 et
1581 3442 1673 3472 mos
1696 3435 1899 3484 receptus
1918 3429 2033 3472 adeo

1166 3491 1436 3544 invaluerat,
1501 3495 1549 3536 uz
1597 3500 1699 3545 W
1743 3489 1899 3538 mutari
1947 3500 2035 3531 non

1166 3554 1331 3605 posset.
