2280 4004
240 335 268 372 a
298 323 346 373 G.
381 324 453 373 26.
810 323 975 368 LIBER
1003 321 1079 368 lv.
1143 322 1249 368 ΟΑΡ.
1282 322 1473 368 49—51.
1973 321 2061 364 288

241 462 385 525 fuere
425 462 510 529 qui
557 463 736 516 eodem
782 464 935 516 modo
987 467 1297 530 oppeterent.
1372 447 1598 519 Turesis·
1626 476 1717 518 sua
1767 475 1877 516 oum
1914 475 2064 516 manu

242 559 443 607 noctem
483 555 763 622 opperitur,
812 555 946 606 haud
981 555 1158 607 nescio
1209 554 1339 607 duce
1378 557 1571 605 nostre.
1646 553 1805 621 Igitur
1839 552 2064 606 firmatae

242 645 486 697 stationes
527 646 850 703 densioribus
887 645 1069 714 globis.
1144 646 1206 697 Et
1249 645 1519 713 ingruebat
1551 659 1655 701 nox
1690 644 1862 698 nimbo
1899 649 2061 707 atrox,

241 735 760 802 hostisqueclamore
808 737 1035 801 turbido,
1089 736 1241 794 modo
1290 751 1382 802 per
1418 740 1614 790 vastum
1651 735 1927 800 silentium,
1982 734 2066 788 inv

245 831 412 883 certos
448 826 749 880 obsessores
789 826 1054 891 effecerat,
1119 841 1231 878 cum
1268 826 1487 879 Sabinus
1525 825 1824 891 circumire,
1871 825 2103 881 hortaris
2139 823 2232 881 Ji).
2259 853 2280 873 ει

2120 909 2145 925 Α

243 932 308 968 ne
344 916 408 969 ad
450 916 686 1018 ambigua
723 917 919 969 sonitus
957 922 1041 969 aut
1091 917 1461 1020 simulationem
1511 917 1691 984 quietis
1729 931 1899 975 casum
1936 916 2066 987 insi-v
2097 921 2280 1023 ᾔει

158 1100 224 1150 51
243 1097 456 1165 telisque
493 1112 598 1150 non
587 1048 914 1156 κίῐμιωῖᾆῐεωη
952 1098 1116 1150 iactis.
1223 1099 1422 1151 Interea
1469 1099 1677 1154 barbari
1718 1098 1936 1153 catervis
1973 1081 2116 1153 de-

244 1194 506 1249 currentes
554 1204 690 1244 nunc
743 1190 796 1240 in
840 1189 1027 1242 vallum
1074 1189 1324 1244 manualia
1374 1204 1524 1254 saxa,
1574 1195 1840 1256 praeustas
1891 1188 2064 1261 sudeS,

245 1281 419 1333 decisa
456 1280 645 1336 robora
682 1281 870 1347 iacere,
898 1296 1033 1333 nunc
1065 1280 1300 1348 virgultis
1339 1286 1388 1333 et
1422 1280 1644 1334 cratibus
1680 1285 1730 1332 et
1768 1280 2066 1349 corporibus
2085 1289 2132 1340 19

245 1372 490 1430 exanimis
530 1371 784 1439 complere
821 1372 1016 1437 fossaS,
1080 1371 1283 1440 quidam
1321 1371 1489 1438 pontis
1527 1376 1576 1424 et
1616 1371 1782 1426 scalas
1835 1376 1950 1424 ante
1988 1370 2069 1425 fa·-

244 1463 426 1516 bricati
448 1462 654 1519 inferre
689 1462 1114 1530 propugnaculis,
1164 1476 1324 1529 eaque
1356 1476 1633 1528 prensare,
1678 1461 1977 1525 detrahere,
2020 1465 2070 1512 et

247 1555 516 1613 adver-sum
558 1554 842 1615 resistentis
890 1554 1169 1610 comminus
1217 1554 1323 1606 niti.
1397 1553 1542 1610 Miles
1581 1558 1756 1605 contra
1799 1553 2070 1606 deturbare

247 1644 376 1709 telis,
402 1644 593 1711 pellere
622 1644 941 1710 umbonibuS‚
971 1645 1180 1701 muralia
1204 1644 1323 1712 pila,
1363 1650 1637 1712 congestas
1659 1644 1880 1710 lapidum
1909 1643 2069 1699 moles

245 1735 567 1802 provolvere.
631 1735 718 1789 His
745 1741 919 1802 partae
954 1736 1202 1790 victoriae
1238 1750 1354 1802 spes
1384 1741 1447 1801 et,
1477 1736 1522 1787 si
1555 1735 1754 1800 cedant,
1780 1735 2069 1802 insignitius
2089 1751 2135 1790 1⁵

246 1826 519 1894 flagitium,
575 1826 676 1878 illis
734 1831 958 1882 extrema
1010 1827 1108 1880 iam
1165 1827 1302 1881 salus
1352 1830 1402 1880 et
1460 1826 1764 1881 adsistentes
1814 1826 2069 1895 plerisque

247 1922 432 1977 matres
476 1922 526 1969 et
564 1917 811 1986 coniuges
863 1933 1135 1986 earumque
1187 1919 1405 1970 lamenta
1445 1914 1636 1972 addunt
1672 1917 1884 1973 animos
1958 1917 2072 1970 Nox

248 2006 358 2066 aliis
396 2007 447 2061 in
482 2006 746 2065 audaciam
783 2008 893 2061 aliis
927 2009 990 2060 ad
1020 2008 1341 2062 formidinem
1370 2013 1668 2075 opportuna,
1706 2007 1886 2061 incerti
1922 2007 2068 2072 ictuS‚

246 2097 456 2150 vulnera
493 2098 767 2163 inprovisa,
809 2113 1015 2150 suorum
1051 2105 1200 2166 atque
1229 2100 1448 2151 hostium
1486 2099 1760 2166 ignoratiO,
1802 2103 1852 2150 et
1884 2099 2068 2149 montis

248 2189 479 2240 anfractu
520 2203 855 2255 repercussae
902 2190 1039 2241 velut
1092 2206 1120 2242 a
1171 2195 1319 2258 tergo
1356 2205 1514 2242 voces
1559 2190 1689 2242 adeo
1742 2194 1924 2242 cuncta
1969 2189 2067 2242 mi-
2084 2202 2133 2241 20

250 2284 487 2333 scuerant
520 2284 574 2331 ut
608 2279 853 2348 quaedam
891 2281 1194 2337 munimenta
1233 2282 1446 2338 Romani
1485 2282 1627 2352 quasi
1666 2287 1902 2351 perrupta
1938 2281 2070 2336 omi-

366 2432 408 2475 5.
441 2432 613 2475 absinus
650 2433 705 2476 M.
796 2434 839 2478 6.
873 2446 1040 2477 cassum
1069 2434 1124 2478 M.
1220 2436 1288 2479 12.
1321 2447 1485 2492 eaquae
1515 2435 1571 2479 Μ.
1667 2435 1735 2478 18.
1770 2440 1982 2492 oportuna
2011 2435 2070 2478 M.

249 2574 426 2617 minime
459 2585 610 2618 verum
641 2576 698 2617 sit
741 2581 784 2620 et
818 2581 955 2619 totum
988 2576 1114 2619 addi..

249 2639 485 2677 tament-um
519 2636 678 2677 ceteris
709 2641 941 2691 repugnet,
975 2635 1060 2679 hoc
1091 2650 1115 2678 a

250 2691 396 2735 Tacito
417 2706 514 2736 esse
530 2695 696 2748 nequit.
728 2694 977 2737 Profectum
1006 2695 1116 2739 illud

252 2756 318 2792 est
369 2751 422 2794 ab
473 2764 525 2795 eo
567 2754 641 2807 qui
683 2753 918 2796 admonere
956 2754 1114 2807 voluit,

249 2809 436 2853 ffllhiaces
469 2813 597 2853 tertio
630 2811 730 2854 loco
750 2818 1011 2855 memoratos
1028 2826 1114 2855 non

251 2869 392 2911 minus
435 2869 574 2911 nobili
613 2872 757 2912 animo
809 2871 947 2913 fuisse
987 2884 1114 2927 quam

252 2927 306 2967 de
351 2926 508 2980 quibus
554 2933 656 2970 aute
702 2930 947 2982 expositum
1008 2936 1114 2982 erat,

253 2985 448 3039 quamvis
482 2984 611 3028 aliam
642 2987 801 3043 agendi
820 2989 934 3030 viam
960 2988 1116 3045 elege-

252 3044 363 3095 rint;
403 3042 481 3085 sed
523 3044 635 3087 hano
671 3047 933 3089 sententiam
966 3054 1116 3090 auctor

253 3102 347 3144 eius
378 3101 506 3146 iustis
538 3103 685 3146 verbis
728 3105 876 3160 eloqui
911 3118 996 3148 non
1032 3120 1116 3162 po..

253 3161 358 3202 tuit·
404 3173 501 3204 nam
547 3162 657 3206 illud
698 3163 856 3206 diversi
897 3167 1117 3207 sententiis

254 3219 425 3263 nonnisi
458 3218 542 3262 do
531 3233 623 3274 ipsa
649 3224 775 3266 tertia
792 3223 933 3265 classe
955 3224 1115 3266 dictum

254 3277 394 3330 accipi
427 3282 585 3330 potest.
627 3279 705 3321 Est
723 3283 859 3336 igitur
878 3282 1116 3324 admonitio

254 3334 533 3390 negligenter
555 3345 767 3393 concepta
784 3346 827 3381 et
843 3353 897 3381 ex
919 3343 1117 3396 margine

254 3393 418 3436 codicis
467 3393 735 3450 ἀρχετύπου
788 3410 1014 3451 perperam
1071 3401 1115 3440 in

254 3457 506 3497 contextum
530 3454 762 3496 ver-hoium
783 3455 919 3498 illata.
954 3456 1116 3498 Neuius

254 3510 481 3554 observat.
516 3513 560 3553 in
575 3511 708 3555 Tacit.
745 3513 759 3554 1
785 3526 826 3568 p.
850 3515 877 3556 6
902 3515 1116 3555 coniecit:

253 3570 496 3612 suaderent.
563 3571 705 3626 Neque
747 3571 953 3628 ignobiles
986 3574 1118 3628 quivis

255 3629 412 3672 diversi
440 3632 682 3684 sententiis,
714 3645 860 3673 verum
889 3646 911 3672 e
947 3631 1119 3674 ducibus

258 3686 382 3730 Dinis
414 3693 497 3732 cet.
562 3690 647 3733 Sed
680 3704 705 3734 a
743 3690 888 3734 verbis
922 3705 1065 3734 verum
1097 3705 1118 3735 e

1201 2577 1374 2620 ducibus
1408 2576 1523 2619 haud
1555 2576 1687 2619 dubie
1729 2589 1888 2619 novum
1925 2588 2068 2618 enun-

1200 2638 1351 2679 tiatum
1383 2636 1642 2679 inchoatur:
1674 2637 1758 2678 iam
1784 2637 1898 2678 enim
1927 2647 2068 2690 expo..

1200 2696 1387 2739 nendum
1408 2696 1599 2738 restabat
1625 2707 1709 2751 quo
1733 2695 1949 2738 discordia
1967 2701 2068 2739 ante

1200 2762 1371 2800 narrata
1403 2755 1608 2797 evaserit.

1303 2840 1406 2899 Cap.
1461 2842 1533 2885 50.
1593 2841 1791 2895 firmatae
1833 2842 2066 2883 stationes.-

1202 2900 1259 2942 cf.
1293 2899 1347 2941 ad
1377 2899 1397 2942 Ι
1425 2899 1498 2945 28.
1621 2915 1715 2942 cum
1758 2899 1945 2943 Sabinus
1977 2901 2068 2941 cir-

1202 2960 1360 3001 cumire
1391 2959 1562 3002 hortari
1573 2974 1586 3000 .-
1635 2972 1678 3001 v.
1714 2959 1767 3001 ad
1798 2958 1834 3000 11
1867 2961 1938 3002 31.
2004 2958 2067 3000 Ol)

1201 3018 1382 3061 formam
1423 3019 1572 3060 munia
1619 3030 1730 3074 quae
1782 3020 1978 3075 sequitur
2024 3030 2065 3060 v.

1201 3077 1255 3120 ad
1285 3075 1342 3119 111
1378 3079 1418 3121 2.

1290 3163 1394 3217 Cap.
1429 3165 1500 3206 51.
1563 3162 1752 3206 muralia
1787 3162 1910 3216 pila:
1960 3161 2068 3203 haec

1200 3222 1345 3265 solitis
1377 3221 1505 3275 pilis,
1539 3234 1652 3276 quae
1684 3221 1810 3262 miles
1843 3232 1989 3261 secum
2024 3221 2067 3260 in

1201 3282 1358 3322 itinere
1383 3281 1487 3321 etin
1508 3279 1722 3332 proelium
1748 3279 1933 3330 ferebat,
1954 3278 2068 3319 haud

1203 3337 1332 3379 dubie
1365 3338 1542 3378 maiora.
1664 3338 1907 3392 insignitius
1938 3338 2066 3392 fiagi-

1202 3397 1329 3437 tium.-
1364 3396 1420 3437 cf.
1457 3394 1615 3437 11170:
1651 3395 1800 3450 Capito
1821 3396 2069 3451 insiqnitior

1200 3455 1388 3509 infamia
1433 3455 1529 3507 fuit.
1595 3454 1811 3509 Insignitas
1860 3455 2067 3509 [layitium

1203 3520 1242 3553 et
1271 3513 1549 3567 insiyniorem
1580 3513 1766 3567 infamia
1781 3512 1929 3554 dicere
1960 3525 2066 3567 pru-

1202 3573 1308 3612 dens
1358 3570 1528 3613 Tacitus
1577 3570 1807 3613 abstinuit:
1869 3573 2066 3629 insignes

1204 3631 1319 3672 enim
1351 3642 1438 3672 non
1470 3629 1555 3672 nisi
1587 3631 1747 3673 virtute
1781 3630 1962 3688 quadam
1991 3635 2074 3676 aut·

1202 3688 1432 3734 nobilitate
1464 3688 1716 3748 appellavit.
