2222 4022
228 288 261 323 a
289 277 337 323 c.
366 278 447 325 ιιι.
832 278 998 325 LlBEn
1023 277 1057 324 ι
1122 277 1230 322 οη.
1255 278 1392 324 6-7,
1736 335 1739 338 ‚
1982 281 2038 326 ιι

221 424 480 480 Nuntianti
525 423 836 489 centurioni,
874 428 928 477 ut
962 438 1073 478 mos
1111 424 1350 489 militiae,
1394 424 1579 480 factum
1621 439 1736 478 esse
1773 425 1908 495 quod
1945 425 2044 479 im-

221 521 477 586 perasset,
527 531 692 583 neque
730 516 1007 581 imperasse
1047 530 1163 567 sese
1203 521 1251 568 et
1286 516 1535 569 rationem
1573 515 1693 568 faeti
1729 517 2044 570 reddendam

226 608 356 676 apud
402 613 630 660 senatum
676 607 955 675 respondit.
1033 607 1178 672 Quod
1227 612 1492 675 postquam
1535 608 1799 661 Sallustius
1837 609 2043 675 Crispus

221 699 476 769 particeps
536 703 852 751 secretorum
911 699 982 761 (is
1039 700 1103 750 ad
1162 700 1413 751 tribunum
1480 701 1687 755 miserat
1750 700 2045 767 codicillos)

222 789 482 857 comperit,
522 794 750 840 metuens
793 805 857 841 ne
897 805 1014 841 reus
1054 790 1383 855 subderetur,
1426 791 1561 843 iuxta
1596 791 1888 858 periculoso
1930 792 2085 847 fictas

221 895 312 932 seu
333 895 456 931 vera
490 885 766 946 promeret,
803 882 995 932 monuit
1025 882 1216 933 Liviam
1253 897 1318 933 ne
1354 898 1541 934 arcana
1577 882 1772 948 domus,
1808 898 1874 934 ne
1917 897 2046 934 con-

219 971 664 1036 silia‘amicorum‚
703 972 982 1024 ministeria
1019 974 1228 1024 militum
1262 974 1606 1041 vulgarentur,
1645 989 1776 1026 neve
1814 975 2044 1028 Tib-erius

218 1063 320 1122 vim
354 1062 662 1129 principatus
698 1063 982 1117 resolveret
1025 1070 1204 1115 cuncta
1243 1065 1306 1115 ad
1345 1070 1572 1117 senatum
1611 1066 1873 1117 vocando:
1933 1080 2044 1120 eam

221 1154 564 1206 conditionem
601 1168 717 1206 esse
752 1154 1034 1220 imperandi
1065 1161 1119 1206 ut
1158 1170 1262 1207 non
1300 1156 1445 1207 aliter
1482 1157 1612 1208 ratio
1656 1161 1855 1207 constet
1893 1170 2042 1223 quam

172 1245 264 1298 &si
305 1244 395 1315 uni
434 1244 694 1319 reddatur.
801 1246 870 1296 At
907 1246 1099 1298 Romae
1153 1261 1305 1297 ruere
1355 1246 1409 1296 in
1467 1246 1728 1298 servitium
1787 1246 2040 1312 consuleS,
2064 1267 2110 1303 ιο

219 1314 419 1404 palm,
473 1350 646 1402 eques.
724 1337 922 1398 Quanto
963 1337 1075 1402 quis
1113 1336 1399 1401 inlustrior,
1458 1343 1596 1390 tanto
1632 1338 1796 1409 magis
1832 1338 1948 1392 salsi
1986 1354 2046 1391 ac

219 1426 544 1491 festinanteS,
600 1427 839 1496 vultuque
881 1428 1194 1494 composito,
1252 1445 1316 1479 ne
1370 1429 1491 1480 laeti
1549 1444 1766 1483 excessu
1801 1430 2046 1496 principis

219 1532 319 1572 neu
354 1517 605 1571 tristiores
642 1519 940 1585 primordio,
978 1520 1215 1572 lacrimas
1252 1521 1509 1588 gaudium,
1552 1526 1757 1590 questus
1795 1521 2050 1573 adulatio-

220 1624 336 1664 nem
370 1610 666 1663 miscebant.
740 1611 921 1664 Sextus
947 1612 1212 1680 Pompeius
1249 1618 1297 1665 et
1321 1613 1502 1665 Sextus
1527 1612 1772 1680 Apuleius
1811 1613 2047 1666 consules

343 1786 381 1829 1.
405 1786 634 1828 nuncianti
661 1787 717 1829 Μ.
749 1794 796 1829 ut
826 1792 932 1845 mos]
977 1795 1101 1830 utnos
1132 1789 1198 1841 M,
1244 1802 1332 1831 mos
1373 1790 1415 1831 in
1456 1792 1670 1847 margine.
1786 1794 1828 1836 3.
1863 1798 1964 1848 aput
1995 1791 2050 1834 M.

221 1843 451 1898 sallustius,
484 1858 571 1887 non
603 1846 829 1901 Salustius,
863 1848 917 1890 Μ.
1041 1849 1082 1890 6.
1117 1864 1190 1890 seu
1222 1852 1344 1905 vera]
1380 1863 1534 1890 seuera
1572 1863 1622 1904 pr
1654 1850 1708 1893 Μ.
1804 1852 1994 1893 Litterae
2025 1866 2054 1892 u

222 1917 438 1960 superscr.
471 1919 510 1946 υ.
566 1907 632 1948 10.
666 1906 904 1949 reddantur
935 1908 990 1949 Μ.
1063 1908 1130 1950 13.
1167 1908 1330 1950 tristior
1362 1909 1406 1950 in
1439 1915 1646 1951 contextu
1677 1910 1732 1964 M,
1766 1912 1976 1953 tristiores
2008 1912 2052 1951 in

223 1966 420 2021 margine
464 1970 507 2004 et
538 1965 778 2010 Beroaldus
820 1968 865 2009 in
908 1968 1280 2011 annotationibus
1434 1976 1630 2022 quaestus
1667 1970 1722 2012 M.
1765 1971 2054 2013 adulationem

224 2022 453 2066 Heinsius:
487 2023 527 2064 M
560 2023 822 2068 adulatione.
892 2028 960 2069 14.
994 2027 1095 2068 Sex.
1118 2027 1183 2068 bis
1216 2026 1270 2068 M.
1336 2027 1528 2085 apuleius
1550 2029 1604 2082 M,
1638 2042 1726 2070 non
1759 2030 1868 2088 App.
1934 2044 2049 2074 cons.

225 2094 321 2125 cum
354 2082 519 2125 lineola
550 2083 605 2125 M.

225 2240 502 2295 curavit).--
523 2240 791 2282 renuntianti
812 2239 980 2282 tribuno
995 2243 1097 2294 (per

224 2300 524 2342 centurionem
556 2300 734 2342 missum
766 2299 820 2341 ad
851 2298 1092 2356 Tiberium)

221 2361 383 2413 factm
414 2372 502 2400 esse
527 2358 637 2412 qvod
666 2360 929 2414 imperasset,
962 2373 1096 2412 neque

223 2419 452 2474 imperasse
482 2431 526 2459 se
550 2424 590 2459 et
617 2417 881 2460 redditurum
905 2433 997 2459 eum
1027 2433 1097 2459 se-

223 2478 346 2520 natui
366 2478 578 2519 rationem
598 2477 831 2533 respoudit.
874 2477 1098 2520 Postrema

225 2548 319 2579 cum
334 2535 542 2579 Tacitinis
556 2549 696 2589 paene
719 2537 772 2579 ad
785 2537 967 2579 verbum
988 2549 1098 2578 con..

225 2602 400 2651 gruunt.
468 2594 595 2637 Conf.
630 2601 779 2637 annot.
814 2596 868 2638 ad
899 2595 917 2637 Ι
951 2596 993 2638 5.

302 2654 551 2710 quandoque
561 2681 616 2687 --
627 2654 878 2711 explevisset
893 2669 905 2695 .·
920 2656 1099 2697 brevior

224 2713 363 2757 forma
398 2713 441 2756 h.
469 2713 498 2756 l.
522 2714 636 2755 idem
667 2714 788 2755 valet
820 2714 935 2769 quod
956 2728 1096 2768 quem..

224 2774 467 2827 ducumque.
540 2771 667 2814 Conf.
718 2787 755 2816 c.
789 2778 819 2816 4
852 2780 895 2815 et
935 2773 992 2814 v1
1022 2775 1094 2817 38.

226 2832 350 2883 Quod
392 2832 537 2874 statim
581 2833 780 2887 sequitur
813 2833 1008 2884 duravit,
1054 2834 1095 2875 id

224 2891 426 2934 absolute
448 2891 610 2933 dictum
636 2897 703 2932 est
733 2904 811 2944 pro
837 2892 1029 2934 induruit
1055 2899 1097 2935 et

225 2950 408 3004 perinde
439 2951 626 2991 recurrit
657 2949 755 2992 XIV
793 2952 846 2992 1:
878 2964 1007 3006 usque
1041 2953 1099 2994 ad

227 3008 400 3050 eaedem
448 3009 537 3049 eius
585 3008 797 3052 duratura
848 3010 930 3064 filii
978 3011 1093 3054 odia.

225 3068 277 3110 H.
310 3066 369 3110 1v
402 3067 484 3110 59:
517 3080 598 3109 nec
629 3067 721 3121 itti,
755 3081 1006 3124 quamquam
1040 3072 1097 3112 ad

226 3140 347 3170 omne
367 3127 539 3182 facinus
562 3126 730 3180 durato,
761 3129 893 3172 verba
915 3156 970 3164 —-
992 3145 1095 3186 sup-

222 3186 482 3243 peditavere.

317 3243 420 3298 Cap.
437 3245 478 3288 7.
522 3251 568 3287 at
581 3246 742 3289 Romae
756 3261 769 3288 .·
785 3248 885 3291 dum
900 3248 1095 3290 Tiberius

228 3303 348 3346 lento
382 3304 565 3356 itinere,
608 3317 753 3361 neque
797 3307 1038 3349 abscedens
1073 3320 1094 3348 a

229 3374 412 3417 corpore
444 3362 654 3417 Augusti,
690 3365 742 3406 ad
774 3366 925 3407 urbem
958 3366 1095 3419 profi-

230 3423 436 3473 ciscitur,
488 3434 599 3475 quae
638 3422 802 3466 Romae
852 3424 966 3466 facta
1011 3427 1096 3466 sint

228 3481 411 3533 interea,
448 3481 488 3521 in
523 3482 668 3533 priore
702 3488 823 3534 parte
858 3483 986 3525 huius
1020 3496 1095 3524 ca-

230 3540 332 3593 pitis
370 3545 580 3581 narratur.
665 3540 910 3584 Advenisse
953 3544 1096 3596 ipsum

226 3598 521 3655 significatum
554 3604 620 3642 est
667 3599 838 3642 verbis:
893 3601 1095 3645 excubiae

231 3667 356 3700 ma
390 3683 447 3694 --
469 3658 763 3703 comitabatur.

1273 2242 1477 2285 lacrimas
1502 2244 1718 2299 glaudium,
1754 2254 1919 2301 questus
1943 2250 2054 2293 adu-2

1181 2302 1384 2343 lationem
1416 2304 1674 2346 miscebant:
1705 2304 1809 2347 hina
1839 2312 2053 2351 sermonis

1179 2362 1371 2403 membra
1392 2363 1457 2404 sic
1475 2365 1735 2417 composuit,
1769 2372 1816 2407 ut
1845 2369 1964 2422 prius
2002 2370 2054 2411 ad

1179 2420 1363 2473 vultum,
1378 2421 1431 2462 ad
1450 2422 1584 2463 verba
1609 2423 1841 2466 illustrium
1859 2429 2052 2469 virorum

1180 2479 1365 2521 alterum
1410 2482 1663 2523 referretur.
1750 2484 1800 2526 N.
1847 2486 2053 2529 Heinsius

1180 2539 1346 2581 codicis
1379 2541 1532 2581 vitium
1567 2542 1816 2584 adulatione
1857 2547 1917 2587 ita
1951 2559 2052 2588 cor..

1178 2600 1319 2651 rexit,
1376 2605 1423 2639 ut
1466 2613 1520 2641 ex
1564 2601 1701 2642 verbo
1755 2603 2052 2661 subsequente

1181 2658 1637 2716 (miscebant)nomini
1659 2663 1936 2706 antecedenti
1958 2668 2052 2719 pri-

1178 2731 1290 2759 inam
1323 2717 1512 2759 litteram
1556 2719 1762 2762 sollerter
1793 2725 2051 2778 applicaret,

1179 2789 1264 2832 quo
1297 2777 1413 2818 facto
1446 2784 1494 2817 ut
1539 2786 1705 2832 questus
1741 2780 1955 2835 lacrimis,
1990 2786 2053 2826 sic

1179 2836 1339 2892 gaudio
1373 2836 1565 2878 adulatio
1614 2839 1698 2879 iam
1739 2843 1977 2896 respondet
2010 2850 2052 2885 et

1178 2908 1312 2937 voees
1372 2897 1690 2950 respondentes
1743 2900 1895 2943 eodem
1949 2917 2051 2946 casu

1178 2957 1347 3009 positae
1371 2961 1486 2998 sunt.
1540 2956 1703 2998 Similis
1730 2960 1852 3001 verbi
1873 2963 2051 3005 miscere

1178 3021 1393 3057 structura
1422 3014 1480 3056 111
1523 3014 1594 3057 67.
1629 3016 1680 3058 H.
1713 3016 1751 3058 ΙΙ
1785 3020 1853 3072 70,
1889 3020 1943 3062 lIl
1978 3023 2048 3074 74,

1176 3071 1320 3118 IV47.
1346 3074 1399 3116 Α.
1416 3075 1483 3117 15.
1529 3071 1656 3116 Conf.
1680 3084 1827 3120 annot.
1863 3080 1916 3122 ad
1936 3081 1990 3122 XI
2007 3083 2047 3124 6.

1263 3190 1394 3245 primi
1425 3189 1472 3230 in
1503 3189 1635 3231 verba
1660 3187 1815 3231 Tiberii
1847 3187 2050 3228 Caesar-is

1177 3248 1404 3290 iuravere.-
1431 3247 1472 3291 h.
1498 3261 1537 3290 e.
1568 3247 1848 3291 iureiurando
1862 3246 2051 3299 polliciti

1178 3313 1277 3346 sunt
1310 3307 1502 3348 facturos
1523 3320 1570 3347 se
1604 3319 1701 3348 esse
1719 3318 1831 3360 quae
1853 3304 2050 3349 Tiberius

1179 3367 1524 3418 praescripserit.
1588 3366 1687 3406 Mox
1723 3367 1784 3419 (c.
1804 3364 1856 3420 8)
1891 3369 1957 3405 est
1974 3378 2049 3404 sa-

1179 3432 1442 3465 cramentum
1457 3425 1503 3464 in
1517 3437 1669 3465 nomen
1685 3423 1852 3466 Tiberii.
1885 3422 2049 3465 Eadem

1179 3483 1221 3523 vi
1257 3482 1366 3523 dixit
1399 3482 1604 3524 Horatius
1630 3482 1767 3537 Epist.
1793 3481 1810 3523 1
1845 3482 1866 3525 1
1893 3483 1946 3524 14
1977 3483 2047 3523 iu-

1178 3554 1282 3582 rare
1314 3543 1361 3583 in.
1380 3541 1512 3582 verba
1533 3543 1743 3598 magistri,
1778 3541 1819 3584 h.
1846 3553 1884 3582 e.
1910 3540 2047 3584 firmi-

1178 3604 1244 3641 ter
1275 3599 1523 3655 approbare
1560 3614 1671 3657 quae
1712 3601 1922 3657 magister
1967 3598 2048 3642 do-

1178 3659 1316 3703 cuerit
1347 3672 1398 3703 uc
1426 3661 1718 3721 praeceperit.
1799 3664 1802 3666 ’
2032 3681 2037 3685 -
