2280 4004
247 281 307 326 oo
1014 278 1305 326 ANNALIVM
1817 298 1858 330 a.
1872 244 1935 331 νΙι.
1967 286 2080 333 768..

245 423 482 477 Iuventus
516 425 699 478 flumen
724 425 983 478 Adranam
1010 426 1179 477 nando
1208 428 1510 492 tramiserat,
1547 428 1906 494 Romanosque
1934 434 2077 496 'pon-

244 518 344 567 tem
400 518 680 583 coeptantis
733 519 991 571 arcebant.
1077 520 1208 572 Dein
1255 519 1521 571 tormentis
1577 519 1879 587 sagittisque
1922 519 2075 586 pulsi,

245 608 495 673 temptatis
534 609 722 660 frustra
745 607 1137 660 'conditionibus
1176 609 1336 674 paciS,
1377 623 1490 661 cum
1524 608 1726 676 quidam
1765 607 1828 658 ad
1861 606 2078 662 Germa-

245 700 414 752 nicum
454 701 831 768 perfugissent,
884 698 1069 766 reliqui
1097 700 1322 781 omissis
1350 702 1519 779 pagis
1521 702 1791 775 vicisque
1826 699 1879 750 in
1917 698 2074 755 silvas

207 789 622 859 sdisperguntur.
700 792 891 845 Caesar
929 792 1142 843 incenso
1173 769 1356 845 Mattio
1394 789 1471 854 (id
1508 792 1649 858 genti
1691 795 1864 858 caput)
1900 795 2074 858 aperta

242 881 525 948 populatus,
564 880 717 932 vertit
753 880 817 932 ad
841 881 1087 947 Rhenum,
1125 896 1229 933 non
1265 896 1390 934 auso
1422 881 1568 933 hoste
1598 886 1744 949 terga
1783 880 2073 933 abeuntium

240 971 527 1037 lacessere3
584 974 719 1062 quod
767 973 839 1024 illi
887 974 1075 1039 moris,
1136 975 1369 1041 quotiens
1422 982 1534 1028 astu
1584 976 1750 1044 magis
1794 986 1943 1038 quam
1980 986 2075 1039 per

240 1061 562 1115 formidinem
602 1067 773 1114 cessit.
847 1064 1029 1115 Fuerat
1068 1065 1264 1116 animus
1303 1065 1576 1119 Cheruscis
1617 1066 1794 1118 iuvare
1832 1063 2072 1116 Chattos·

240 1150 333 1202 sed
373 1152 618 1204 exterruit
657 1152 877 1205 Caecina
914 1153 1013 1205 huc
1046 1154 1165 1205 illuc
1203 1154 1374 1207 ferens
1418 1170 1586 1220 arma3
1626 1160 1676 1207 et
1699 1155 1899 1208 Marsos
1944 1169 2076 1208 con-

178 1242 388 1309 iogredi
441 1259 593 1296 ausos
641 1261 890 1312 prospero
942 1247 1140 1313 proelio
1193 1247 1436 1299 cohibuit.
1543 1248 1720 1314 Neque
1762 1246 1923 1299 multo
1955 1249 2158 1314 post5?

239 1333 395 1401 legati
433 1351 461 1386 a
491 1336 706 1404 Segeste
739 1343 989 1389 venerunt
1023 1338 1261 1389 auxilium
1306 1344 1511 1390 orantes
1552 1339 1801 1391 adversus
1839 1338 1941 1390 vim
1977 1353 2076 1405 po-

236 1426 501 1492 pularium,
540 1443 567 1478 a
603 1428 713 1494 quis
741 1428 1227 1495 circumsedebatur,
1256 1430 1666 1497 validioreapud
1703 1445 1794 1482 eos
1818 1430 2071 1496 Arminio,
2112 1418 2119 1424 ⁵

210 1518 477 1589 ‘quoniam
505 1518 691 1570 bellum
730 1520 1001 1572 suadebat:
1042 1536 1158 1571 nam
1190 1521 1440 1587 barbaris,
1481 1527 1668 1588 quanto
1711 1522 1822 1588 quis
1857 1522 2072 1574 audacia

238 1615 524 1676 promthS,
585 1617 724 1662 tanto
761 1612 925 1680 magis
970 1612 1098 1664 fidus
1139 1612 1394 1679 rebusque
1441 1613 1590 1664 motis
1629 1613 1801 1679 potior
1838 1612 2071 1665 habetur.

177 1713 225 1751 1⁵
240 1701 528 1754 Addiderat
569 1703 812 1770 Segestes
854 1703 1038 1771 legatis
1079 1704 1261 1770 filium,
1300 1704 1508 1756 nomine
1545 1703 1939 1772 Segimundum:
1979 1704 2070 1775 sed

233 1793 435 1867 iuvenis
466 1795 780 1847 conscientia
819 1795 1164 1867 cunctabatur.
1242 1796 1435 1862 Quippe
1473 1810 1606 1846 anno
1643 1809 1742 1862 quo
1768 1795 2070 1847 Germaniae

238 1869 523 1953 descivere,
564 1867 812 1939 sacerdes
839 1866 970 1954 apud
1006 1902 1145 1938 aram
1169 1887 1409 1939 Ubiorum
1446 1892 1646 1940 creatus
1668 1892 1874 1954 ruperat
1900 1886 2067 1952 vittaS,

5 880 66 931 «Lx
73 900 128 929 Cast

359 2044 396 2085 1.
431 2043 666 2084 tramiserit
684 2042 749 2084 Μ.
783 2041 1034 2084 emendavit
1051 2041 1277 2084 Acidalius
1301 2048 1344 2084 et
1363 2042 1571 2084 Pichena.
1633 2040 1676 2083 4.
1693 2041 1839 2098 paqis]
1869 2038 2068 2108 pacisM.

239 2103 279 2146 7.
315 2102 515 2157 quociens
545 2102 600 2145 M.
697 2103 765 2146 10.
803 2101 974 2158 praelio
1009 2102 1080 2144 Or.
1178 2103 1232 2144 12
1275 2107 1318 2144 et
1360 2102 1428 2145 17.
1480 2107 1583 2156 aput
1612 2100 1668 2142 M.
1765 2101 1833 2142 13.
1869 2099 2071 2154 quoniam

235 2162 322 2205 Iac.
357 2161 629 2204 Gronovius:
664 2174 742 2216 quo
777 2175 875 2203 cum
906 2161 1072 2203 lineola
1106 2161 1307 2216 (solitum
1343 2174 1386 2203 v.
1419 2162 1619 2216 quoniam
1651 2158 1980 2217 compendium)
2011 2157 2067 2202 M.

240 2223 308 2266 14.
342 2222 466 2264 rebus
498 2223 716 2263 commotis
747 2221 813 2263 M:
847 2222 1037 2264 correxit
1067 2220 1258 2276 Lipsius.

1191 2364 1307 2405 iussu
1347 2361 1609 2404 circumduci
1640 2359 1855 2402 Albanum
1896 2359 2069 2401 exerci-

236 2361 413 2414 habent,
433 2342 810 2417 [lumen-auctum&
860 2361 986 2413 Quod
1002 2362 1108 2404 dicit

1192 2430 1291 2475 lum,
1321 2429 1367 2464 ut
1405 2421 1674 2463 Fidenatium
1695 2419 1814 2460 nuda
1841 2426 1964 2474 terya
1990 2420 2067 2460 in-

235 2423 303 2464 vir
335 2422 593 2478 ingeniosus
613 2434 765 2462 verum
792 2427 874 2475 est,
908 2421 986 2463 sed
1017 2421 1105 2464 fal-

234 2495 328 2524 sum
361 2481 479 2538 quod
510 2481 613 2522 inde
647 2481 845 2538 colligit:
892 2494 991 2522 nam
1022 2482 1107 2537 slu-

233 2543 353 2584 mina
395 2542 526 2583 etiam
573 2540 880 2583 inundationes
923 2541 1116 2594 faciunt,

235 2614 323 2642 non
365 2600 714 2653 inundationem,
764 2606 808 2641 et
843 2606 988 2641 tamen
1020 2601 1107 2643 dici

235 2666 382 2716 potest
412 2661 630 2716 [tantinum.
650 2660 893 2701 inundatio.
949 2659 1034 2702 Sed
1063 2661 1106 2702 id

235 2720 532 2776 quaerendum
555 2724 707 2772 restat,
740 2732 841 2760 num
873 2724 973 2774 post
1004 2719 1107 2774 plu-

233 2780 369 2822 ralem
405 2779 561 2820 imbres
593 2785 637 2820 et
667 2779 935 2836 singularem
958 2786 1107 2821 auctus

234 2840 358 2881 verbi
423 2851 629 2880 numerus
689 2838 929 2895 singularis
978 2839 1105 2894 sequi

431 2898 474 2939 id
505 2899 620 2939 enim
639 2899 814 2939 nonnisi
841 2899 973 2940 certis
997 2911 1106 2939 con-

978 2957 1103 2999 Licet

234 2900 395 2953 possitz

235 2956 474 2999 ditionibus
521 2963 587 2999 est
629 2969 903 2999 concessum.

235 3029 340 3059 vero
394 3015 477 3057 hoc
540 3016 663 3068 loco,
728 3017 829 3072 quia
889 3017 1108 3071 {luminum

234 3083 385 3119 auctus
418 3081 484 3117 est
516 3075 632 3131 quod
654 3075 864 3116 imbribus
900 3075 1105 3127 eflicitur,

235 3142 278 3178 et
298 3137 400 3192 quia
432 3148 519 3176 non
545 3142 630 3177 tam
651 3135 811 3176 imbres
836 3146 963 3188 quam
990 3109 1107 3190 quod

234 3196 336 3238 inde
370 3197 655 3251 consequitur
687 3192 990 3246 metuebatur3
1036 3193 1105 3234 cui

234 3268 331 3298 cum
351 3256 509 3297 mentis
542 3256 661 3296 acies
682 3254 918 3308 praecipue
940 3253 1107 3294 intenta

233 3316 310 3368 sit,
367 3314 420 3356 ad
462 3314 576 3356 idem
619 3313 861 3368 praedicati
902 3325 1107 3355 numerus

234 3374 602 3416 accommodatur.

293 3434 540 3474 tramiserat
565 3458 620 3465 -
649 3431 886 3474 arcebant:
923 3430 1104 3473 alterum

232 3490 529 3546 praedicatum
565 3492 811 3548 (arcebant)
836 3503 922 3531 non
960 3504 1107 3547 gram-

232 3551 437 3592 maticum
481 3553 603 3591 vocis
646 3553 839 3592 iuventus
881 3563 1105 3592 numerum

235 3611 448 3665 sequitur,
474 3609 549 3651 sed
575 3609 782 3665 logicum.
826 3610 1012 3652 Perinde
1034 3609 1108 3652 XII

234 3670 292 3714 33
324 3675 366 3712 et
398 3668 479 3723 40,
514 3667 613 3710 XVI
644 3671 686 3713 2.
735 3668 828 3711 Liv.
859 3668 877 3711 Ι
908 3670 997 3713 27:
1033 3683 1106 3710 suo

1190 2484 1366 2524 vadant.
1430 2480 1496 2523 Cf.
1531 2478 1752 2522 Drakenb.
1797 2478 1850 2520 ad
1882 2477 1978 2520 Liv.
2011 2477 2068 2520 111

1192 2543 1248 2585 28
1279 2545 1320 2586 2.

1295 2601 1476 2643 Mattio:
1520 2612 1576 2644 ne
1610 2599 1807 2640 Mattium
1845 2597 2065 2654 (Madent),

1190 2661 1234 2701 in
1255 2659 1406 2703 dextra
1418 2659 1618 2701 Adi-anae
1634 2658 1794 2715 (Ede-r)
1808 2659 1903 2711 ripa
1918 2659 2064 2710 situm,

1191 2720 1373 2761 eandem
1406 2719 1557 2760 urbem
1601 2731 1699 2759 esse
1732 2729 1784 2759 ac
1816 2717 2065 2758 Mastiacum

1191 2779 1443 2836 (Mar-bury)
1467 2778 1521 2819 ad
1540 2777 1762 2833 Loganam
1785 2775 1952 2833 (Laba)
1962 2777 2066 2829 opi-

1190 2851 1358 2892 nemur,
1392 2839 1583 2894 diligens
1612 2836 1742 2877 huius
1770 2834 2065 2890 expeditionis

1192 2898 1486 2940 consideratio
1521 2895 1755 2950 impedit.
1782 2893 1908 2936 Conf.
1941 2893 2062 2936 wil-

1191 2957 1324 2999 helmi
1359 2958 1473 3000 libel
1517 2957 1587 2998 cui
1638 2955 1770 2997 index
1805 2953 2067 2996 Germanica

1188 3017 1277 3057 und
1307 3018 1423 3058 seine
1456 3015 1693 3058 Bcwokner
1725 3027 1767 3069 p.
1797 3013 1894 3056 188.
1938 3042 1941 3045 -
2093 3055 2099 3076 x

1279 3075 1383 3129 Cap.
1419 3077 1490 3118 57.
1560 3081 1717 3140 quanto
1751 3075 1843 3127 quis
1875 3072 2066 3114 audacia
2096 3092 2099 3126 2

1183 3142 1428 3190 pr:omptus
1478 3133 1716 3189 promptior
1758 3144 1914 3172 severa
1945 3137 2063 3171 stru-
2100 3144 2101 3148 ¹

1190 3199 1339 3235 cturac
1366 3194 1637 3235 concinnitas
1666 3190 1928 3245 postulhibat
1953 3189 2064 3231 hanc
2106 3200 2108 3215 ³

1189 3254 1325 3307 ipsam
1347 3259 1491 3295 autem
1509 3251 1623 3293 'laci'
1634 3264 1681 3291 us
1695 3249 2063 3303 suicide-clinare,
2107 3254 2114 3299 ζ

1188 3325 1276 3353 non
1324 3325 1498 3367 semper
1551 3310 1727 3367 quidem
1782 3309 1859 3351 sed
1911 3321 2062 3362 saepe.
2110 3310 2113 3344 J

1188 3371 1303 3414 168:
1328 3380 1483 3427 quanto
1505 3371 1700 3426 inopina,
1725 3377 1842 3411 tanto
1865 3369 2060 3419 maiora,
2052 3383 2063 3393 ·
2102 3366 2107 3426 f

1188 3431 1345 3474 11146:
1381 3438 1537 3485 quanto
1563 3430 1750 3486 pecunia
1781 3429 1886 3469 dites
1916 3434 1955 3468 et
1983 3439 2062 3466 vo-
2100 3444 2103 3460 ι.

1188 3491 1415 3546 luptatibus
1460 3489 1702 3546 opulentos,
1758 3493 1875 3527 tanto
1927 3487 2062 3540 magis

1188 3550 1389 3592 imbelles.
1469 3549 1543 3590 xil
1581 3551 1659 3589 11:
1706 3551 1860 3599 quanto
1901 3545 2064 3598 iynara

1191 3610 1417 3662 barbaris,
1464 3614 1580 3650 tanto
1622 3605 1877 3647 toleratiora
1909 3616 2063 3658 capes..

1190 3677 1314 3710 seret.
1400 3642 1451 3710 Η.
1486 3665 1638 3710 1199:
1688 3670 1887 3720 quantum
1919 3662 2059 3715 hebes,
2110 3675 2115 3699 i
