2222 4022
913 246 1061 290 CAPvr
1093 246 1264 290 30—31
1274 280 1283 290 .
1888 246 2023 291 XLIX-

333 389 412 440 Ad
451 390 673 443 Tacitum
729 392 1096 443 emendandum
1147 392 1274 442 alter
1307 391 1565 444 Mediceus
1614 391 1827 456 primum
1869 392 2019 442 adhi-

193 479 324 530 bitus
379 486 456 532 est
511 497 538 532 a
575 481 791 533 Pichena
831 482 1109 545 (Beroaldo
1153 488 1354 548 praesto
1409 482 1621 542 eundem
1676 482 1833 533 fuisse
1872 482 2019 533 Wal-

195 571 367 622 therus
405 572 532 623 salso
560 572 819 638 credidit),
857 578 958 623 tum
997 590 1023 624 a
1049 574 1234 624 Iacobo
1265 573 1542 638 Gronovio,
1580 578 1752 624 nostra
1774 574 2018 625 memoria

197 678 224 713 a
262 663 536 713 Francisco
579 662 661 712 del
699 663 844 714 Furia
886 669 935 715 et
975 664 1197 731 Georgio
1235 665 1456 716 Baitero,
1541 665 1778 716 Eiusdem
1817 665 2020 716 discre-

196 753 392 818 pantias
432 753 714 818 scripturae
753 754 925 806 Petrus
963 756 1218 807 Victorius
1259 757 1320 807 ad
1371 756 1627 824 exemplar
1659 756 2018 807 Beroaldinum

196 843 448 907 enotavit,
508 843 649 895 cuius
692 846 864 911 copias
918 863 982 899 ex
1015 847 1321 899 bibliotheca
1362 848 1658 900 Monacensi
1695 847 2017 915 depromptas

196 933 452 999 evulgavit
488 933 796 986 waltherus,

106 1027 173 1075 31
335 1024 410 1076 De
447 1026 631 1076 ceteris
663 1026 819 1077 Taciti
861 1028 1153 1093 codicibus,
1207 1030 1382 1080 seculo
1427 1030 1803 1095 quintodecimo
1844 1045 1908 1081 ex
1938 1025 2018 1082 Ma

193 1107 277 1165 aut
311 1114 505 1180 potius,
567 1131 677 1166 cum
717 1116 825 1182 ipse
865 1117 928 1167 ad
968 1116 1240 1184 legendum
1282 1123 1332 1169 et
1366 1119 1756 1170 describendum
1796 1119 2019 1170 difficilis

194 1210 357 1270 esset,
414 1222 477 1257 ex
528 1207 635 1258 eius
676 1207 819 1273 prole
859 1208 1124 1274 demissis,
1180 1209 1279 1260 iam
1322 1210 1547 1261 breviter
1586 1210 1794 1277 defungi
1831 1210 2018 1261 licebit.

191 1296 246 1347 In
288 1297 464 1348 eadem
505 1298 811 1350 bibliotheca
849 1293 1185 1351 Laurentiana
1240 1305 1344 1352 tres
1399 1301 1570 1351 insunt
1609 1301 1815 1352 codices
1859 1318 2022 1353 mem-

191 1379 398 1451 branei,
441 1388 697 1440 nonnullis
739 1389 791 1439 in
828 1390 956 1442 locis
996 1405 1023 1440 a
1061 1391 1278 1442 Pichena
1317 1397 1365 1442 et
1404 1391 1606 1443 Baitero
1646 1392 1877 1443 consulti.

332 1479 522 1530 Romae
560 1481 612 1529 in
650 1480 957 1532 bibliotheca
992 1482 1236 1533 Vaticana
1275 1488 1380 1534 tres
1407 1483 1715 1534 membranei
1754 1489 1830 1545 (n.
1870 1483 2018 1549 1863,

200 1567 348 1634 1864,
393 1569 570 1636 1958),
610 1587 738 1623 unus
777 1572 829 1622 in
871 1573 1042 1624 charta
1079 1574 1294 1640 scriptus
1331 1580 1406 1636 (n.
1451 1574 1612 1641 2965)
1653 1576 2018 1627 custodiuntur.

193 1661 270 1711 Ex
315 1661 393 1712 his
431 1662 724 1713 Vaticanum
783 1662 916 1715 1864
960 1665 1252 1730 BroteriuS‚
1316 1667 1399 1731 qui
1459 1681 1634 1717 omnes
1689 1667 1913 1732 pluribus
1968 1668 2018 1718 in

192 1751 322 1803 locis
382 1752 629 1819 inspexit,
698 1769 802 1805 non
854 1755 1133 1807 absimilem
1194 1757 1446 1808 existimat
1505 1758 1579 1821 ei,
1640 1772 1784 1823 quem
1823 1758 2020 1823 Lipsius

194 1842 559 1893 Farnesianum
613 1844 857 1911 appellat,
919 1862 1166 1912 quemque
1224 1848 1433 1898 contulit
1493 1849 1707 1899 Iacobus
1746 1849 2021 1900 Corbinelli

199 1934 389 1985 amicus
426 1935 678 1998 Broterii,
737 1937 985 1988 varietate
1026 1938 1307 2004 scripturae
1352 1939 1414 1989 ad
1458 1939 1738 2006 marginem
1781 1939 2020 1991 editionis

196 2024 439 2076 Beroaldi
493 2031 695 2078 enotata
747 2032 795 2078 et
849 2044 959 2079 cum
999 2029 1233 2080 Broterio
1295 2030 1663 2081 communicata
1680 2048 1693 2094 3
1751 2031 2024 2082 Vaticanus

205 2114 340 2167 1958
378 2115 583 2167 Genuae
625 2117 841 2183 scriptus
881 2123 956 2169 est
993 2135 1038 2169 a.
1064 2117 1212 2170 1449.
1288 2120 1340 2170 In
1376 2119 1475 2171 fine
1512 2125 1762 2171 notatum:
1802 2121 1850 2170 si
1885 2121 2029 2185 quis-

193 2206 334 2271 piam
389 2207 505 2258 hinc
557 2207 887 2273 descripserit
936 2223 1148 2274 novum,
1210 2210 1343 2260 sciat
1383 2227 1491 2276 me,
1549 2216 1788 2276 quantum
1839 2212 2025 2277 reperi,

194 2298 407 2362 fideliter
465 2298 528 2349 ab
584 2300 810 2364 eaeemplo
863 2300 1283 2365 transcripsisse,
1342 2302 1477 2366 quod
1526 2301 1657 2352 inter
1714 2308 1910 2365 cetera,
1970 2303 2030 2353 de

198 2388 377 2454 quibus
414 2390 591 2450 scitur,
634 2406 733 2440 non
771 2396 846 2440 est
871 2406 1030 2456 neque
1060 2392 1353 2456 pessimum,
1390 2407 1548 2458 neque
1580 2393 2024 2444 mendosissimum.

203 2482 359 2539 Τέλος
391 2480 508 2550 Θεῷ
533 2481 761 2547 χαίρειν.
837 2482 932 2532 Die
967 2468 1374 2547 septimadecima
1401 2482 1730 2535 Octobris-ab
1765 2490 1879 2534 ortu
1906 2484 2029 2536 Sal-

197 2570 392 2621 vatoris
454 2571 616 2621 nostri
688 2573 872 2623 domini
926 2573 1042 2623 Iesu
1109 2574 1295 2625 Christi
1366 2590 1500 2625 anno
1558 2575 2027 2629 MCCCCXLVIHI.

200 2661 430 2723 Genuae,
467 2662 635 2728 pridie
668 2664 852 2729 festum
888 2665 992 2715 dim·
1028 2665 1200 2716 Lucae
1238 2665 1608 2733 Evanyelistae.

339 2754 415 2804 Ex
449 2754 706 2806 Britannia
751 2757 1071 2809 Oxonienses
1107 2763 1211 2810 tres
1248 2758 1590 2824 innotuerunt,
1629 2758 1760 2810 liber
1794 2758 2032 2810 Harleia-

199 2855 310 2905 nus,
357 2841 695 2908 BodleianUS‚
738 2845 943 2912 collegii
981 2847 1118 2911 lew,
1159 2846 1294 2898 unde
1334 2848 1506 2900 varias
1542 2850 1791 2902 lectiones
1832 2849 1894 2900 ad
1931 2850 2029 2899 Er—

202 2931 353 2982 nestii
417 2932 700 2984 editionem·
762 2941 991 2988 enotatas
1053 2938 1183 2989 Sam.
1237 2939 1558 3006 Musgravius
1630 2941 1692 2992 ad
1747 2940 2029 2992 Broterium

208 3022 500 3073 transmisit.
577 3024 896 3091 HarleianuS,
936 3027 1206 3094 inscriptus
1235 3027 1476 3080 Actorum
1511 3030 1815 3081 diurnalium
1853 3030 2031 3097 Augu-

201 3117 314 3163 stae
356 3113 603 3164 historiae
640 3114 766 3165 Iiber
802 3116 1108 3187 XI—XXI,
1169 3117 1238 3167 ad
1272 3118 1330 3168 H.
1372 3120 1436 3170 III
1472 3116 1542 3170 34
1586 3119 1716 3170 hanc
1763 3119 2027 3184 scriptoris

200 3203 394 3255 librarii
432 3209 600 3256 notam
630 3206 806 3256 habet:
846 3206 991 3256 hodie
1015 3213 1179 3258 autem
1206 3207 1271 3257 ab
1309 3214 1424 3257 ortu
1455 3209 1717 3259 Creatoris
1752 3214 1870 3257 sunt
1906 3207 2028 3258 anni

202 3293 534 3345 M.CCCCLII.
608 3296 663 3346 In
702 3296 800 3348 fine
835 3298 1053 3363 ascripta
1091 3302 1233 3349 sunt:
1274 3298 1326 3347 in
1362 3299 1643 3362 exemplari
1678 3303 1865 3348 tantum
1900 3303 2027 3349 erat.

205 3383 264 3436 Si
297 3383 549 3448 quispiam
595 3384 710 3435 hinc
759 3386 1112 3451 descripserit,
1178 3388 1310 3437 sciat
1345 3404 1421 3437 me
1469 3394 1706 3452 quantum
1754 3388 1926 3453 reperi
1962 3388 2027 3438 ab

204 3474 486 3540 exemplari
523 3475 871 3540 descripsisse.
945 3478 1021 3528 Ex
1055 3478 1302 3528 Vaticano
1347 3478 1479 3530 1958
1517 3479 1773 3544 profectus
1807 3479 2023 3530 videtur.

204 3565 341 3618 Idem
380 3565 653 3617 Vaticanus
716 3567 830 3617 sons
867 3566 1129 3618 Bodleiani
1183 3568 1300 3632 suit,
1360 3573 1414 3618 ut
1459 3573 1664 3636 apparet
1715 3585 1780 3621 ex
1829 3568 2025 3621 librarii

1559 3660 1703 3694 *aas
