2280 4004
204 295 230 326 a
262 279 310 325 G.
343 283 450 327 .20.-
787 279 952 324 LIBER
983 279 1055 324 111.
1117 277 1225 323 CAr.
1259 279 1419 324 9—12.
1945 277 2032 322 1⁹73

205 425 541 478 Aeserninum
575 425 894 489 Marcellum,
952 425 1154 478 Sext-um
1192 422 1479 489 Pompeium
1528 424 1770 487 patronos
1825 418 2030 485 petenti,

208 517 371 583 iisque
421 516 624 568 diversa
672 515 1053 579 excusantibuS,
1109 515 1307 566 Marcus
1346 512 1564 579 Lepidus
1605 516 1654 563 et
1692 510 1875 562 Lucius
1916 510 2030 561 Piso

211 613 259 660 et
297 608 553 660 Livineius
591 607 813 675 Regulus
853 607 1091 671 adfuere,
1139 605 1344 657 adrecta
1386 604 1521 655 omni
1566 603 1796 667 civitate,
1848 606 2031 669 quanta

207 699 331 752 lides
370 701 544 751 amicis
587 700 905 763 Germanici,
931 698 1324 770 quaeffiducla
1325 713 1454 762 reo,
1502 697 1633 749 satin
1672 695 1935 747 cohiberet
1971 709 2031 746 ac
2060 683 2271 786 ΞΗ)

207 796 481 864 premeret
493 806 685 862 sensus
713 806 849 858 suos
851 790 1124 857 Jl'iberius.
1209 790 1256 840 Is
1293 789 1427 839 haud
1470 788 1596 839 alias
1639 788 1895 852 intentior,
1935 801 2032 853 po-
2051 793 2193 856 5524
2187 808 2250 851 5,

206 858 504 949 pffplus
552 881 649 933 sibi
697 881 748 930 in
800 881 1078 947 principem
1127 879 1358 931 occultae
1412 879 1558 931 vocis
1610 885 1694 930 aut
1752 877 2032 945 suspicacis

124 973 393 1025 12s11entu
428 970 671 1039 permisit.
767 972 861 1023 Die
911 976 1115 1023 senatus
1155 971 1346 1022 Caesar
1384 971 1666 1021 orationem
1715 970 1886 1021 habuit
1922 984 2034 1019 me-

208 1047 364 1115 ditato
399 1068 811 1129 temperamento,
884 1062 1042 1113 Patris
1081 1062 1158 1113 sui
1196 1061 1417 1128 legatum
1455 1066 1604 1127 atque
1642 1061 1855 1111 amicum
1888 1060 2036 1112 Piso-

206 1170 319 1205 nem
369 1153 559 1218 fuisse‚
618 1152 1001 1218 adiutoremque
1038 1151 1343 1204 Germanico
1402 1150 1570 1201 datum
1614 1167 1642 1202 a
1688 1167 1772 1215 se,
1824 1155 2033 1201 auctore

205 1248 398 1310 senatu,
435 1243 588 1296 rebus
627 1243 758 1310 apud
785 1243 1044 1296 Orientem
1077 1242 1507 1294 administrandis.
1574 1241 1680 1293 Illic
1717 1241 2099 1299 contumaciam

204 1339 254 1386 et
310 1333 669 1387 certaminibus
729 1339 1020 1401 asperasset
1074 1334 1306 1385 iuvenem
1362 1332 1598 1398 exituque
1660 1333 1768 1384 eius
1821 1332 2033 1384 laetatus

204 1430 370 1491 esset,
418 1441 482 1477 an
520 1408 717 1478 scelere
757 1426 1086 1491 extinxisset‚
1145 1425 1359 1491 integris
1411 1424 1591 1475 animis
1639 1423 2034 1478 diiudicandum.
2073 1419 2075 1421 ’

195 1513 339 1568 ‘Nam
377 1517 423 1569 si
459 1517 656 1584 legatus
692 1517 847 1569 officii
892 1516 1168 1582 terminOS,
1203 1516 1499 1582 obsequium
1525 1531 1647 1583 erga
1684 1515 2037 1582 imperatorem

205 1607 368 1673 exuit,
434 1609 761 1675 eiusdemque
800 1614 962 1659 morte
1011 1613 1060 1660 et
1096 1607 1232 1658 luctu
1268 1621 1381 1658 meo
1432 1606 1643 1659 laetatus
1686 1612 1790 1672 est,
1852 1607 2031 1671 oder0,

205 1713 547 1766 seponamque
585 1717 613 1751 a
654 1700 804 1751 domo
834 1716 962 1765 mea,
1006 1705 1054 1751 et
1089 1699 1313 1766 privatas
1351 1699 1640 1750 inimicitias
1665 1714 1767 1750 non
1804 1699 1853 1749 vi
1890 1699 2097 1765 prin-1⁵

205 1789 330 1857 cipis
378 1790 615 1858 ulciscar.
706 1791 794 1844 Sin
837 1790 1033 1843 facinus
1073 1790 1126 1840 in
1176 1790 1533 1855 cuiuscumque
1584 1789 1867 1841 mortalium
1907 1804 2035 1840 nece

204 1879 563 1932 vindicandum
602 1880 872 1948 detegitur,
914 1896 1007 1933 vos
1045 1896 1169 1933 vero
1212 1886 1260 1933 et
1301 1881 1491 1932 liberos
1529 1879 1817 1932 Germanici
1854 1885 1902 1931 et
1939 1894 2034 1931 nos

201 1976 437 2037 parentes
478 1971 622 2023 iustis
661 1971 855 2023 solatiis
897 1972 1111 2024 adficite.
1188 1971 1443 2038 Simulque
1480 1971 1601 2022 illud
1638 1976 1884 2038 reputate,
1926 1976 2034 2022 tur-

203 2060 320 2112 bide
357 2066 406 2113 et
445 2062 690 2113 seditiose
727 2063 1022 2114 tractaverit
1060 2062 1315 2114 exercitus
1349 2062 1491 2126 Piso,
1535 2063 1761 2127 quaesita
1801 2061 1901 2112 sint
1940 2076 2033 2128 per

203 2150 526 2203 ambitionem
563 2151 727 2202 studia
763 2152 1001 2217 militum,
1043 2152 1195 2203 armis
1234 2152 1444 2217 repetita
1479 2153 1760 2218 provincia,
1803 2167 1867 2204 an
1905 2152 2033 2204 salsa
2050 2173 2100 2212 ρο

327 2290 363 2330 1.
397 2289 498 2330 Sex.
531 2288 587 2330 Μ.
650 2290 692 2332 2.
728 2289 790 2331 M.
825 2289 994 2347 lepedus
1033 2292 1086 2333 M.
1151 2291 1201 2333 L.

203 2348 243 2389 ὓ.
273 2354 516 2403 praemeret
546 2347 599 2389 Μ.

1239 2292 1293 2333 Μ.
1352 2293 1394 2334 3.
1430 2291 1635 2333 liveneius
1668 2292 1720 2335 M.
1796 2298 1946 2333 ‹trecta
1978 2291 2032 2334 Μ.

722 2351 759 2390 is
792 2348 963 2391 editor:
996 2351 1035 2392 Μ
1067 2364 1121 2391 ac
1154 2352 1217 2407 (in
1250 2363 1387 2407 marg.
1423 2354 1500 2408 an)
1529 2359 1775 2406 praemcret
1803 2353 1861 2403 is,
1898 2350 2034 2407 vulgo

200 2407 254 2447 iis
285 2411 465 2448 auctore
499 2406 696 2448 Grutero.
818 2408 861 2451 8.
896 2416 1231 2466 temperamenta
1265 2411 1331 2452 M:
1381 2411 1513 2451 tacite
1555 2412 1745 2452 correxit
1779 2410 2032 2452 Rhenanus.

204 2465 272 2508 10.
307 2472 410 2521 aput
439 2465 494 2509 M.
563 2467 631 2509 14.
664 2468 801 2509 eoesuit
821 2467 874 2515 Μ.
940 2467 1096 2512 luctum
1124 2483 1171 2511 eo
1192 2469 1245 2511 M.
1315 2469 1381 2511 15.
1412 2483 1499 2511 non
1525 2471 1585 2526 vi]
1613 2471 1714 2511 noin'
1743 2470 1810 2512 M:
1846 2470 2037 2511 correxit

200 2522 386 2577 Lipsius.
454 2524 521 2567 18.
555 2524 729 2567 solaciis
760 2526 813 2567 M.

200 2638 370 2693 syllaba
401 2639 508 2682 FVL
541 2653 618 2695 pro
657 2642 711 2684 Vl
745 2656 799 2684 ex
832 2656 965 2698 prava
999 2657 1072 2685 rc-

1158 2643 1310 2698 procul
1366 2643 1643 2698 habendum7

202 2698 454 2741 cordatione
486 2701 674 2743 nominis
716 2702 903 2744 Fulcinii
944 2717 980 2745 c.
1020 2704 1073 2746 10

1700 2646 1862 2700 quippe
1917 2644 2034 2700 quod

1160 2703 1347 2762 φράσιν
1380 2709 1423 2745 et
1455 2710 1715 2746 structuram
1748 2717 1898 2759 parum
1920 2703 2032 2745 Cor-

201 2759 349 2812 scripti
382 2758 555 2813 prodiit,
588 2766 692 2802 nota
715 2761 777 2803 M.
804 2769 946 2803 autem
976 2769 1074 2816 post

203 2823 438 2859 extremam
452 2817 638 2860 litteram
664 2820 968 2874 praecedentis
989 2833 1073 2861 no-

202 2877 330 2917 minis
362 2876 619 2919 Arruntium
652 2884 826 2921 extrusa
866 2885 944 2921 est.
1008 2879 1074 2922 De

201 2935 406 2975 Arruntio
419 2938 786 2979 sanctissimarum
805 2941 958 2980 artium
980 2940 1074 2980 viro

203 2992 302 3035 vide
343 2993 531 3036 indicem
575 2994 843 3039 historicum.
907 2999 1074 3040 Seneca

202 3051 279 3106 Ep.
288 3049 372 3095 114
382 3067 406 3093 r
407 3067 514 3095 arae
527 3056 793 3111 frugalitatis
804 3059 941 3099 virum
953 3056 1073 3100 dicit

134 3145 153 3165 a,
289 3124 397 3167 quae
422 3113 584 3167 fiducia
614 3129 715 3158 reo:
758 3115 799 3158 h.
836 3129 874 3158 e.
917 3115 1071 3173 quibus

203 3170 332 3212 rebus
345 3183 444 3213 reus
464 3171 631 3216 fideret.
666 3175 802 3217 Recte
822 3182 1073 3230 comparant

209 3228 380 3284 Virgilii
414 3231 525 3272 Aen.
558 3233 597 3274 lt
630 3234 707 3276 75.
741 3243 940 3276 memoret
966 3248 1073 3289 quae

159 3338 170 3342 „
203 3287 254 3327 sit
280 3286 442 3339 fiducia
475 3297 612 3345 capto

290 3346 327 3386 is
367 3344 483 3387 haud
523 3348 635 3390 alias
676 3351 904 3392 intentior:
957 3351 1073 3406 quod

205 3405 246 3444 in
297 3404 408 3445 libro
456 3405 495 3446 M
539 3405 608 3447 his
660 3408 804 3449 verbis
852 3411 1073 3452 antecedit

202 3477 256 3504 ac
298 3472 563 3519 praemeiffet
615 3466 656 3506 id
700 3468 795 3508 sine
843 3468 974 3508 dubio
1019 3482 1071 3510 ex

204 3522 417 3575 prioribus
463 3538 517 3565 ac
542 3532 755 3580 premeret
800 3539 945 3568 sensus
977 3542 1073 3568 suos

208 3580 394 3625 Tiberius
436 3595 582 3625 errore
630 3582 793 3624 librarii
841 3587 1070 3639 repetitum

205 3644 298 3695 est,
353 3649 396 3685 et
441 3641 682 3701 periculum
725 3642 1070 3691 waltherianum

1158 2762 1377 2804 nelianam
1426 2764 1633 2817 praebeat
1682 2770 1723 2804 et
1777 2765 2031 2817 pronomine

1160 2823 1234 2878 (is)
1267 2822 1442 2864 sinistre
1482 2821 1626 2863 locato
1661 2822 1840 2863 multum
1874 2822 2031 2876 displi-

1160 2887 1270 2922 ceat.
1312 2880 1359 2921 In
1393 2883 1553 2923 ceteris
1581 2882 1700 2923 nulla
1721 2883 1801 2923 iam
1828 2883 2030 2924 offensio.

1161 2940 1203 2981 Is
1237 2945 1303 2981 est
1334 2942 1564 2995 princeps,
1609 2943 1676 2982 cui
1711 2954 1810 2982 mox
1843 2940 2030 2996 populus

1159 2999 1407 3053 opponitur.
1484 3000 1681 3042 Tiberius
1743 3001 1858 3041 hacid
1918 3000 2031 3042 alias

1158 3059 1362 3100 intentior
1410 3065 1502 3101 erat
1558 3073 1642 3115 qua
1687 3072 1798 3102 voce
1849 3059 2031 3101 vultuve

1160 3123 1377 3170 uteretur,
1410 3118 1596 3173 populus
1630 3119 1746 3159 haud
1777 3118 1888 3159 alias
1921 3117 2030 3172 (hoc

1159 3178 1289 3217 etiam
1322 3176 1375 3217 ad
1407 3177 1588 3218 alterum
1630 3176 1922 3230 praedicatum
1955 3188 2029 3217 re-

1159 3235 1262 3277 ferri
1296 3235 1450 3291 debet)
1479 3235 1576 3290 plus
1610 3235 1691 3276 sibi
1713 3237 1758 3276 in
1790 3236 2030 3291 principem

1159 3292 1351 3334 occultae
1381 3295 1496 3335 vocis
1516 3301 1587 3334 aut
1607 3294 1839 3349 suspicacis
1870 3291 2031 3335 silentii

1154 3353 1361 3408 permisit.

1252 3408 1353 3463 Cap.
1391 3412 1459 3453 12.
1508 3412 1685 3465 integris
1706 3411 1884 3452 animis:
1917 3410 1959 3452 h.
1987 3424 2026 3453 e.

1159 3469 1311 3509 animis
1343 3481 1487 3523 neque
1519 3471 1771 3523 suspicione
1814 3475 1887 3511 aut
1926 3469 2027 3511 odio

1158 3540 1299 3581 neque
1332 3527 1483 3569 favore
1517 3529 1707 3571 infectis.

1268 3586 1462 3628 seditiose
1514 3590 1765 3630 tractaverit
1819 3589 2031 3630 exercitus

1157 3647 1251 3692 Piso
1263 3659 1278 3687 .-
1300 3645 1445 3690 addito
1461 3649 1638 3693 nomine
1648 3647 1819 3693 Pisonis
1836 3648 2029 3696 imitatur
