2280 4004
234 304 445 352 ac.66.

778 306 942 350 LIBER
972 307 1086 351 XVI.
1153 307 1258 351 CAP.
1296 308 1484 352 17—18.

1967 310 2054 351 329

230 448 281 500 in
317 448 614 516 Tigellinum
662 463 1006 516 generumque
1059 449 1167 501 eius
1213 450 1565 501 Cossutianum
1608 449 1898 515 Capitonem
1939 466 2059 502 ero-

230 540 413 607 gabat,
455 554 553 606 quo
614 545 782 591 cetera
821 546 1096 592 manerent.

1170 541 1388 591 Additur
1426 541 1753 607 [codicillis],
1808 547 2058 607 tamquam

232 631 296 682 de
346 632 607 697 iniquitate
644 632 781 683 exitii
820 647 1067 699 querenS,
1119 633 1188 682 ita
1230 633 1533 698 scripsisse,
1585 648 1641 685 se
1694 633 1893 699 quidem
1931 632 2060 684 mori

230 722 378 773 nullis
413 723 646 789 supplicii
686 725 884 787 causiS,
938 724 1129 776 Rufium
1183 729 1345 776 autem
1391 725 1672 800 Crispinum
1729 730 1779 776 et
1825 723 2060 775 Anicium

231 812 476 864 Cerialem
510 814 610 864 vita
652 814 748 865 frui
788 814 1017 866 infensos
1056 814 1286 880 principi.

1363 815 1503 875 Quae
1552 815 1831 880 composita
1869 813 2101 867 crede-5

231 903 413 955 bantur
451 904 514 955 de
555 905 814 971 Crispina,
857 905 972 972 quia
1007 905 1301 959 interfectus
1346 911 1482 970 erat,
1525 906 1588 956 de
1628 906 1854 970 Ceriale,
1891 910 1944 955 ut
1980 906 2062 955 in-

233 994 561 1046 terficeretur.

635 996 809 1061 Neque
848 997 980 1047 enim
1026 996 1179 1047 multo
1217 1002 1331 1062 post
1365 997 1466 1047 vim
1504 996 1602 1047 sibi
1639 997 1825 1061 attulit,
1867 997 2062 1049 minore

234 1101 382 1152 quam
423 1087 579 1138 ceteri
617 1087 972 1152 miseratione,
1025 1088 1140 1154 quia
1177 1088 1424 1153 proditam
1466 1087 1592 1140 Gaio
1633 1088 1840 1139 Caesari
1880 1088 2062 1138 coniu-

152 1177 481 1234 18rationem
522 1177 584 1227 ab
623 1191 685 1227 eo
726 1178 1072 1228 meminerant.

233 1267 508 1333 repetenda
546 1273 676 1318 sunt.

1148 1178 1222 1229 De
1263 1178 1387 1228 Gaio
1421 1178 1656 1228 Petronio
1695 1193 1855 1243 pauca
1911 1193 2061 1243 supra

751 1269 875 1319 Nam
922 1268 993 1317 illi
1043 1269 1153 1319 dies
1201 1283 1291 1334 per
1338 1282 1598 1332 somnum,
1654 1283 1758 1319 nox
1796 1268 1978 1339 officiis
2014 1274 2063 1320 et
2083 1288 2130 1323 ω

235 1351 617 1410 oblectamentis
657 1359 791 1410 vitae
821 1359 1227 1426 transigebatur3
1280 1364 1432 1424 utque
1484 1359 1610 1410 alios
1664 1360 1941 1424 industria,
1994 1361 2063 1411 ita

238 1449 373 1501 hunc
410 1450 614 1516 ignavia
658 1450 719 1500 ad
762 1450 944 1501 famam
986 1450 1290 1515 protulerat,
1331 1450 1709 1516 habebaturque
1753 1465 1856 1501 non
1894 1465 2064 1518 ganeo

240 1545 289 1592 et
327 1541 638 1607 profligator,
679 1546 734 1591 ut
766 1541 992 1607 plerique
1030 1556 1120 1592 sua
1162 1541 1514 1606 haurientium,
1557 1542 1647 1593 sed
1693 1542 1888 1593 erudito
1929 1541 2064 1592 luxu.

239 1632 316 1682 Ac
352 1631 487 1683 dicta
527 1632 760 1698 factaque
800 1633 907 1683 eius
935 1630 1120 1698 'quanto
1164 1633 1408 1685 solutiora
1449 1638 1497 1684 et
1535 1633 1785 1698 quandam
1825 1633 1902 1685 sui
1936 1647 2069 1699 neg-

245 1723 519 1790 legentiam
557 1724 926 1790 praeferentia,
965 1729 1103 1774 tanto
1142 1725 1335 1791 gratius
1374 1724 1425 1774 in
1464 1724 1687 1790 speciem
1738 1723 2133 1800 simplicitatisis

241 1814 636 1880 accipiebantur.

360 1958 398 1998 1.
433 1956 556 2013 tiqill.
589 1955 669 1999 Ma.

785 1956 827 1998 2.
863 1956 1054 2013 glossam
1092 1955 1301 1997 codicillis
1335 1954 1518 1996 seclusit
1551 1954 1705 1996 editor.

709 1814 986 1866 Proconsul
1041 1820 1205 1866 tamen
1243 1814 1537 1881 Bithyniae,
1600 1819 1649 1865 et
1701 1829 1820 1866 mox
1873 1813 2066 1878 consul,

1831 1960 1946 2008 tanq.
1986 1950 2064 1995 Ma.

239 2019 280 2060 3.
314 2017 552 2073 scripsisset
569 2015 649 2069 Ma,
681 2015 902 2058 referente
936 2015 1126 2066 Orellio,
1156 2016 1260 2056 item
1290 2013 1425 2056 BCR:
1457 2015 1677 2069 scripsisse
1710 2012 1743 2055 G
1776 2019 1819 2054 et
1842 2012 2069 2055 Oxonien-

241 2089 327 2118 ses.
447 2076 488 2119 4.
521 2077 707 2131 rufrium
738 2073 818 2116 Ma.

239 2136 441 2190 Rufrium
472 2142 546 2176 aut
577 2135 822 2190 crispinum.

242 2195 290 2238 G.
325 2193 406 2236 Ma.
498 2195 539 2237 9.
576 2195 624 2236 G.
659 2192 739 2235 Ma.

237 2267 404 2311 procos.
441 2266 537 2295 cum
569 2253 646 2295 lin.
670 2251 750 2295 Ma.
843 2253 1019 2294 bithinia
1052 2251 1130 2295 Ma.

242 2390 432 2448 glossam
478 2401 576 2430 esse
616 2388 780 2444 liquet,
829 2389 874 2429 in
915 2389 1112 2444 margine

243 2449 405 2491 codicis
443 2446 708 2505 ἀρχετύπου
740 2447 813 2489 vel
848 2460 977 2501 supra
1010 2459 1113 2488 ver-

242 2523 334 2551 sum
368 2506 502 2549 verbo
536 2507 708 2549 additur
731 2507 960 2548 adiectam.
1004 2506 1114 2547 Hinc

240 2581 354 2609 nova
387 2567 635 2621 corruptela
660 2573 889 2620 procreata
912 2571 978 2607 est
1003 2572 1115 2607 tam-

241 2642 365 2683 quam
399 2653 454 2660 -—
492 2627 742 2682 scripsisset.

348 2688 449 2741 quia
497 2686 713 2741 proditam
766 2685 873 2726 Gaio
923 2684 1113 2726 “Caesari

240 2747 580 2787 coniurationem
620 2745 672 2786 ab
721 2758 767 2785 eo
806 2744 1114 2784 meminerant.-

239 2811 382 2846 utrum
434 2804 610 2846 Aemilii
663 2803 815 2857 Lepidi
873 2804 1116 2844 coniuratio

245 2865 449 2918 (Sueton.
486 2862 626 2917 Calig.
662 2860 732 2904 24.
795 2861 877 2902 Dio
913 2861 1003 2902 LIX
1035 2864 1115 2917 22)

243 2923 424 2974 dicatur,
462 2935 514 2962 an
548 2921 685 2962 altera
718 2919 772 2961 de
812 2933 896 2974 qua
928 2920 1117 2960 Zonaras

244 2982 336 3037 (ed.
379 2981 548 3022 Pinder.
590 2979 679 3021 vol.
727 2978 762 3019 11
805 2992 845 3032 p.
882 2978 991 3035 454)
1037 2992 1118 3019 ex-

243 3042 389 3095 posuit
415 3040 759 3092 memoravitque
778 3039 954 3078 nomina
973 3038 1119 3078 Anicii

245 3098 428 3141 Cerialis
488 3105 531 3140 ct
577 3097 744 3151 Papinii
806 3096 945 3151 (hunc
1007 3096 1117 3137 falso

243 3159 433 3200 Zonaras
466 3158 600 3199 filium
634 3156 738 3197 facit
771 3154 1003 3211 Cerialis),
1047 3156 1119 3195 in-

245 3225 409 3259 certum
444 3223 523 3258 est.
586 3215 776 3256 Zonaras
817 3227 928 3268 quae
960 3219 1119 3266 narrat,

246 3289 298 3318 ea
329 3277 396 3318 his
428 3275 561 3317 Taciti
598 3274 743 3316 verbis
776 3286 862 3313 non
883 3274 988 3314 satis
1010 3285 1119 3314 con-

244 3337 441 3376 veniunt.
873 3355 880 3364 ·

347 3393 452 3447 Cap.
507 3392 596 3434 18:
637 3392 686 3432 de
736 3391 842 3432 Gaio
893 3390 1117 3432 Petronio:

246 3465 509 3507 praenomen
554 3450 745 3491 Petronii
799 3451 928 3491 Titum
971 3449 1120 3490 scribit

244 3512 410 3553 Plinius
450 3510 500 3552 N.
537 3510 586 3551 H.
623 3508 816 3549 XXXVII
849 3510 872 3551 7
923 3513 966 3549 et
998 3508 1120 3549 Plut-
1185 3511 1189 3515 ⁴

245 3570 400 3612 archus
459 3569 511 3610 dc
556 3568 754 3609 Discrim.
796 3581 878 3609 am.
922 3573 966 3609 et
1003 3566 1118 3608 adul.

246 3631 318 3672 35.
380 3629 425 3670 ln
459 3628 713 3683 fragmentis
749 3626 844 3668 libri
877 3628 1120 3680 superstitis

249 3688 535 3743 (satyr-icon)
591 3696 748 3728 nomen
810 3690 853 3727 et
906 3696 1120 3741 agnomen

943 2082 1082 2116 autem
1116 2073 1196 2124 Ma,
1230 2087 1317 2115 non
1350 2081 1505 2126 tamen,
1540 2079 1585 2113 ut
1616 2073 1745 2115 tradit
1776 2072 1984 2114 Pichena.
2035 2070 2068 2112 G

945 2136 985 2177 7.
1021 2135 1192 2176 minor?
1226 2133 1318 2185 Ma,
1352 2134 1517 2174 minore
1550 2131 1598 2174 G.

834 2194 901 2236 10.
935 2194 1141 2235 somnium
1171 2192 1250 2245 Ma,
1284 2192 1318 2234 G
1348 2206 1550 2234 somnum.

1718 2132 1761 2176 8.
1795 2133 1956 2175 caeteri
1989 2129 2067 2173 Ma.

1635 2192 1701 2234 11..
1736 2191 1822 2233 uile
1855 2190 1934 2235 Ma.
2002 2189 2069 2234 16.

1226 2251 1407 2293 οοηεαῐό
1435 2251 1518 2295 Ma.

1198 2386 1440 2443 (Petronius
1455 2385 1648 2443 Arbiter)
1669 2387 1971 2440 consignatum
1990 2389 2071 2428 est.

1200 2446 1403 2488 Ceterum
1447 2446 1648 2487 diuturna
1687 2444 1764 2486 illa
1797 2444 2072 2498 disceptatio,

1198 2506 1372 2548 idemne
1404 2507 1460 2546 sit
1492 2519 1587 2546 cum
1622 2505 1704 2546 hoc
1725 2504 1910 2546 Neronis
1934 2505 2073 2559 amico

1200 2567 1273 2620 qui
1289 2566 1463 2619 scripsit
1479 2565 1689 2618 Satyrica,
1703 2564 1818 2605 unde
1831 2565 2077 2619 fragmenta

1201 2624 1255 2666 ad
1317 2631 1507 2666 nostram
1559 2629 1745 2665 aetatem
1814 2636 2074 2677 pervenere,

1201 2697 1357 2736 necne,
1391 2686 1476 2725 iam
1502 2684 1743 2736 composita
1774 2682 1948 2724 videtur
1981 2695 2077 2724 esse

1201 2744 1254 2784 iis
1287 2756 1398 2798 quae
1424 2743 1632 2786 Studerus
1649 2742 1885 2783 Bernensis
1919 2747 1962 2783 et
1994 2754 2079 2797 ego

1201 2804 1246 2842 in
1279 2803 1427 2844 Museo
1460 2802 1670 2843 Rhenano
1704 2815 1773 2842 an.
1812 2801 1925 2844 1842
1958 2800 2020 2855 (ΙΙ
2058 2802 2078 2842 1

1205 2867 1247 2902 et
1279 2864 1307 2904 2
1340 2867 1383 2901 et
1414 2864 1464 2917 4)
1498 2861 1792 2914 exposuimus,

1295 2920 1368 2960 sed
1399 2919 1561 2961 erudito
1586 2919 1714 2960 luxu:
1749 2918 1879 2960 talem
1911 2931 2081 2974 ganeo-

1203 2991 1327 3031 nem,
1369 2978 1447 3020 sed
1487 2980 1530 3019 in
1574 2977 1804 3019 ridiculum
1850 2977 2083 3028 detortum,

1205 3039 1385 3091 copiose
1419 3033 1650 3091 descripsit
1678 3038 1773 3090 ipse
1801 3037 2083 3078 Trimalchio-

1203 3110 1298 3137 nem
1338 3100 1382 3137 in
1424 3110 1474 3137 ea
1521 3098 1666 3149 operis
1706 3101 1827 3149 parto
1872 3108 1984 3149 quac
2018 3099 2084 3136 est

1205 3155 1258 3196 de
1292 3167 1429 3196 coena
1451 3154 1796 3196 Trimalchionis
1891 3168 1945 3195 ac
1969 3155 2085 3196 dicta

1203 3216 1405 3268 factaque
1418 3215 1506 3254 eius
1517 3238 1570 3244 -
1583 3213 1933 3268 accipiebantur:
1954 3213 2083 3267 plane

1207 3271 1420 3314 eiusmodi
1463 3278 1563 3312 sunt
1611 3273 1727 3313 dicta
1772 3271 1961 3312 Petronii
2005 3285 2083 3327 per

1206 3331 1432 3384 Satyricon
1451 3331 1695 3386 fragmenta
1715 3331 1952 3385 proposita.
1999 3332 2084 3373 Res

1205 3391 1403 3431 infandas
1444 3396 1487 3431 et
1528 3390 1733 3431 libidines
1779 3388 1970 3430 nefarias
2024 3392 2082 3431 ita

1206 3449 1420 3504 depingit,
1454 3455 1669 3503 tamquam
1703 3448 1811 3490 haec
1845 3454 1888 3488 et
1923 3449 2084 3504 ubique

1208 3514 1250 3548 et
1283 3507 1479 3563 quotidie
1523 3509 1751 3559 eveniant,
1792 3508 1886 3560 ipse
1925 3520 2082 3549 severo

1207 3567 1443 3620 supercilio
1475 3579 1591 3608 usus.

1296 3633 1334 3667 et
1364 3638 1462 3666 moa:
1494 3625 1667 3666 consul.-
1716 3637 1799 3665 non
1843 3623 2084 3666 ordinarius

1210 3681 1360 3726 consul
1393 3682 1491 3737 fuit,
1525 3682 1599 3726 sed
1630 3683 1696 3725 cui
1726 3683 2082 3738 aliquot-menses
