2280 4004
128 831 197 880 48

207 341 233 372 a
266 325 315 373 C.
347 327 538 375 61—62.

790 329 956 373 LIBER
986 328 1101 373 XIV.
1166 327 1272 373 CAP.
1304 328 1495 374 45—48.

1943 331 2031 376 221

210 470 348 523 Vixit
381 475 550 524 tamen
584 475 700 538 post
735 471 863 524 haec
887 471 1128 539 Regulus,
1157 472 1324 538 quiete
1364 471 1622 537 defensus,
1663 476 1713 525 et
1749 471 1867 539 quia
1898 446 2034 525 nova

210 563 417 630 generis
455 563 755 615 claritudine
790 578 954 629 neque
983 563 1252 615 invidiosis
1292 563 1471 629 opibus
1510 568 1635 616 erat.

1710 562 2035 631 Gymnasium

212 669 275 706 eo
319 669 452 706 anno
494 654 781 707 dedicatum
817 671 845 706 a
886 655 1119 720 Nerone,
1157 655 1540 722 praebitumque
1576 656 1739 708 oleum
1779 654 1934 723 equiti
1972 669 2035 709 ac

211 747 409 798 senatui
447 745 645 798 Graeca
683 745 940 798 facilitate.

353 836 526 888 Publio
561 837 720 889 Mario
756 837 912 890 Lucio
946 837 1127 889 Asinio
1184 837 1476 889 consulibus
1515 838 1759 891 Antistius
1809 843 2073 906 praetor‚5

214 944 359 995 quem
394 928 445 979 in
487 928 742 980 tribunatu
775 927 937 995 plebis
977 928 1192 980 licenter
1223 929 1396 997 egisse
1433 930 1742 996 memoravi,
1781 918 2062 997 probrosa

213 1008 461 1072 adversus
517 1019 797 1086 principem
861 1020 1085 1072 carmina
1136 1020 1411 1086 factitavit,
1469 1015 1795 1088 vulgavitque
1847 1021 2037 1075 celebri

214 1111 482 1176 convivi0‚
548 1110 664 1163 dum
710 1110 841 1176 apud
894 1111 1151 1164 Ostorium
1187 1110 1450 1176 Scapulam
1508 1111 1752 1178 epulatur.

1826 1104 1964 1164 Exin
2008 1129 2038 1165 a

214 1202 517 1263 Cossutiano
559 1202 821 1267 Capitone,
867 1201 950 1267 qui
986 1216 1148 1267 nuper
1185 1202 1496 1253 senatorium
1535 1203 1766 1255 ordinem
1799 1204 2037 1271 precihus

211 1291 447 1360 Tigellini
485 1292 656 1344 soceri
694 1291 773 1344 sui
810 1295 1107 1358 receperat,

1163 1293 1443 1344 maiestatis
1500 1293 1695 1345 delatus
1746 1299 1838 1346 est.

212 1383 425 1451 primum
458 1387 700 1435 revocata
738 1399 797 1436 ea
823 1382 939 1446 lex3
975 1382 1378 1450 credebaturque
1414 1383 1548 1435 haud
1582 1384 1797 1451 perinde
1833 1385 2039 1438 exitium

214 1474 435 1528 Antistio
473 1489 620 1542 quam
658 1473 950 1542 imperatori
990 1473 1208 1541 gloriam
1249 1476 1451 1541 quaeri,
1491 1481 1546 1527 ut
1585 1477 1972 1530 condemnatum
2010 1491 2040 1530 a

215 1570 395 1626 senatu
425 1567 798 1620 intercessione
830 1567 1100 1620 tribunicia
1134 1567 1283 1618 morti
1320 1567 1579 1620 eximeret.

1654 1569 1716 1620 Et
1744 1585 1856 1620 cum
1883 1571 2042 1623 Osto-

215 1657 320 1709 rius
340 1657 480 1709 ,nihil
521 1657 779 1710 audivisse
815 1673 908 1725 pro
945 1658 1236 1710 testimonio
1276 1657 1520 1724 dixisset,
1560 1658 1791 1711 adversis
1827 1660 2041 1713 testibus

218 1750 494 1814 creditum3
546 1750 842 1817 censuitque
876 1750 1046 1802 Iunius
1081 1749 1320 1802 Marullus
1373 1750 1550 1801 consul
1592 1750 1888 1819 designatus
1926 1752 2106 1805 adi-‘is

215 1841 450 1894 mendam
487 1856 578 1894 reo
597 1846 890 1908 praeturam
920 1841 1305 1908 necandumque
1336 1856 1478 1894 inore
1508 1842 1770 1894 maiorum.
1848 1843 2042 1897 Ceteris

335 1987 378 2032 2.
410 1988 541 2044 qimn.
576 1986 656 2032 ΜΒ.
780 1995 823 2045 4.

219 2045 261 2091 7.
292 2047 562 2133 uulqabitqug
593 2046 674 2090 ΜΒ.
793 2049 836 2092 8.
875 2051 986 2091 eoeim
1017 2047 1096 2090 ΜΒ.

217 2109 704 2210 ΐιῗθῖἓιὲῆὲιὲηόνίυε.
747 2168 970 2222 quaesiuit.
1004 2166 1084 2210 ΜΒ.

858 2003 992 2046 greca
1024 1990 1102 2032 ΜΒ.

668 2108 736 2149 11.
768 2107 840 2149 leoe
871 2109 1137 2150 credebatur.
1172 2121 1279 2162 quae
1311 2106 1391 2149 ΜΒ.

1226 1989 1267 2031 5.
1303 1987 1348 2031 Ρ.
1385 1987 1462 2033 ΜΒ.

1198 2048 1239 2091 9.
1275 2048 1429 2104 ficibus
1462 2047 1543 2092 ΜΒ.

1570 1989 1620 2032 L.
1652 1988 1732 2033 ΜΒ.
1842 2003 1927 2032 cos.
1961 1988 2044 2034 ΜΒ.

1635 2050 1703 2092 10.
1738 2048 1934 2105 tiyellani
1962 2048 2044 2092 ΜΒ.

1489 2110 1556 2151 12.
1585 2109 1749 2163 quaeri,
1781 2110 1846 2166 ut]
1881 2109 2046 2163 quaeri,

1206 2166 1530 2209 condemnatum
1561 2193 1616 2199 —
1648 2169 1853 2210 eaeimeret
1884 2168 2048 2210 editoi:

219 2223 286 2268 ΜΒ
318 2223 623 2268 condemnatus
653 2227 871 2280 eximeret,
904 2226 1040 2283 vulgo
1072 2231 1116 2268 et
1148 2224 1182 2267 G
1214 2226 1519 2269 condemnatus
1551 2253 1606 2260 —
1638 2228 1911 2271 eximeretur.
1977 2229 2047 2272 14.
2102 2219 2104 2221 ’

220 2285 356 2327 nichil
386 2285 467 2329 ΜΒ.
561 2286 628 2328 16.
663 2286 846 2328 caeteris
877 2285 956 2328 ΜΒ.

223 2406 1095 2520 3553·01L¹⁴³tsst¹¹¹et¹tfflft¹1p³it⁰atita}

223 2525 338 2567 idem
382 2526 464 2568 Dio
508 2525 638 2568 XLIX
682 2526 755 2569 43.
837 2525 922 2570 Sed
966 2538 1094 2568 nemo

225 2597 374 2626 eorum
408 2584 461 2626 ad
509 2587 809 2641 gymnasium,
858 2585 974 2641 quod
1022 2584 1095 2626 hic

225 2643 354 2686 Nero.
406 2644 572 2686 Plinius
604 2645 682 2686 XV
717 2645 770 2687 5:
795 2655 916 2686 usum
938 2644 1022 2686 olei
1040 2644 1098 2685 ad

227 2703 448 2746 luxuriam
477 2711 646 2746 vertere
681 2704 863 2756 Graeci,
894 2705 942 2745 in
974 2718 1098 2759 qym-

230 2763 367 2805 nasiis
403 2762 679 2820 publicando.
756 2762 881 2805 Adde
914 2763 1094 2806 Sueton.

170 2880 175 2884 ἡ
229 2821 311 2866 12'.
372 2822 563 2865 Lmsms.

232 2948 235 2949 ’
317 2938 423 2995 Cap.
457 2941 529 2983 48.
605 2937 751 2979 Publio
785 2938 964 2980 Mario.-
1006 2939 1097 2980 vita

228 2997 390 3041 Persii:
426 3000 593 3040 Persius
628 2996 812 3038 Flaccus
838 3025 890 3030 -
921 2998 1125 3039 decessit·

230 3065 329 3099 ante
359 3057 468 3099 diem
500 3058 612 3100 VIII
627 3055 834 3098 kalendas
851 3057 1099 3098 Decembris

230 3117 394 3159 Rubrio
440 3117 567 3173 (lege
616 3127 712 3156 cum
744 3115 892 3169 Lipsio
924 3115 1095 3172 Publio)

233 3176 378 3218 Mario
411 3176 563 3219 Asinio
598 3173 722 3218 Gallo
756 3175 1010 3218 consulibus.

317 3237 578 3278 memoravi:
603 3231 697 3276 XIII
717 3233 790 3277 28.
836 3233 902 3276 De
922 3233 1097 3276 Ostorio

231 3307 274 3338 v.
297 3293 389 3336 lnd.
417 3293 519 3336 hist.
613 3293 876 3334 senatorium
907 3293 1100 3334 ordinem

231 3360 480 3409 receperat.-
509 3352 714 3394 amiserat
736 3364 775 3392 a.
797 3352 867 3405 57,
888 3350 1098 3393 Cilicibus

233 3412 539 3456 accusantibus
573 3409 691 3466 (xm
724 3410 821 3468 33).

333 3478 380 3513 ut
420 3470 744 3513 condemnatum
783 3494 839 3501 —
872 3468 1101 3510 eaeimeret:

234 3544 330 3574 cum
353 3531 398 3572 in
421 3531 630 3572 alterutro
654 3526 962 3569 discedendum
985 3532 1102 3569 esset

233 3591 286 3632 ab
319 3590 431 3632 libro
461 3590 655 3644 antiquo,
683 3593 730 3627 ut
752 3593 826 3628 aut
846 3587 1102 3627 eaeimeretur

233 3660 312 3702 pro
338 3650 541 3691 eximeret
572 3653 646 3688 aut
677 3647 762 3688 hoc
783 3651 957 3688 servato
993 3658 1100 3690 con-

235 3707 477 3755 demnatum
517 3719 595 3767 pro
635 3706 940 3753 condemnatus
971 3703 1100 3765 lege-

1176 2412 1319 2459 retur,
1387 2405 1589 2461 equidem
1653 2405 1839 2448 alterum
1896 2402 2049 2460 putavi

1178 2465 1528 2539 praeferendum.
1577 2464 1785 2507 Nimirum
1812 2478 1908 2508 cum
1934 2468 2051 2507 esset

1180 2527 1224 2566 in
1260 2525 1503 2583 α’ρχειὺπῳ
1540 2524 1851 2579 condemnata,
1896 2524 1940 2565 id
1971 2535 2050 2579 pro

1179 2584 1312 2625 simili
1347 2582 1606 2637 compendio
1649 2583 1824 2627 litterae
1856 2599 1876 2625 s
1908 2583 2050 2651 accipi

1179 2643 1312 2686 facile
1341 2645 1510 2698 potuit3
1545 2648 1633 2684 tum
1657 2643 1961 2698 perspicuitati
1985 2643 2052 2684 sic

1179 2703 1338 2745 melius
1357 2701 1612 2744 consulitui.
1668 2702 1773 2744 Nam
1797 2705 1841 2744 in
1868 2701 2051 2757 vulgata

1180 2762 1497 2818 quodammodo
1536 2762 1750 2803 incertum
1782 2767 1929 2803 manet
1963 2761 2049 2802 im-

1179 2827 1414 2875 peratorne
1447 2822 1765 2863 intercessurus
1789 2822 1845 2862 sit
1880 2834 1932 2862 an
1966 2821 2049 2861 tri-

1181 2881 1322 2921 bunus
1348 2879 1512 2934 plebei,
1536 2885 1583 2919 ut
1600 2879 1804 2922 Rusticus
1830 2879 2050 2922 Arulenus

1180 2938 1378 2981 tribunus
1420 2938 1562 2993 plebis
1604 2939 1924 2982 intercessurus
1958 2943 2051 2980 erat

1184 3003 1361 3040 senatus
1380 2997 1579 3039 consulto
1597 2998 1805 3041 adversus
1817 2998 2051 3040 Thraseam

1182 3057 1384 3098 faciendo
1419 3057 1542 3112 (XVI
1576 3057 1675 3115 26).
1746 3059 1839 3099 Hoc
1874 3057 2050 3099 dubita-

1181 3118 1313 3158 tionis
1337 3128 1451 3157 novo
1480 3116 1566 3157 lo'ci
1595 3121 1747 3158 tenore
1768 3115 2048 3171 praeciditur.

1184 3175 1494 3217 Doederlinius
1542 3174 1686 3216 voluit
1732 3175 2050 3226 condemnatos,

1182 3233 1259 3274 sed
1299 3246 1415 3274 nunc
1452 3245 1592 3274 sermo
1641 3239 1706 3275 est
1746 3234 1799 3275 de
1832 3245 1919 3274 uno
1951 3232 2048 3274 An·-

1182 3292 1334 3343 tistio‚
1386 3293 1512 3346 isque
1558 3294 1755 3345 proxime
1803 3293 2051 3334 nominatus

1185 3356 1290 3393 erat.
1314 3350 1652 3406 Bezzenberger
1678 3351 1795 3394 hunc
1819 3351 1963 3393 locum
1987 3351 2052 3392 sic

1185 3409 1532 3451 constituendum
1563 3413 1725 3452 suasit:
1760 3417 1845 3452 tum
1868 3411 2053 3466 primum

1184 3494 1239 3501 —
1263 3468 1333 3510 lem
1363 3467 1654 3522 exercebatur,
1681 3482 1788 3524 quae
1807 3469 1923 3511 haud
1944 3482 2052 3525 per-

1184 3528 1357 3569 inde—
1383 3526 1566 3582 yloriam
1595 3529 1821 3583 quaesivit,
1863 3535 1908 3569 ut
1944 3541 2052 3570 con-

1187 3587 1408 3627 demnatus
1442 3611 1500 3618 —-
1532 3588 1804 3629 eximeretur.
1870 3587 2053 3642 Ded-tri..

1185 3645 1362 3686 bunicia
1410 3650 1631 3698 potestate
1679 3645 1878 3690 Caesaris
1932 3645 2050 3690 conf.

1185 3709 1332 3751 annot.
1368 3703 1469 3749 adl
1499 3706 1541 3751 2.
1843 3727 1850 3731 ·
1935 3723 1959 3735 ..
2022 3728 2028 3732 -

1914 1295 2036 1346 Tum
2055 1310 2106 1348 io
