2280 4004
202 311 228 341 a
259 298 308 342 C.
340 299 412 343 65.

803 300 969 343 LIBER
999 298 1112 344 XVI.
1176 299 1283 343 Gn.
1315 301 1446 344 4—6.

1937 303 2025 344 317

205 440 436 505 obtritOS,
482 444 531 491 et
570 440 723 506 alios,
767 439 881 491 dum
921 441 1053 492 diem
1091 427 1392 507 noctemque
1430 440 1674 493 sedilibus
1715 440 2024 505 continuant,

204 532 384 582 morbo
425 531 669 583 exitiabili
714 537 992 598 correptos.

1070 533 1262 598 Quippe
1304 533 1513 599 gravior
1549 533 1713 583 inerat
1756 537 1946 596 metuS,
1985 532 2028 583 si

206 622 498 688 spectaculo
547 622 855 688 defuissent,
906 623 1071 674 multis
1118 623 1281 688 palam
1337 629 1386 674 et
1423 623 1648 689 pluribus
1690 622 1934 686 occultiS,
1977 626 2030 672 ut

204 713 409 763 nomina
450 728 510 763 ac
548 713 730 777 vultus,
772 714 1083 765 alacritatem
1121 715 1472 780 tristitiamque
1509 715 1795 765 coeuntium
1831 717 2031 766 scruta-

203 807 393 854 rentur.

468 803 612 854 Unde
649 804 964 855 tenuioribus
1001 805 1163 855 statim
1193 805 1425 872 inrogata
1464 805 1723 871 supplicia,
1765 805 2071 859 adversums

204 894 442 946 inlustres
497 895 859 946 dissimulatum
899 896 960 946 ad
999 911 1244 961 praesens
1286 901 1335 947 et
1380 911 1499 947 mox
1553 896 1802 947 redditum
1845 895 2030 946 odium.

207 985 555 1051 Ferebantque
607 987 996 1052 Vespasianum,

1066 991 1320 1052 tamquam
1377 1002 1556 1037 somno
1617 987 1939 1051 conniveret,
1998 1001 2026 1036 a

207 1076 411 1145 Phoebo
454 1076 636 1128 liberto
674 1078 1002 1143 increpitum,
1064 1093 1320 1144 aegreque
1367 1078 1627 1130 meliorum
1665 1080 1900 1145 precibus
1942 1079 2039 1150 ob<-

206 1172 410 1233 tectum,
452 1183 571 1219 mox
608 1169 948 1219 imminentem
987 1170 1264 1234 perniciem
1300 1170 1493 1221 maiore
1531 1170 1632 1221 fato
1671 1170 1928 1238 effugisse.
2028 1151 2035 1162 x

344 1259 462 1310 Post
498 1259 646 1310 finem
682 1259 866 1309 ludicri
901 1259 1131 1332 Poppaea
1170 1266 1382 1311 mortem
1421 1261 1575 1326 obiit,
1629 1261 1831 1312 fortuita
1869 1261 2034 1312 mariti
2056 1282 2099 1316 ιυ

207 1349 489 1413 iracundia,
535 1363 563 1399 a
600 1364 698 1415 quo
729 1349 942 1416 gravida
982 1350 1084 1400 ictu
1121 1350 1276 1401 calcis
1305 1351 1505 1402 adflicta
1532 1357 1622 1402 est.

208 1432 459 1491 venenum
516 1440 822 1492 crediderim
841 1479 854 1505 ,

1696 1353 1870 1417 Neque
1907 1353 2037 1402 enim

944 1441 1172 1506 quamvis
1229 1442 1430 1507 quidam
1492 1443 1770 1508 scriptores
1821 1441 2037 1507 tradant,

209 1531 329 1582 odio
365 1531 528 1598 magis
559 1539 705 1596 quam
745 1547 808 1584 ex
839 1531 967 1583 fide:
1011 1532 1191 1597 quippe
1229 1532 1503 1584 liberorum
1543 1533 1750 1599 cupiens
1790 1539 1839 1584 et
1876 1534 2035 1584 amori

206 1622 383 1674 uxoris
419 1622 670 1674 obnoxius
712 1628 835 1674 erat.

912 1623 1106 1689 Corpus
1133 1638 1237 1674 non
1271 1624 1379 1689 igni
1407 1624 1662 1687 abolitum,
1700 1630 1754 1674 ut
1785 1626 2040 1676 Romanus

207 1728 351 1776 mos;
393 1712 484 1765 sed
535 1728 712 1780 regum
745 1718 1068 1766 externorum
1109 1715 1475 1766 consuetudine
1515 1714 1762 1766 differtum
1798 1716 2104 1772 odoribusvs.

329 1881 372 1924 3.
409 1880 559 1923 ocultis
593 1879 672 1923 Ma.

211 1940 429 1982 coniveret
458 1939 539 1983 Ma.

203 2013 373 2057 poppea
400 1998 481 2042 Ma.

644 1941 686 1983 8.
716 1940 853 1997 phebo
888 1939 967 1984 Ma.

578 2002 644 2042 11.
679 2001 767 2055 afll.
802 1998 873 2042 Or.

295 2142 459 2184 Phoebo
493 2141 641 2184 liberto
665 2167 721 2175 —
742 2142 964 2197 effugisse:
996 2141 1079 2183 Ta-

211 2203 347 2245 citina
364 2201 583 2244 brevitate
601 2202 681 2243 duo
709 2200 968 2255 Vespasiani
1001 2214 1084 2255 pe-

208 2261 349 2304 ricula
366 2262 680 2315 comprehensa
701 2267 815 2312 sunt,
830 2262 947 2314 prius
969 2260 1084 2314 quod

211 2321 317 2363 adiit
329 2321 492 2363 Romae
515 2322 763 2363 certaminis
787 2320 942 2362 ludicri
970 2326 1084 2361 tem-

211 2393 343 2435 pore,
394 2380 593 2421 traditum
629 2380 774 2421 verbis
807 2379 1083 2433 ferebantque

213 2467 266 2475 —
301 2440 507 2480 obtectum
540 2445 584 2481 et
616 2439 668 2479 ab
702 2451 787 2478 uno
807 2438 954 2479 Tacito
987 2452 1084 2479 me-

211 2504 440 2550 moratum,
475 2498 657 2539 alterum
691 2499 733 2538 in
767 2497 883 2552 quod
914 2497 1082 2550 incidit,

213 2572 310 2600 cum
329 2557 545 2599 Neronem
578 2557 806 2598 comitatus
829 2563 895 2598 est
925 2556 1082 2598 itinere

210 2618 405 2659 Achaico
438 2619 555 2670 (mooe
583 2618 940 2657 imminentem—
971 2617 1080 2671 effu-

209 2678 359 2733 gisse).
420 2675 628 2717 Nimirum
660 2675 868 2717 adversus
899 2676 1079 2729 primam

211 2736 497 2778 offensionem
510 2734 708 2776 homines
726 2747 966 2789 precesque
985 2747 1081 2775 me-

212 2795 369 2837 liorum
411 2794 725 2847 Vespasianum
780 2795 907 2834 tutati
955 2799 1078 2844 sunt,

212 2854 421 2896 adversus
460 2853 666 2905 alteram,
719 2866 815 2894 cum
862 2853 1081 2906 pernicies

214 2914 298 2954 iam
332 2912 579 2953 immineret
601 2917 644 2952 et
675 2913 748 2953 vix
781 2913 920 2952 averti
951 2923 1082 2964 posse

213 2971 460 3023 videretur,
507 2971 687 3013 deorum
728 2970 854 3011 favor
895 2970 1084 3025 protexit

217 3037 261 3073 et
290 3032 426 3073 maius
450 3030 584 3071 fatum
618 3031 686 3071 cui
711 3029 951 3071 destinatus
976 3034 1082 3071 erat.

216 3090 411 3132 Alterum
455 3090 712 3143 Vespasiani
756 3089 963 3131 offensam
1008 3101 1086 3129 co-

217 3150 342 3203 piose
387 3155 560 3190 narrant
602 3149 836 3190 Suetonius
886 3149 1018 3201 Vesp.
1060 3146 1090 3188 4

220 3213 263 3249 et
308 3208 384 3260 14,
431 3207 514 3248 Dio
558 3206 685 3248 LXVI
731 3211 798 3250 11.
892 3206 1090 3250 Suetonii

218 3265 352 3308 verba
386 3265 470 3307 huc
503 3267 747 3320 spectantia
789 3271 914 3306 sunt:
962 3279 1091 3321 pere-

218 3325 464 3381 grinatione
518 3325 716 3366 Achaica
769 3326 883 3365 inter
958 3324 1092 3365 comi-

223 3391 283 3426 tes
316 3383 522 3435 Neronis,
568 3398 661 3425 cum
701 3390 903 3424 cantante
937 3396 982 3424 eo
1019 3387 1092 3423 aut

223 3442 457 3484 discederet
488 3443 655 3498 saepius
677 3449 751 3483 aut
781 3455 988 3497 praesens
1018 3441 1094 3481 ob-

223 3502 514 3554 dormisceret,
547 3502 844 3556 gravissimam
880 3500 1095 3542 contraxit

223 3562 453 3618 offensam3
484 3559 798 3614 prohibitusque
824 3573 912 3600 non
945 3566 1098 3600 conlu-

223 3619 370 3662 berm'o
401 3619 522 3660 modo
555 3619 629 3660 sed
661 3620 788 3660 etiam
815 3618 989 3674 publica
1023 3631 1097 3659 sa-

225 3678 429 3722 lutatione
460 3679 632 3722 secessit
663 3680 709 3722 in
725 3691 911 3736 parvam
941 3690 994 3720 ac
1022 3677 1099 3719 de-

796 1882 839 1924 4.
875 1882 1011 1924 voltus
1044 1881 1115 1924 Or.

1083 1942 1235 1998 ficibus
1266 1940 1347 1985 Ma.

1239 1884 1280 1925 6.
1316 1882 1502 1926 illustres
1535 1882 1606 1925 Or.
1729 1884 1769 1925 7.
1805 1890 1920 1939 tanq.
1954 1882 2034 1926 Ma.

1456 1943 1496 1986 9.
1525 1943 1766 1999 permitiem
1795 1942 1874 1985 Ma.
1968 1944 2036 1986 10.

1167 2143 1280 2184 viam
1302 2144 1527 2196 civitatem,
1549 2144 1688 2198 quoad
1719 2143 1870 2187 latenti
1891 2146 2044 2187 etiam-

1170 2217 1246 2257 que
1309 2210 1501 2244 eoetrema
1560 2205 1760 2244 metuenti
1817 2207 2046 2259 provincia

1170 2261 1373 2318 (Iudaea)
1423 2276 1516 2302 cum
1559 2264 1750 2304 exercitu
1782 2264 1926 2305 oblata
1969 2272 2042 2306 est.

1167 2320 1303 2363 Taciti
1327 2320 1462 2362 verba
1487 2321 1539 2362 ab
1561 2323 1871 2376 interpretibus
1904 2323 2046 2365 adhuc

1169 2394 1255 2421 non
1288 2382 1393 2422 satis
1416 2380 1643 2422 intellecta
1665 2388 1778 2424 sunt.
1844 2382 2045 2424 Phoebus

1169 2454 1220 2480 ecc
1258 2441 1397 2494 officio
1441 2439 1711 2482 admissionis
1743 2441 1902 2483 Neroni
1937 2442 2045 2483 fuit:

1168 2500 1347 2541 Sueton.
1397 2512 1489 2552 cap.
1539 2499 1606 2541 14.
1703 2500 1964 2542 Memoratur
2002 2503 2047 2542 in

1166 2558 1312 2611 lapide
1345 2564 1518 2599 vetusto
1564 2558 1706 2613 (Gi-ut.
1743 2559 1828 2603 610
1860 2562 1937 2617 7):
1989 2561 2047 2602 Ti.

1167 2617 1362 2659 Claudio.
1411 2618 1520 2673 Auy.
1567 2617 1594 2659 l.
1624 2618 1804 2661 Phoebo.
1845 2620 2046 2662 Claudia.

1152 2676 1423 2736 'APannychis

1256 2790 1359 2846 Cap.
1409 2793 1450 2835 6.
1474 2800 1481 2805 ”
1534 2794 1734 2850 Poppaea
1774 2821 1828 2827 —-
1876 2794 2052 2848 adflicta

1168 2859 1254 2892 est.-
1291 2851 1346 2892 cf.
1388 2852 1567 2894 Sueton.
1602 2853 1702 2895 Ner.
1725 2853 1796 2894 35.
1860 2853 1943 2894 Dio
1978 2867 2047 2908 ap.

1166 2909 1317 2964 Xiphil
1347 2909 1462 2951 LXll
1498 2912 1567 2953 27.
1649 2911 1857 2954 Octaviae
1901 2919 2053 2954 auctor

1171 2970 1437 3025 (Maternus)
1486 2969 1599 3012 hanc
1643 2977 1825 3012 mortem
1874 2971 2053 3024 praedi-

1172 3034 1343 3069 centem
1387 3028 1491 3070 facit
1535 3030 1821 3086 Agrippinam
1867 3030 2052 3071 Neronis

1170 3093 1349 3128 matrem
1383 3100 1424 3136 v,
1461 3087 1577 3129 594:
1615 3091 1747 3130 nubat
1778 3087 1842 3128 his
1875 3089 2054 3143 [lammis

1171 3160 1261 3186 meo
1314 3145 1514 3201 Poppaea
1565 3154 1667 3188 nato
1718 3149 1892 3197 iuncta,
1951 3161 2054 3201 quas

1173 3205 1331 3246 vindex
1350 3219 1500 3245 manus
1523 3205 1725 3260 dolorque
1745 3207 1894 3246 matr-is
1920 3213 2054 3248 vertet

1178 3264 1234 3304 ad
1270 3263 1408 3304 tristes
1440 3277 1581 3318 royos.

1257 3322 1469 3377 differtum
1492 3322 1690 3364 odoribus
1712 3323 1931 3363 conditur:
1965 3335 2052 3364 non

1181 3382 1295 3422 bene
1339 3381 1504 3435 aliquid
1553 3382 1726 3423 molesti
1767 3380 2056 3435 deprehendit

1182 3439 1489 3481 Doederlinius
1508 3441 1550 3480 in
1582 3441 1717 3482 verbo
1742 3441 1938 3482 conditur
1959 3446 2057 3495 post

1185 3499 1396 3554 differtum
1417 3498 1612 3540 odoribus
1635 3498 1926 3541 succedente:
1957 3512 2055 3541 nam

1182 3559 1300 3611 prius
1324 3560 1547 3599 materiam
1576 3558 1753 3599 denotat
1785 3571 1809 3599 a
1841 3557 2056 3601 condien-

1182 3616 1296 3657 tibus
1332 3615 1581 3672 adhibitam,
1627 3617 1810 3659 alterum
1841 3623 1976 3660 artem
2014 3624 2058 3661 et

1185 3688 1344 3718 curam.
