2222 4022
179 289 321 335 XVIII
979 290 1247 334 PROOEMH

182 434 531 500 componenda
560 433 651 485 sed
684 433 833 485 etiam
867 433 1284 484 communicanda
1315 448 1426 486 cum
1453 431 1747 498 aequalibus
1777 433 2010 485 accessit.

179 526 473 579 Memoriam
511 526 698 591 prioris
741 525 997 576 servitutis
1039 542 1098 576 ac
1138 524 1476 576 testimonium
1518 524 1861 590 praesentium
1916 523 2015 575 ho-

179 631 358 668 norum
399 616 708 667 exhibiturus
746 616 996 667 Historias
1052 622 1167 667 ante
1216 615 1531 681 conscriptas
1568 615 1821 681 perpolire
1869 618 2016 679 atque

181 707 450 759 absolvere
489 722 766 773 aggressus
806 711 897 770 est,
943 707 1034 757 sed
1077 712 1208 779 ante,
1242 699 1306 757 n'e
1341 706 1541 772 pietatis
1583 706 1752 774 officio
1792 705 2013 767 deesset,

179 799 333 849 vitam
354 797 649 864 Agricolae,
667 796 847 846 librum
872 796 1054 848 honori
1091 799 1259 848 soceri
1286 797 1605 860 destinatum,
1628 810 1761 847 anno
1786 795 2015 848 972850

181 893 430 951 exeunte,
503 901 614 938 cum
668 886 912 937 Traianus
968 887 1031 938 ad
1085 887 1283 952 imperii
1340 887 1635 937 societatem
1709 886 1802 937 sub
1867 885 2015 937 finem

180 965 299 1030 anni
339 977 405 1029 97
442 978 540 1028 iam
579 977 844 1042 adoptatus
883 982 1035 1042 esset,
1077 978 1380 1043 aliquamdiu
1417 982 1531 1028 ante
1569 982 1780 1027 mortem
1812 977 2012 1028 Nervae

181 1070 290 1134 (VI.
316 1067 562 1119 kalendas
590 1069 735 1119 Febr.
765 1070 882 1118 anni
914 1068 1208 1137 98=851),
1243 1069 1500 1135 evulgavit
1529 1074 1559 1118 ¹.
1617 1067 1850 1119 Proximo
1879 1079 2012 1117 anno

182 1159 280 1222 (98
303 1185 355 1204 =
378 1160 509 1224 851)
566 1165 615 1210 et
648 1159 969 1210 Germania-m
1012 1160 1171 1211 edidit
1224 1165 1272 1211 et
1308 1160 1651 1210 Historiarum
1687 1159 1845 1210 libros
1883 1157 2016 1209 duo—

184 1250 377 1301 decim:
437 1265 553 1300 nam
591 1250 861 1301 duodecim
902 1251 1088 1315 fuisse,
1145 1266 1248 1301 non
1287 1250 1722 1317 quattuordecim,
1771 1253 1825 1299 ut
1859 1247 2013 1330 uulgo

184 1341 485 1407 opinantur,
549 1353 667 1391 mox
710 1342 991 1393 docebitur.
1069 1343 1371 1394 Germaniae
1428 1348 1547 1392 tunc
1603 1341 1769 1392 editae
1824 1344 2014 1392 certum

186 1437 536 1499 argumentum
575 1433 826 1497 praebent
875 1433 1030 1484 verba
1092 1434 1315 1485 auctoris
1357 1450 1399 1484 c.
1448 1433 1542 1485 37:
1602 1431 2017 1482 sexcentesimum
2097 1478 2102 1483 .

185 1528 233 1572 et
269 1522 708 1588 quadrayesimum
743 1539 929 1574 annum
981 1523 1106 1573 urbs
1153 1530 1333 1573 nostra
1384 1523 1590 1589 ayebat,
1650 1538 1759 1573 cum
1799 1521 2018 1586 primm

185 1613 499 1664 Cimbrorum
556 1613 731 1664 audita
777 1620 895 1664 sunt
950 1630 1127 1679 arma,
1185 1614 1404 1664 Caecilio
1450 1613 1643 1664 Metello
1696 1628 1762 1664 ac
1807 1610 2016 1676 Papirio

184 1701 416 1754 Carbone
473 1704 777 1754 consulibus,
888 1704 973 1755 Eoe
1026 1720 1124 1770 quo
1181 1704 1228 1754 si
1288 1705 1356 1754 ad
1421 1706 1632 1754 alterum
1689 1702 2013 1769 imperatoris

189 1792 400 1843 Traiani
452 1796 767 1845 consulatum
824 1805 894 1857 (a.
939 1795 1032 1861 98)
1094 1782 1462 1860 computemus,
1517 1795 1714 1846 ducenti
1759 1795 1918 1861 ferme
1971 1798 2018 1843 et

183 1885 350 1936 decem
382 1887 505 1935 anni
538 1887 850 1951 colliyuntur.
927 1887 1025 1938 Sed
1065 1887 1198 1952 quod
1236 1888 1450 1938 eundem
1491 1887 1826 1938 Historiarum
1862 1885 2008 1952 posui

183 1991 366 2028 annum
412 1978 646 2043 natalem,
685 1984 831 2029 erunt
865 1979 1084 2029 fortasse
1120 1979 1202 2044 qui
1242 1979 1509 2043 mirentur,
1550 1993 1648 2046 ego
1689 1984 1856 2029 tamen
1896 1992 2016 2029 cer-

181 2068 376 2120 tissime
427 2069 549 2119 mihi
599 2069 783 2120 videor
843 2069 1158 2120 intellexisse
1196 2068 1519 2120 Germaniam
1575 2069 1699 2119 nihil
1751 2083 1866 2119 esse
1918 2066 2017 2118 nisi

181 2160 517 2211 Historiarum
576 2160 904 2225 appendicem
977 2160 1084 2222 (ein
1141 2158 1373 2209 Beiwerk
1434 2175 1497 2208 zu
1561 2159 1654 2209 den
1711 2157 2014 2222 Hmmten),

184 2264 330 2315 quem
371 2266 638 2302 excursum
677 2266 772 2302 nos
816 2251 1056 2315 dicimUS,
1119 2266 1282 2316 eoque
1320 2254 1480 2316 ipsam
1523 2250 1670 2302 simul
1709 2265 1821 2300 cum
1861 2260 2017 2316 opere

182 2342 422 2408 primario
474 2342 524 2390 in
566 2342 730 2392 lucem
765 2342 999 2392 emissam
1042 2357 1173 2392 esse.
1248 2342 1491 2394 Nimirum
1531 2341 1584 2390 in
1619 2340 1857 2392 Historiis
1895 2353 2013 2392 cum

184 2432 550 2484 Germanorum
598 2432 785 2483 mentio
849 2433 1148 2498 saepissime
1203 2433 1388 2483 iniecta
1451 2437 1500 2483 et
1553 2431 1738 2482 mult-ae
1793 2430 2015 2482 invicem

185 2523 357 2574 clades
397 2524 710 2589 perscriptae
745 2523 859 2587 sint,
899 2524 1171 2589 praecipue
1198 2526 1361 2590 primo
1397 2523 1526 2574 libro
1566 2527 1616 2574 et
1651 2527 1828 2588 quarto
1865 2521 2018 2588 quin-

182 2619 371 2680 toque,
408 2615 557 2666 etiam
592 2615 644 2664 in
681 2615 743 2665 iis
784 2615 963 2680 quibus
1002 2615 1130 2666 bella
1166 2615 1440 2666 Domitiani
1477 2614 1723 2665 adversus
1760 2612 2015 2667 Sarmatas

182 2705 480 2771 Suevosque
517 2711 567 2756 et
592 2706 761 2756 Dacos
801 2707 1147 2758 conterminos
1174 2690 1436 2758 Germanis
1471 2705 1726 2770 narrabat,
1762 2705 2015 2771 inceptum

186 2797 451 2862 scriptoris
493 2796 749 2862 postulare
787 2797 1084 2861 videbatur,
1123 2803 1177 2847 ut
1215 2798 1279 2848 de
1320 2798 1622 2848 Germaniae
1664 2802 1800 2848 terra
1839 2796 2016 2848 caelo-

184 2901 309 2953 que,
351 2887 414 2938 de
455 2887 652 2953 populis
691 2887 1083 2952 Germanorum,
1135 2889 1198 2939 de
1237 2889 1412 2939 horum
1456 2888 1662 2939 sedibus
1702 2892 1752 2939 et
1787 2887 2013 2939 moribus

183 2979 423 3030 nonnulla
461 2979 797 3042 traderentur,
838 2984 891 3029 ut
930 2980 979 3028 in
1019 2980 1218 3031 Iudaeis
1257 2981 1440 3030 factum
1478 2980 1707 3031 videmus
1743 2979 1795 3029 in
1831 2976 2014 3031 eodem

186 3083 341 3134 opere
379 3069 448 3130 (V
484 3068 741 3132 2—13),
799 3069 847 3117 in
895 3069 1147 3119 Britannis
1195 3068 1322 3134 Agr.
1366 3069 1612 3132 10—-17‚
1670 3068 1721 3118 in
1774 3067 2012 3119 Hibernis

182 3159 371 3211 ibidem
410 3157 490 3211 24.
566 3159 665 3213 Sed
715 3160 950 3234 quoniam
1002 3174 1129 3225 quae
1176 3161 1239 3211 de
1277 3160 1538 3210 Germanis
1582 3159 1797 3211 dicenda
1839 3157 2012 3209 Tacito

184 3250 506 3315 viderentur,
563 3250 710 3300 nimis
769 3256 1026 3301 moratura
1083 3254 1225 3301 erant
1281 3266 1449 3301 rerum
1507 3264 1535 3299 a
1586 3266 1643 3302 se
1692 3252 2012 3301 narratarum

279 3393 317 3433 1.
373 3389 499 3434 Conf.
548 3390 653 3448 Agr.
699 3392 754 3435 3:
806 3405 1060 3448 quamquam
1139 3393 1255 3449 perii
1277 3392 1422 3434 Nerva
1440 3391 1650 3432 Traianus
1676 3396 1759 3433 cet.
1801 3391 1844 3435 Si
1867 3390 2013 3434 Nerva

181 3451 322 3508 primo
354 3453 495 3491 statim
538 3451 769 3493 beatissimi
799 3452 933 3493 seculi
964 3459 1060 3493 ortu
1144 3458 1248 3492 tunc
1281 3453 1323 3492 in
1359 3450 1473 3493 vivis
1507 3464 1593 3492 non
1622 3451 1792 3502 fuisset,
1824 3450 2012 3504 principi

188 3510 335 3552 Nerva
357 3510 522 3551 Caesar
545 3524 613 3550 res
639 3512 739 3551 olim
768 3511 1059 3557 dissociabiles
1145 3513 1328 3567 egregio
1371 3517 1414 3552 et
1453 3523 1607 3552 recens
1646 3515 1815 3550 mortuo
1851 3520 2011 3551 nomen

186 3570 717 3626 miscuerit,principatum
736 3585 789 3610 ac
806 3570 1056 3623 libertatem,
1144 3571 1231 3612 divi
1279 3570 1554 3612 tribuendum
1606 3575 1727 3622 erat,
1790 3573 1837 3610 ut
1889 3573 2010 3610 recte

188 3637 424 3686 auqeatque
469 3629 651 3684 quotidie
691 3628 941 3684 felicitatem
972 3631 1057 3671 im·
1141 3635 1290 3671 monet
1323 3628 1560 3672 Walchius.
