2280 4004
241 281 333 324 mo
1006 278 1299 323 ANNALIVM
1823 291 1862 322 a.
1891 266 1937 322 a}
1966 276 2070 325 817.

242 422 440 470 atavum
482 417 692 469 ferebat.
761 417 888 468 Iussi
927 421 1253 468 accusatores
1290 415 1499 467 obicere
1531 417 1800 486 prodigum
1838 419 2079 488 largitio-

241 502 420 567 nibuS,
475 515 640 567 neque
691 501 840 552 aliam
886 516 1026 567 spem
1076 515 1222 567 quam
1261 501 1313 551 in
1351 502 1504 553 rebus
1556 503 1704 555 novis
1742 519 1873 556 esse.
1947 505 2078 566 Quin

240 607 344 643 non
383 591 636 658 ignobiles
676 591 867 642 habere
905 605 1031 657 quos
1067 591 1129 642 ab
1169 591 1396 656 epistulis
1426 597 1476 643 et
1501 592 1685 645 libellis
1717 598 1767 646 et
1797 595 2078 647 rationibus

242 682 472 748 appellet,
516 683 721 734 nomina
759 698 999 755 summae,
1018 697 1170 740 curae
1209 687 1259 734 et
1291 683 1665 736 meditamenta.
1726 684 1847 736 Tum
1874 685 2077 739 intimus

205 774 455 842 squisque
489 773 786 825 libertorum
816 773 973 825 vincti
1005 774 1317 840 abreptique,
1355 779 1406 825 et
1434 790 1546 826 cum
1571 775 1826 828 damnatio
1846 777 2074 843 instaret,

243 865 570 917 brachiorum
620 880 781 917 venas
831 865 1111 931 Torquatus
1165 865 1466 917 interscidit.
1543 866 1827 934 Secutaque
1858 868 2076 920 Neronis

243 958 406 1008 oratio
444 973 508 1008 ex
536 971 695 1023 more,
738 956 967 1022 quamvis
1003 961 1199 1008 sontem
1241 961 1291 1007 et
1328 956 1615 1008 defensioni
1648 959 1829 1010 merito
1856 959 2075 1012 diffisum

243 1049 491 1100 victurum
529 1052 695 1099 tamen
733 1047 908 1112 fuisse,
949 1047 994 1098 si
1034 1047 1350 1099 clementiam
1385 1048 1568 1100 iudicis
1602 1054 1936 1115 expectasset.

379 1140 485 1192 Nec
533 1139 687 1190 multo
742 1144 883 1206 post,
940 1139 1128 1191 omissa
1180 1139 1230 1188 in
1268 1154 1510 1205 praesens
1543 1140 1740 1192 Achaia
1776 1146 1992 1204 (causae
2025 1141 2162 1199 inse

182 1235 441 1283 wincerto
495 1231 683 1297 fuere),
736 1230 911 1283 urbem
957 1230 1165 1295 revisit,
1224 1232 1517 1297 provincias
1556 1232 1807 1297 Orientis,
1861 1233 2078 1285 maxime

242 1323 556 1390 Aegyptum,
607 1322 822 1374 secretis
877 1322 1325 1389 imagInationibus
1373 1323 1590 1391 agitans.
1662 1323 1858 1375 Dehinc
1907 1323 2077 1376 edicto

242 1414 537 1465 testificatus
576 1428 680 1464 non
715 1413 921 1481 longam
955 1413 1033 1466 sui
1072 1414 1353 1465 absentiam
1390 1418 1440 1465 et
1478 1419 1660 1466 cuncta
1695 1415 1746 1465 in
1784 1428 1843 1466 re
1878 1414 2077 1481 publica

242 1506 455 1571 perinde
492 1506 697 1556 immota
735 1521 795 1556 ac
832 1519 1078 1571 prospera
1116 1506 1256 1570 fore,
1312 1520 1465 1571 super
1501 1521 1561 1557 ea
1600 1506 1923 1572 profectione
1956 1506 2082 1558 adiit

245 1596 560 1663 Capitolium.
634 1596 741 1647 Illic
794 1601 1068 1647 veneratus
1111 1596 1263 1662 deos,
1323 1612 1434 1647 cum
1471 1597 1658 1649 Vestae
1710 1611 1911 1664 quoque
1951 1602 2084 1648 tem·-

183 1706 229 1742 ¹5
243 1688 376 1754 plum
413 1687 623 1752 inisset,
662 1671 871 1752 repente
909 1692 1119 1739 cunctos
1156 1703 1247 1754 per
1281 1692 1417 1739 artus
1456 1692 1708 1753 tremenS,
1751 1703 1845 1740 seu
1875 1687 2081 1740 numine

245 1783 549 1844 exterrente,
570 1794 661 1830 seu
690 1779 973 1830 facinorum
1001 1779 1362 1831 recordatione
1383 1794 1637 1846 nunquam
1663 1779 1845 1831 timore
1869 1794 2078 1845 vacuus,

366 1934 405 1975 1.
438 1932 564 1974 iussis
592 1930 686 1974 Ma:
732 1938 975 1975 correctum
1007 1934 1051 1975 in
1081 1931 1208 1974 ACR.
1330 1932 1554 1988 prodiciam
1584 1930 1666 1975 Ma.
1788 1934 1831 1978 2.
1865 1931 1966 1989 quin
1993 1940 2083 1973 non

242 1991 453 2047 iynobiles
487 1991 651 2034 editor:
696 1991 801 2033 BMa
833 1994 905 2048 qui
934 2006 989 2034 ne
1022 1991 1259 2044 innobiles,
1310 1991 1343 2034 G
1374 1993 1445 2048 qui
1475 2005 1530 2033 ne
1561 1991 1793 2047 ignobiles,
1841 1986 2079 2034 Rhenanus

243 2051 344 2105 quin
377 2065 470 2093 eum
501 2050 690 2104 nobiles,
742 2053 982 2106 Seyffertus
1015 2053 1116 2108 quin
1146 2053 1194 2093 in
1221 2050 1360 2104 villis,
1408 2051 1748 2107 Bezzenberger
1793 2051 1894 2107 quin
1938 2058 1978 2094 et
2006 2051 2081 2093 in-

241 2112 366 2166 genio
397 2111 576 2152 nobiles.
699 2112 742 2154 3.
780 2112 884 2168 eplis
927 2125 1023 2153 cum
1058 2111 1135 2153 lissn.
1171 2117 1421 2153 transversa
1453 2112 1497 2152 in
1530 2111 1615 2153 litt.
1661 2111 1690 2151 l.
1723 2109 1805 2154 Ma.
1922 2111 1965 2153 5.
2000 2110 2081 2152 aba·

242 2171 430 2224 rectique
465 2169 554 2212 Ma:
599 2168 633 2212 G
665 2170 832 2227 abrepti
874 2185 965 2225 que.
1093 2172 1159 2213 11.
1196 2171 1306 2212 dicto
1339 2169 1427 2213 Ma:
1483 2170 1618 2213 edicto
1663 2171 1796 2212 tacite
1828 2167 2083 2213 Rhenanus.

248 2231 314 2272 12.
348 2231 394 2271 in
438 2230 720 2287 repperiende
764 2232 939 2273 immota
979 2229 1077 2284 Ma,
1118 2231 1165 2271 in
1209 2244 1258 2271 re
1285 2244 1329 2286 p.
1374 2230 1528 2272 exinde
1569 2231 1745 2272 immota
1786 2228 1846 2272 G:
1893 2230 2083 2272 correxit

247 2288 456 2331 Pichena.
556 2290 623 2332 13.
653 2304 860 2348 prospere
892 2288 984 2332 Ma:
1022 2288 1055 2332 G
1085 2303 1313 2346 prospera.
1411 2291 1478 2332 14.
1511 2297 1799 2333 veneraturus
1829 2287 1866 2332 G
1897 2295 1941 2332 et
1956 2288 2080 2332 Oxo·-

241 2349 434 2391 nienses.
512 2356 628 2391 ueste
660 2348 743 2393 Ma.
826 2352 895 2393 15.
930 2357 1080 2392 cuncto
1104 2348 1194 2392 Ma.
1273 2349 1340 2392 16.
1380 2356 1597 2393 exterente
1627 2348 1709 2392 Ma.
1782 2349 1970 2404 uniquam
1999 2347 2080 2391 11¹².

243 2470 463 2527 significat
484 2470 678 2514 Silanum
717 2473 890 2529 origine
923 2485 1001 2515 sua
1033 2472 1117 2513 im-

1203 2471 1359 2514 libellis
1407 2478 1447 2514 et
1489 2471 1677 2529 epistulis
1729 2470 1933 2514 libertos:
1982 2479 2085 2512 mm

242 2530 484 2585 prudenter
516 2530 697 2588 gloriari
732 2532 909 2573 solitum
944 2545 1057 2574 esse.

1203 2531 1319 2574 idem
1354 2533 1516 2574 crimen
1550 2537 1640 2585 est,
1681 2530 1759 2574 sed
1790 2530 1925 2586 panio
1955 2529 2085 2572 aliter

340 2592 441 2644 quin
479 2605 566 2631 non
598 2592 806 2645 iynobiles
839 2592 1028 2633 habere:
1076 2591 1118 2633 id

244 2650 386 2703 ipsum
420 2651 535 2704 quod
571 2650 743 2692 Silanus
790 2651 951 2691 vilibus
984 2653 1119 2692 mini-

244 2710 389 2750 steriis
424 2721 510 2749 non
551 2709 773 2764 ignobiles
807 2709 1015 2751 adbibere
1050 2709 1120 2750 di-

247 2768 427 2809 cebatur
461 2769 614 2823 eisque
649 2770 826 2810 nomina
859 2770 1066 2823 imposuit
1096 2781 1121 2811 a

247 2825 505 2869 Caesaribus
529 2829 572 2869 in
593 2829 682 2870 suis
704 2828 874 2870 libertis
899 2834 1122 2883 usurpata,

244 2894 549 2942 argumentum
584 2888 838 2941 videbatur,
884 2900 981 2929 eum
1025 2901 1122 2929 me·-

248 2946 373 2988 ‹lilari
391 2948 659 3000 principatus
685 2947 1119 2989 administrationem.

244 3005 326 3047 Per
351 3020 439 3046 non
454 3005 660 3061 ignobiles
676 3006 978 3062 significantur
995 3008 1122 3061 equi-

244 3070 311 3107 tes
370 3071 413 3107 et
457 3065 603 3107 liberti
647 3067 979 3120 procurationes
1028 3078 1123 3106 am-

249 3126 451 3178 bientes,
495 3130 626 3181 atquc
660 3126 831 3180 equites
865 3126 994 3166 etiam
1040 3125 1121 3165 Vi-

247 3184 398 3226 tellius
441 3184 655 3226 eiusmodi
689 3184 942 3227 muneribus
976 3185 1119 3238 impo-

246 3245 348 3286 suit.
414 3244 464 3286 Η.
499 3244 516 3284 Ι
549 3244 629 3286 58:
680 3245 920 3286 ministeria
948 3244 1121 3300 prinei-

242 3310 370 3359 patus
411 3318 490 3360 per
550 3302 722 3345 libertos
773 3305 846 3360 aqi
897 3304 1024 3345 solita
1075 3304 1123 3344 in

248 3364 407 3417 equites
443 3363 661 3405 Romanos
695 3364 910 3419 disposuit.
971 3362 1122 3418 Neque

249 3421 422 3463 obstant
455 3435 566 3477 quae
589 3422 686 3463 XVI
702 3423 730 3464 8
749 3423 970 3479 leguntur,
990 3423 1124 3478 ipsu-m

250 3480 404 3522 dehinc
466 3480 663 3523 Silanum
724 3483 937 3538 increpuit
994 3481 1126 3522 isdem

250 3540 402 3594 quibus
446 3548 648 3596 patruum
703 3542 791 3583 eius
856 3542 1124 3595 Torquatum,

251 3605 463 3653 tamquam
523 3600 764 3656 disponeret
820 3601 908 3642 iam
958 3600 1128 3656 imperii

253 3670 403 3712 curaS,
441 3660 774 3715 praeficeretque
819 3660 1056 3703 rationibus
1089 3665 1128 3702 et

1204 2592 1502 2633 subornatum.
1565 2592 1787 2645 Scriptura
1807 2589 1996 2632 Mediceiae
2012 2589 2085 2644 qus·

1204 2664 1258 2691 ne
1289 2650 1499 2691 innobiles
1539 2657 1640 2692 nata
1686 2656 1752 2692 est
1792 2662 1847 2691 ex
1891 2649 1992 2703 quin
2021 2656 2083 2690 ησ

1204 2710 1388 2750 mobiles
1420 2711 1580 2750 omissa
1612 2709 1749 2750 altera
1797 2708 1943 2750 littera
1976 2718 2007 2748 u
2038 2713 2085 2750 et

1204 2771 1320 2810 inter
1349 2768 1714 2822 pronuntiandum
1738 2768 1986 2810 obscurata.
2036 2766 2082 2808 in

1206 2830 1259 2869 iis
1303 2841 1416 2883 quae
1458 2828 1693 2870 Rhenanus
1741 2826 1861 2869 dedit
1901 2820 2084 2869 offendit

1206 2899 1446 2942 pronomen
1485 2902 1601 2940 eum,
1645 2888 1688 2929 in
1724 2885 1936 2929 eiusmodi
1971 2885 2082 2928 locis

1207 2961 1231 2989 a
1252 2947 1401 2988 Tacito
1433 2949 1655 2999 omissum,
1690 2947 1736 2988 in
1758 2946 1915 3002 quibus
1949 2944 2082 2988 verba

1207 3006 1447 3048 delatorum
1462 3006 1637 3060 paulum
1657 3007 1879 3046 immutata
1897 3000 2082 3046 reddere

1206 3065 1361 3107 voluit.
1412 3065 1514 3106 'rum
1548 3065 1727 3106 nimium
1750 3064 1860 3106 illud
1892 3069 1972 3116 est,
1994 3074 2080 3104 no·-

1206 3125 1319 3166 biles
1353 3124 1514 3165 habere
1532 3124 1725 3167 Silanum
1758 3135 1868 3179 quos
1899 3124 1952 3165 ab
1980 3124 2080 3176 epi-

1205 3184 1330 3227 stulis
1377 3183 1596 3237 appellet,
1647 3188 1777 3238 atque
1828 3182 1912 3224 boc
1960 3187 2080 3223 recte

1206 3244 1416 3285 monitum
1449 3256 1472 3284 a
1506 3243 1736 3297 Seyfferto.

1295 3302 1556 3355 interscidit,
1599 3301 1641 3344 h.
1677 3315 1715 3344 e.
1767 3312 1902 3343 venae
1935 3305 2079 3342 trans-

1208 3374 1381 3404 versum
1415 3361 1613 3403 abscidit.
1677 3361 1881 3413 Quamvis
1920 3365 2082 3402 sowtem

1211 3427 1277 3465 est
1308 3428 1655 3477 quantacumque
1689 3420 1817 3475 culpa
1840 3425 2078 3462 oneratum.

1302 3480 1405 3534 Cap.
1440 3481 1511 3524 36.
1590 3482 1746 3521 omissa
1784 3480 1831 3521 in
1875 3488 2081 3535 praesens

1212 3539 1412 3582 Achaia.-
1447 3539 1526 3582 sub
1561 3539 1688 3580 finem
1721 3539 1823 3580 anni
1854 3551 1878 3579 a
1900 3537 2001 3578 Chr.
2016 3534 2075 3577 66

1214 3599 1297 3641 hoc
1312 3601 1396 3641 iter
1413 3605 1622 3641 executus
1641 3605 1720 3651 est,
1739 3596 1815 3639 sed
1831 3595 1962 3650 paulo
1979 3599 2080 3636 ante

1213 3659 1257 3700 id
1289 3666 1458 3715 tempus
1479 3658 1712 3700 Annalium
1745 3667 1853 3710 opus
1885 3653 2048 3696 deficit.

2276 3199 2280 3211 -
2273 3134 2280 3186 -.Α
2270 2907 2280 3119 Ἠ..,.;.«-ιμ...--...
2277 2873 2280 2882 -
2274 2732 2280 2857 ....Δ...,Λ
