2280 4004
177 290 210 328 a·
233 278 282 336 ο,
319 281 391 325 15.

785 279 951 325 LIBER
977 278 1013 326 k.
1074 278 1182 324 Cu·-
1215 279 1240 324 ‘1
1245 278 1408 325 'Za-³8&
1472 284 1480 323 J

176 425 477 492 parabatur)
524 425 576 476 in
617 425 760 477 rivos
797 423 1029 476 diductus
1071 422 1582 502 superstagnayisset.
1654 423 1760 476 Nec
1799 423 1999 476 Reatini

179 517 423 582 silebant,
483 516 715 568 Velinum
750 517 948 582 lacum,
998 531 1095 582 qua
1141 515 1194 566 in
1226 515 1409 568 Narem
1440 498 1750 579 effunditur,
1803 514 2001 566 obstrui

177 613 502 672 recusantes,
556 608 737 674 quippe
786 608 838 659 in
889 607 1172 659 adiacentia
1226 610 1545 672 erupturum3
1576 611 1797 673 >optume
1844 606 2001 658 rebus

178 698 460 751 mortalium
511 696 830 750 consuluisse
884 703 1140 762 naturam,

1212 712 1340 762 quae
1397 712 1487 749 sua
1551 711 1642 749 cra
1693 696 2000 763 fluminibus,

178 803 298 841 suas
336 802 540 852 cursim,
601 792 754 853 utque
794 788 1077 855 originem,
1130 788 1198 841 ita
1237 787 1367 840 fines
1404 788 1637 852 dederit3
1696 788 2042 855 spectandass

179 880 327 934 etiam
365 878 648 946 religiones
679 878 970 957 saechrcrnm,
1007 880 1091 946 qui
1129 894 1277 931 sacra
1320 884 1381 949 et
1407 879 1554 932 lucos
1587 885 1636 932 et
1671 895 1787 932 aras
1822 879 2005 946 patriis.

178 969 409 1024 amathas
437 958 734 1021 dicaverint.

810 970 942 1031 Quin
977 971 1138 1036 ipsum
1164 970 1385 1023 Tiberim
1409 971 1544 1022 nolle
1569 986 1779 1037 prorsus
1807 971 2004 1023 accolis

177 1046 341 1114 fluviis
369 1061 600 1114 orbatum
636 1061 833 1113 minore
870 1060 1038 1128 gloria
1074 1060 1251 1112 fluere.
1323 1061 1424 1113 Seu
1459 1077 1642 1127 preces
1686 1062 2003 1114 coloniarum

176 1166 269 1205 seu
301 1151 568 1204 difficultas
606 1167 812 1218 opernm
844 1152 954 1204 sive
987 1152 1281 1219 superstitio
1320 1152 1493 1218 valuit,
1529 1158 1585 1203 ut
1616 1154 1669 1204 in
1699 1154 2002 1205 sententiam

175 1243 371 1296 P-‘ssonis
411 1243 804 1308 concederetur,
845 1244 928 1310 qui
964 1243 1036 1295 ni}
1070 1244 1361 1296 mutandum
1401 1232 1690 1297 censuerat.

176 1425 372 1479 Achaia
411 1441 471 1478 ac
506 1426 822 1479 Maced-onia.

91 1346 163 1650 ἶ

323 1335 634 1402 Prorogatur
687 1335 923 1401 Poppaeo
967 1335 1156 1388 Sabino
1208 1336 1473 1402 provincia
1525 1336 1749 1400 Moesia,
1816 1335 2001 1387 additis

896 1427 951 1479 ld
1001 1442 1202 1494 quoque
1242 1431 1438 1480 morum
1478 1428 1667 1479 Tiberii
1701 1427 1819 1492 fuit,
1873 1442 2004 1479 con-

178 1516 376 1569 tinuare
411 1517 621 1583 imperia
662 1533 722 1568 ac
756 1517 1029 1584 plerosque
1067 1518 1132 1569 ad
1178 1517 1326 1571 finem
1360 1519 1497 1571 vitae
1546 1520 1599 1570 in
1636 1518 1800 1570 isdem
1849 1534 2005 1570 exer-

181 1607 361 1659 citibus
396 1613 480 1659 aut
509 1607 944 1660 iurisdictionibus
982 1608 1189 1661 habere.

1264 1610 1461 1661 Causae
1496 1610 1673 1662 variae
1708 1609 2001 1661 traduntur:

2019 1255 2070 1293 1⁰

180 1698 264 1750 aiii
297 1698 468 1750 taedio
506 1713 671 1751 novae
709 1714 862 1751 curae
900 1699 1058 1751 semel
1083 1699 1269 1766 placita
1298 1716 1391 1766 pre
1429 1702 1652 1753 aeternis
1687 1701 1998 1766 servavisse,
2020 1714 2070 1754 ta

180 1789 381 1855 quidam
418 1789 638 1855 invidia,
696 1806 760 1842 ne
798 1791 969 1856 plures
1007 1791 1310 1852 i'ruerentur.

1385 1793 1511 1846 Sunt
1559 1793 1644 1859 qui
1694 1793 2002 1857 existiment,

177 1884 230 1930 ut
255 1879 487 1932 callidum
528 1882 636 1933 eius
664 1882 939 1949 ingenium,
982 1883 1050 1934 ita
1080 1883 1283 1934 anxium
1322 1883 1579 1935 iudicium.
1652 1884 1827 1950 Neque
1868 1885 2003 1935 enim

304 2072 342 2114 1.
376 2071 576 2114 ded-aetus
607 2073 661 2115 Η.
738 2074 780 2116 3.
813 2073 974 2115 οὒιαηιε
998 2074 1053 2116 Μ.

181 2132 369 2171 correxit
400 2130 586 2185 Lipsius.
653 2134 720 2175 12.
760 2146 814 2174 ac
847 2132 900 2186 M,
934 2145 1022 2174 non
1056 2140 1108 2174 et.
1178 2134 1243 2176 13.
1277 2134 1396 2175 istem
1431 2133 1486 2175 M.

182 2329 318 2371 aqua,
357 2315 432 2357 sed
466 2314 586 2357 lacus
617 2314 717 2370 ille,
758 2315 872 2359 unde
906 2317 1051 2360 effun-

181 2374 297 2420 diua·
336 2381 379 2418 et
424 2376 647 2431 augescit,
698 2389 784 2419 non
832 2376 985 2431 procul
1026 2391 1051 2418 a

180 2432 428 2478 Trasimeno
469 2435 580 2476 situs
618 2436 661 2476 in
700 2435 862 2477 Arnum
908 2442 1051 2478 trans-

180 2492 285 2537 ferri
317 2499 502 2549 peterat.
567 2493 661 2546 Quo
702 2495 819 2538 facto
864 2494 1051 2539 Floren-

181 2553 261 2595 tini
275 2553 499 2605 timebant,
518 2566 573 2594 ne
585 2553 764 2595 nimium
787 2556 1053 2598 incresceret

181 2611 337 2654 Arnus.
394 2611 517 2653 Nunc
553 2610 700 2655 Clanis
720 2611 930 2671 (Chiana)
956 2627 1052 2656 ma-

214 2683 311 2715 nam
341 2677 507 2726 partem
539 2672 583 2713 in
603 2672 767 2714 Arnum
793 2687 841 2715 se
859 2679 1053 2715 transtu..

200 2731 248 2783 it,
279 2728 420 2773 Tiberi
454 2735 643 2775 ceteram
675 2744 831 2787 aquam
853 2733 1050 2776 affundit.

270 2815 317 2856 in
348 2817 461 2858 rivos
493 2816 715 2859 diductus.-
763 2819 835 2875 qui
872 2819 916 2860 id
947 2832 1052 2861 sua-

183 2871 358 2926 debant,
391 2875 485 2916 fore
517 2881 564 2915 ut
592 2877 676 2917 rivi
700 2875 765 2918 illi
785 2878 828 2918 in
849 2876 1051 2920 Umbriae

184 2934 328 2974 arenis
344 2932 656 2975 delitescerent
666 2935 912 2988 sperabant.
933 2934 1052 2978 Con..

185 2994 249 3031 tra
273 2989 516 3034 disseruere
549 2991 875 3037 interamnates.
926 2996 1051 3038 Wal..

185 3047 334 3091 thorus
363 3050 685 3105 fecundissimos
706 3051 861 3095 Italiae
882 3067 1051 3112 canopos

184 3119 261 3162 pro
315 3107 582 3152 felicissimis
644 3111 732 3153 illis
791 3111 1052 3168 Campaniae

186 3168 346 3222 campis
362 3170 555 3222 accepit:
587 3182 674 3211 non
702 3170 939 3225 crederem,
969 3173 1053 3215 nisi

186 3224 344 3267 litteris
382 3229 669 3281 perscriptum
708 3229 917 3273 viderem.
979 3231 1054 3273 ln-

188 3288 446 3326 teramnates
486 3285 539 3327 ad
571 3287 727 3329 Narem
769 3289 811 3329 in
853 3289 1055 3331 confiniis

187 3340 388 3384 Umbriae
421 3349 464 3384 et
497 3344 751 3387 Sabinorum
783 3348 929 3400 positi.

278 3443 359 3471 nec
390 3430 567 3472 Reatini
606 3456 661 3463 —-
693 3440 962 3474 recusantes:
998 3434 1055 3475 cf.

190 3485 280 3530 Cic.
315 3487 367 3530 ad
397 3489 486 3532 Att.
519 3487 577 3531 lv
603 3491 681 3532 15:
716 3492 891 3533 Reatini
914 3506 977 3532 me
1003 3492 1061 3532 ad

189 3560 267 3587 sua
311 3551 458 3606 τέμπη
511 3549 748 3601 duxerunt,
797 3557 843 3591 ut
889 3564 1060 3606 ayerem

193 3618 363 3647 causam
403 3615 555 3649 contra
595 3608 907 3651 Interamnates
947 3609 1062 3666 apud

193 3663 401 3708 consulem
442 3673 482 3710 et
527 3667 669 3710 decem
715 3666 901 3725 ἱεραῖσι,
951 3668 1062 3725 quod

1139 2073 1181 2116 8.
1212 2088 1393 2129 praeces
1425 2074 1480 2116 M.

1564 2133 1630 2176 16.
1662 2136 1895 2189 fuerentur
1919 2132 1975 2174 Μ.

1135 2316 1255 2358 lacus
1275 2317 1460 2370 Velinus,
1481 2331 1509 2358 a
1522 2317 1672 2359 Manio
1684 2315 1814 2358 Curio
1835 2316 2007 2358 emissus

1133 2377 1337 2418 interciso
1368 2384 1531 2430 monle,
1568 2378 1615 2417 in
1653 2376 1818 2418 Narem
1849 2375 2007 2430 defluit.

1227 2435 1423 2478 Velinum
1466 2436 1607 2478 lacum
1637 2461 1693 2467 —
1727 2441 1971 2491 erupturum
1989 2449 2004 2476 .·

1132 2495 1188 2537 cs.
1221 2495 1332 2536 Plin.
1366 2494 1417 2536 N.
1453 2496 1504 2537 H.
1538 2494 1817 2551 11117s12J:
1851 2494 2008 2535 Sabini

1131 2579 1187 2586 —-
1229 2554 1399 2597 Velinus
1430 2553 1630 2596 accolunt
1661 2552 1796 2594 lacus.
1827 2578 1882 2585 —
1910 2553 2008 2595 Nar

1130 2614 1268 2655 amnis
1311 2613 1511 2655 exhaurit
1558 2612 1656 2654 illos
1701 2612 1870 2669 (lacus)
1914 2611 2007 2654 sul-

1127 2673 1303 2730 phureis
1327 2675 1475 2728 aquis,·
1509 2672 1687 2714 Tiberim
1708 2686 1761 2712 erc
1780 2671 1846 2712 his
1857 2678 2007 2726 petens

1129 2731 1265 2789 replet
1289 2747 1310 2773 e
1325 2739 1465 2774 monte
1487 2731 1666 2774 Fiscello
1691 2730 1851 2784 labens,
1884 2731 2008 2772 iuxta

1139 2791 1342 2834 Vacunae
1361 2806 1540 2835 nemora
1559 2798 1597 2832 et
1617 2791 1752 2834 Reate
1774 2791 1821 2831 in
1842 2789 2008 2832 eosdem

1132 2851 1339 2893 conditus.

1219 2907 1324 2965 Cap.
1365 2909 1463 2954 80.¹
1506 2916 1770 2966 proroqatur
1810 2908 2005 2965 Poppaeo

1131 2968 1292 3011 Sabino
1322 2971 1550 3025 provincia
1583 2970 1781 3012 Moesia.-
1824 2967 1908 3010 hoc
1953 2967 2007 3010 ad

1131 3028 1371 3082 principem
1383 3030 1585 3083 pertinet,
1607 3040 1693 3070 non
1713 3028 1767 3069 ad
1783 3033 1979 3069 senatum
1993 3041 2006 3067 ε

1131 3086 1296 3128 Moesia
1345 3089 1460 3129 enim
1519 3085 1719 3129 Caesaris
1779 3087 2008 3140 provincia

1133 3151 1239 3197 erat,
1274 3151 1317 3187 et
1336 3145 1504 3187 Achaia
1530 3152 1572 3187 et
1588 3144 1842 3187 Macedonia
1865 3143 2007 3185 eidem

1134 3205 1177 3244 in
1208 3217 1413 3257 praesens
1446 3205 1618 3245 tradita.
1670 3202 1736 3244 Cf.
1759 3202 1864 3254 176,
1883 3203 1918 3243 V
1935 3202 2004 3243 10.

1135 3262 1260 3313 Quod
1304 3262 1432 3316 paulo
1480 3269 1577 3316 post
1630 3262 1735 3302 dicit
1781 3261 1828 3300 in
1874 3259 2008 3301 isdem

1134 3321 1389 3362 exercitibus
1420 3328 1495 3361 aut
1525 3318 1889 3362 iurisdictionibus
1921 3318 2006 3359 ha-

1135 3379 1254 3430 bere,
1297 3378 1507 3433 intelligit
1540 3377 1738 3420 Caesaris
1770 3376 1931 3432 legatos
1964 3382 2008 3418 et

1130 3444 1462 3492 procuratores.-
1497 3450 1593 3478 nam
1614 3438 1803 3477 minores
1825 3442 1866 3477 et
1883 3436 2007 3481 iner-

1136 3508 1226 3536 mes
1259 3496 1512 3549 provinciae
1554 3497 1646 3537 fere
1692 3509 1716 3537 a
1749 3501 2007 3549 procurato-

1135 3553 1255 3594 ribus
1278 3553 1477 3595 Caesaris
1506 3554 1848 3607 cohibebantur3
1887 3554 2004 3595 conf.

1138 3611 1322 3666 x1154,
1367 3612 1462 3655 xm
1501 3615 1572 3657 31.
1614 3613 1664 3655 Η.
1707 3614 1744 3655 V
1783 3613 1811 3655 9
1851 3619 1894 3654 et
1936 3613 2006 3668 10,

1136 3670 1155 3716 1
1190 3672 1240 3715 11
1275 3677 1319 3716 et
1353 3673 1422 3728 12,
1453 3670 1492 3714 11
1530 3674 1582 3718 12
1613 3678 1657 3715 et
1698 3673 1750 3716 16
1783 3677 1826 3715 et
1857 3671 1929 3717 58.

1556 2075 1623 2118 10.
1659 2074 1910 2115 concederet
1941 2073 2005 2114 M:
2055 2057 2058 2061 ¹
2085 2107 2090 2110 .
