2280 4004
246 265 337 309 1ae
1004 264 1297 311 ANNALIVM

1821 283 1862 315 a.
1878 260 1880 262 ’
1896 282 1945 315 u.
1979 268 2080 320 7702

243 407 410 460 Druso
459 423 681 475 proavus
730 423 884 474 eques
935 410 1192 463 Romanus
1240 410 1543 476 Pomponius
1578 411 1776 464 Atticus
1826 413 2081 468 dedecere

181 522 183 524 ·
246 499 569 552 Claudiorum
606 500 854 567 imagines
886 499 1169 551 videbatur.
1235 501 1298 552 Et
1329 501 1550 554 coniunx
1577 501 1868 555 Germanici
1889 504 2083 573 Agrip-

242 592 360 658 pina
408 591 716 643 fecunditate
760 607 820 642 ac
859 591 992 642 fama
1035 592 1228 643 Liviam
1267 607 1479 645 uxorem
1527 594 1679 646 Drusi
1716 595 2076 662 praecellebat.

244 682 345 735 Sed
399 683 581 734 fratres
636 683 848 749 egregie
903 671 1191 745 concordes
1242 688 1291 734 et
1332 684 1679 750 proximorum
1720 686 2080 739 certaminibus

205 787 228 823 ⁵
244 773 554 826 inconcussi.

409 865 517 917 Nec
554 863 708 915 multo
743 869 861 930 post
895 864 1089 916 Drusus
1125 865 1177 915 in
1214 865 1467 932 illyricum
1509 867 1693 919 missus
1732 873 1824 932 est,
1868 873 1923 919 ut
1957 864 2165 920 sue-44

0 950 141 1029 *afqi
153 948 185 1005 [1
242 960 412 1008 sceret
466 956 674 1007 militiae
720 956 986 1026 studiaque
1048 957 1304 1028 exercitus
1353 962 1590 1024 pararet3
1646 958 1795 1010 simul
1845 959 2080 1012 iuvenem

0 1031 168 1137 *ζ
132 1045 184 1069 st
240 1048 437 1099 urbano
494 1047 613 1098 luxu
658 1047 1008 1099 lascivientem
1057 1048 1234 1100 melius
1286 1049 1338 1098 in
1390 1049 1572 1102 castris
1615 1049 1793 1101 haberi
1829 1050 2077 1116 Tiberius,

175 1165 193 1175 ⁶·
243 1153 400 1204 seque
437 1139 673 1190 tutiorem
715 1139 922 1190 rebatur
960 1144 1176 1206 utroque
1212 1139 1314 1190 filio
1353 1139 1586 1207 legiones
1626 1141 1902 1192 obtinente
1977 1141 2078 1194 Sed

180 1230 397 1283 noSuevi
439 1230 903 1306 praetendebantur
956 1232 1193 1285 auxilium
1242 1232 1488 1285 adversus
1528 1233 1816 1285 Cheruscos
1855 1238 2076 1285 orantes.

0 1332 42 1370 is
77 1305 195 1403 Αἴξ(
200 1322 365 1375 ³Nam
420 1321 653 1373 discessu
706 1323 1049 1374 Romanorum
1108 1339 1168 1374 ac
1222 1324 1371 1374 vacui
1423 1328 1635 1375 externo
1687 1329 1850 1389 metu,
1910 1324 2079 1391 gentis

5 1419 13 1436 ¹
46 1402 132 1431 '⁴⁴³‘
136 1377 206 1427 ,7
214 1412 579 1464 adsuetudine
617 1418 665 1464 et
700 1418 801 1463 tum
830 1413 1168 1465 aemulatione
1206 1413 1404 1481 gloriae
1441 1429 1579 1466 arma
1617 1415 1670 1464 in
1709 1430 1767 1466 se
1800 1419 2076 1467 verterant.

240 1504 329 1555 Vis
369 1504 646 1568 nationum,
686 1504 847 1556 virtus
885 1504 1067 1554 ducum
1104 1504 1156 1554 in
1195 1520 1385 1570 aequo:
1425 1505 1516 1558 sed
1542 1506 1909 1558 Maroboduum
1938 1505 2080 1573 regis

237 1609 425 1646 nomen
465 1595 683 1646 invisum
722 1594 853 1660 apud
890 1594 1189 1661 populareS,
1246 1594 1530 1646 Arminium
1564 1607 1656 1662 pro
1694 1596 1929 1648 libertate
1965 1595 2081 1648 bel-

175 1685 426 1740 islantem
480 1683 628 1738 favor
674 1685 906 1737 habebat.
984 1686 1143 1753 Igitur
1187 1701 1291 1737 non
1342 1687 1494 1738 modo
1549 1687 1792 1739 Cherusci
1847 1683 2161 1754 sociique45

239 1793 444 1843 eorum,
501 1782 647 1829 vetus
687 1777 904 1829 Arminii
938 1777 1098 1842 miles,
1140 1793 1402 1845 sumpsere
1443 1778 1661 1843 bellum3
1716 1780 1807 1831 sed
1847 1795 1874 1830 e
1913 1793 2074 1846 regno

238 1869 386 1920 etiam
437 1868 741 1921 Marobodui
794 1868 993 1921 Suevae
1041 1874 1252 1936 genteS,
1314 1869 1594 1921 Semnones
1634 1886 1694 1921 ac
1730 1869 2073 1937 Langobardi,

239 1959 479 2011 defecere
515 1959 579 2011 ad
619 1976 747 2011 eum.
811 1959 1004 2021 Quibus
1036 1959 1221 2012 additis
1243 1960 1609 2027 praepollebat,
1638 1961 1691 2011 ni
1724 1961 2074 2029 Inguiomerus

239 2066 350 2101 cum
385 2065 536 2101 manu
572 2051 828 2102 clientium
867 2051 931 2102 ad
975 2052 1341 2104 Maroboduum
1386 2053 1725 2120 perfugisset,
1775 2067 1880 2104 non
1926 2051 2075 2104 aliam

173 2156 222 2193 ου
239 2141 302 2192 01)
342 2156 546 2193 causam
583 2157 730 2208 quam
768 2141 883 2207 quia
913 2142 1084 2193 fratris
1123 2141 1225 2192 filio
1263 2142 1433 2193 iuveni
1467 2148 1673 2208 patruus
1699 2158 1859 2195 senex
1893 2157 2076 2209 parere

238 2233 628 2301 dedignabatur.
701 2233 1000 2300 Diriguntur
1037 2233 1205 2298 acieS,
1248 2233 1359 2299 pari
1397 2234 1646 2300 utrimque
1683 2250 1802 2301 spe,
1848 2249 1976 2299 nec,
2020 2237 2076 2284 ut

354 2387 396 2428 3.
430 2389 552 2441 fama
585 2399 681 2427 cum
715 2386 794 2428 lin.
833 2385 902 2441 (h.
928 2400 967 2429 e.
988 2388 1174 2442 famam)
1204 2386 1257 2428 M.
1316 2400 1436 2442 pree.
1462 2387 1517 2429 M.
1586 2388 1654 2430 10.
1679 2387 1798 2430 suebi
1814 2387 1869 2430 M.
1934 2400 2072 2428 oran-

236 2451 368 2486 tentes
401 2445 455 2487 M.
525 2446 592 2488 13.
627 2459 784 2500 aequos
825 2452 864 2487 et
898 2445 967 2487 M:
1003 2446 1193 2487 correxit
1223 2445 1474 2487 Rhenanus.
1544 2447 1611 2488 14.
1646 2454 1749 2502 aput
1779 2447 1833 2488 M.
1895 2445 2072 2502 pellan-

235 2512 316 2546 tem
347 2504 401 2547 M.
471 2505 538 2547 15.
574 2504 791 2546 cheruscis
823 2505 887 2546 M:
938 2505 1145 2546 Cherusci
1175 2504 1398 2546 Alciatina
1432 2510 1475 2546 et
1498 2504 1750 2547 Rhenanus.
1817 2506 1885 2548 17.
1918 2505 2072 2547 suebae

234 2564 289 2606 M.
355 2564 637 2619 Lanyobardi
667 2564 730 2612 M,
777 2571 820 2604 ut
853 2564 920 2605 Ma
965 2566 1014 2605 11
1054 2564 1132 2606 17:
1182 2563 1229 2606 G.
1263 2565 1321 2607 40
1352 2563 1579 2606 Leidensis
1614 2564 1935 2621 Lonyobardos.
2002 2563 2070 2608 19.

235 2622 450 2665 clientium
481 2622 536 2675 M,
568 2635 656 2663 non
690 2622 901 2664 clientum.
966 2624 1036 2665 21.
1072 2623 1322 2678 der-iquntur
1353 2623 1408 2665 M.

233 2750 404 2791 vitavit.
460 2748 585 2791 Matri
616 2750 730 2791 enim
748 2749 992 2792 Germanici
1012 2750 1107 2791 An-
1193 2751 1412 2806 Drusique
1464 2757 1659 2792 matrem.
1733 2746 1832 2794 v‘id.
1890 2751 2069 2796 Sueten.

233 2809 381 2850 toniae
432 2808 592 2849 minori
642 2814 765 2862 pater
816 2810 899 2851 fuit
939 2810 1107 2852 Marcus

232 2867 448 2909 Antonius
481 2869 699 2920 triumvir,
756 2875 894 2910 mater
926 2867 1109 2910 Octavia

232 2927 419 2983 Augusti
434 2939 571 2968 soror.
598 2927 685 2980 Ipsi
705 2928 839 2983 igitur
850 2928 1107 2970 Germanico

235 2985 419 3027 Octavia
473 2992 566 3027 erat
619 2987 718 3027 avia
780 2994 823 3028 et
882 2987 1106 3042 Augustus

234 3043 477 3087 avunculus
499 3058 710 3101 magnus:
743 3058 841 3086 nam
871 3046 1107 3087 avunculus

232 3117 412 3159 magnus
444 3110 505 3145 est
532 3105 657 3146 aviae
686 3106 843 3159 frater,
877 3111 924 3145 ut
956 3104 1108 3146 definit

233 3163 393 3205 Paulus
418 3161 447 3203 1.
475 3163 528 3206 10
550 3165 595 3215 §.
621 3164 673 3206 15
698 3163 800 3219 Dig.
830 3164 879 3205 de
901 3164 1106 3219 9²·adibus

237 3220 478 3278 (XXXVIII
512 3223 607 3279 10).
669 3222 899 3276 Perperam
935 3222 1106 3276 Lipsius

237 3289 280 3323 et
341 3280 591 3323 Waltherus
655 3282 805 3323 dicunt
865 3282 1109 3337 Augustum

236 3341 372 3382 fuisse
404 3339 649 3382 Germanici
674 3340 1033 3397 proavunculum,
1069 3339 1111 3382 h.

238 3414 278 3442 e.
311 3400 520 3453 proaviae
555 3400 748 3442 fratrem.

305 3458 559 3512 Pomponius
586 3459 752 3501 Atticus
780 3473 930 3514 eques,
951 3460 1115 3500 amicus

237 3516 314 3558 ille
349 3515 601 3569 Ciceronis,
646 3524 769 3571 pater
811 3519 893 3559 fuit
926 3519 1115 3572 Pompo-

237 3577 360 3628 niae,
395 3587 580 3629 quacum
604 3576 771 3618 Marcus
803 3579 1000 3633 Agrippa
1032 3591 1115 3633 ge-

237 3635 334 3679 nuit
370 3634 645 3690 Vipsaniam,
691 3634 850 3678 Tiberii
882 3637 1116 3693 coniugem

1193 2810 1334 2852 'l'iber.
1370 2811 1393 2853 7
1415 2843 1425 2862 ,
1461 2810 1514 2852 de
1546 2810 1611 2852 ill.
1650 2811 1834 2852 Gramm.
1865 2812 1935 2854 13.
1961 2811 2070 2867 Nep.

1192 2870 1324 2911 Attic.
1354 2871 1421 2913 12.
1457 2870 1612 2911 Senec.
1645 2869 1783 2924 Epist.
1805 2871 1860 2914 21
1885 2882 2072 2919 :nomen

1193 2928 1327 2970 Attici
1343 2929 1490 2984 perire
1511 2928 1734 2971 Ciceronis
1760 2929 1963 2985 epistolae
1984 2942 2072 2972 non

1192 2990 1364 3029 sinunt.-
1415 2986 1525 3028 nihil
1559 2987 1624 3030 illi
1661 2990 1913 3044 profuisset
1938 3002 2072 3045 ρεπεν

1192 3046 1388 3101 A-qrippa
1442 3054 1481 3086 et
1530 3046 1716 3088 Tiberius
1773 3061 1988 3103 progener
2034 3054 2073 3089 et

1193 3105 1359 3145 Drusus
1383 3105 1549 3145 Caesar
1575 3118 1802 3159 pronepos.

1287 3162 1392 3216 Cap.
1426 3164 1499 3205 44.
1554 3165 1600 3204 in
1622 3163 1869 3218 Illyricum:
1903 3162 2071 3218 lllyrici

1194 3234 1354 3263 nomen
1386 3222 1636 3275 provincias
1652 3221 1927 3276 Dalmatiam,
1954 3223 2071 3265 Pan..

1195 3282 1399 3333 noniam,
1470 3280 1676 3322 Moesiam
1732 3280 1817 3323 hoc
1874 3287 2072 3337 tempore

1200 3339 1524 3393 complectitur,
1558 3338 1636 3381 sed
1667 3339 1854 3382 Drusum
1887 3342 1931 3383 in
1963 3340 2072 3383 Dal-

1197 3399 1372 3440 matiam
1412 3399 1591 3440 missum
1642 3411 1740 3441 esse
1794 3405 1923 3455 atque
1969 3398 2072 3440 hinc

1199 3458 1253 3499 ad
1285 3457 1486 3513 legiones
1512 3457 1784 3499 Pannonicas
1816 3457 2072 3512 pervenisse

1201 3531 1254 3559 ex
1285 3515 1322 3558 ll
1354 3517 1410 3560 53
1443 3523 1486 3558 et
1517 3516 1694 3560 62—63
1726 3516 1880 3570 liquet.

1310 3583 1350 3617 et
1397 3582 1483 3618 tum
1535 3573 1820 3616 aemulatione
1872 3572 2070 3628 ylariae:

1201 3634 1311 3679 haec
1351 3634 1487 3679 verba
1533 3634 1751 3692 propriam
1796 3632 1915 3676 illius
1960 3631 2069 3678 belli
