2280 4004
16 678 139 721 Aij'ess}
153 697 167 714 c

7 1245 93 1274 „afim
106 1258 146 1274 ,μ
165 1257 188 1270 ιι

22 1304 90 1329 bet
103 1284 208 1327 gefe?
221 1276 276 1334 (ἐ.)

195 587 438 639 38malas
478 602 625 638 curas
663 593 943 639 exerceret.

281 274 308 304 a
338 260 386 304 G.
423 263 496 307 21.

883 261 1048 305 LIBER
1079 260 1152 306 111.

1218 260 1325 305 CAr.
1358 261 1550 306 36—38.
2012 262 2099 304 199

283 405 440 469 deret,
479 404 613 456 diem
649 405 1100 471 aedificationibus,
1140 411 1343 458 noctem
1376 391 1625 456 conviviis
1666 404 1907 468 traheret,
1953 417 2099 469 quam

280 495 420 546 solus
458 500 507 547 et
545 496 693 547 nullis
732 496 1071 562 voluptatibus
1117 502 1359 548 avocatus
1415 500 1657 548 maestam
1699 495 2013 562 vigilantiam
2051 499 2101 545 et

1016 589 1130 640 Non
1165 588 1297 639 enim
1334 588 1594 652 Tiberius,
1633 601 1738 639 non
1773 591 2099 637 accusatores

279 677 596 750 {atiscebant
670 677 732 728 Et
756 678 1044 730 Ancharius
1079 679 1282 730 Priscus
1309 678 1542 730 Caesium
1579 677 1799 729 Cordum
1837 692 1930 743 pro
1971 691 2100 728 con-

279 767 388 819 sule
419 767 597 818 Cretae
622 767 966 832 postulaverat
997 769 1307 834 repetundiS,
1337 769 1510 820 addito
1548 768 1824 820 maiestatis
1867 768 2096 832 crimine,
2115 782 2139 818 ⁵

279 857 413 924 quod
450 862 552 907 tum
589 857 808 908 omnium
842 859 1219 909 accusationum
1251 859 1668 925 complementum
1710 863 1834 909 erat.

230 987 238 1005 .
276 947 546 999 Antistium
555 947 789 998 Veterem
810 964 839 999 e
859 949 1165 1014 primoribus
1180 950 1528 1015 Macedoniae,
1544 949 1826 1000 absolutum
1847 949 2097 1012 adulterii,

1909 858 2101 909 Caesar

276 1038 536 1103 increpitis
572 1037 826 1089 iudicibus
862 1039 925 1089 ad
951 1039 1218 1091 dicendam
1253 1041 1530 1091 maiestatis
1560 1055 1764 1090 causam
1785 1039 2012 1103 retraxit,
2045 1044 2100 1089 ut

274 1127 526 1178 turbidum
564 1132 614 1179 et
635 1128 1032 1194 Rhescuporidis
1071 1130 1299 1181 consiliis
1323 1130 1640 1195 permixtum,
1671 1144 1767 1194 qua
1801 1133 2098 1194 tempestate

278 1218 435 1284 Cotye
461 1218 665 1283 [fratre]
694 1219 962 1271 interfecto
1001 1220 1186 1271 bellum
1222 1221 1468 1271 adversus
1506 1235 1602 1271 nos
1625 1220 1882 1294 XP-lverat·
1939 1219 2099 1286 Igitur
2116 1237 2165 1274 zo

274 1322 404 1374 aqua
439 1313 490 1359 et
528 1308 636 1375 igni
671 1309 992 1360 interdictum
1015 1325 1124 1374 reo,
1156 1311 1541 1376 adpositumque
1576 1315 1630 1360 ut
1653 1315 1912 1361 teneretur
1933 1309 2096 1360 insula

274 1413 441 1464 neque
480 1399 812 1451 Macedoniae
866 1415 1031 1466 neque
1070 1401 1315 1452 Thraciae
1356 1405 1650 1466 opportuna.

1723 1400 1849 1451 Nam
1884 1399 2098 1450 Thracia

275 1489 441 1539 diviso
492 1489 704 1554 imperio
760 1491 813 1540 in
848 1490 1242 1542 Rhoemetalcen
1292 1496 1340 1542 et
1387 1491 1580 1542 liberos
1619 1491 1820 1557 Cotyis,
1882 1491 1992 1556 quis
2032 1489 2096 1540 ob

271 1578 534 1633 infantiam
557 1584 693 1630 tutor
719 1586 828 1631 erat
852 1581 1197 1633 Trebellienus
1219 1582 1394 1646 Rufus,
1417 1582 1686 1633 insolentia
1710 1582 1871 1632 nostri
1898 1581 2098 1632 discors

275 1669 475 1736 agebat,
514 1684 679 1735 neque
718 1670 881 1722 minus
922 1672 1322 1724 Rhoemetalcen
1361 1687 1505 1738 quam
1543 1672 1912 1724 Trebellienum
1948 1671 2164 1725 incu-is

271 1774 410 1824 sans,
442 1760 756 1826 popularium
793 1762 1005 1814 iniurias
1034 1763 1217 1815 inultas
1254 1764 1441 1815 sinere.

1518 1763 1807 1814 Coelaletae
1836 1763 2100 1815 Odrusae-

391 1899 430 1940 1.
469 1898 642 1941 trahere
664 1900 728 1942 M:
767 1913 877 1943 corr.
902 1901 1089 1955 Lipsius,
1150 1906 1194 1945 4.
1229 1903 1422 1945 cordium
1453 1903 1518 1944 M:
1550 1902 1683 1944 tacite
1707 1915 1816 1959 corr.
1840 1902 2093 1944 Rhenanus.

274 1957 314 1999 7.
346 1958 548 1999 ueterime
577 1960 705 2014 prim.
738 1960 793 2002 M.

274 2028 324 2069 pr
353 2016 409 2058 M.
472 2016 634 2072 cothyis
666 2019 721 2060 M.

316 2154 325 2158 “
360 2140 490 2196 Cotye
524 2144 701 2200 [fratre]
722 2145 948 2199 interfecto
970 2159 980 2186 ε
1003 2145 1137 2200 Cotys

267 2211 355 2240 non
373 2199 507 2241 frater
537 2201 615 2243 sed
635 2215 772 2256 nepos
805 2203 972 2259 (fratris
998 2204 1134 2258 filius)

269 2264 362 2300 erat
393 2259 734 2315 Rhescuporidi,
778 2268 825 2303 ut
858 2269 901 2304 et
936 2263 1136 2306 Velleius

266 2315 304 2358 11
340 2318 422 2361 129
464 2324 508 2359 et
536 2318 710 2362 Tacitus
751 2322 847 2375 ipse
885 2321 922 2363 11
964 2321 1023 2365 64
1065 2323 1136 2364 di-

265 2377 423 2418 stincte
454 2377 643 2422 tradidit.
708 2379 826 2422 Idem
851 2382 988 2437 igitur
1021 2395 1137 2423 nunc

264 2436 332 2476 sui
374 2434 579 2479 oblivisci
618 2440 680 2480 ita
730 2452 817 2480 non
866 2442 1032 2494 potuit,
1090 2447 1136 2482 ut

263 2500 469 2548 nepotem
511 2496 853 2551 Rhescuporidis
891 2501 1136 2542 nominaret

264 2553 456 2606 fratrem,
478 2567 623 2610 neque
650 2570 780 2599 causa
801 2558 951 2600 aderat
984 2572 1059 2600 cur
1090 2559 1135 2601 in

269 2617 316 2654 re
348 2619 452 2654 nota
483 2617 688 2670 cognatio
731 2618 957 2673 utriusque
1000 2617 1136 2660 adde-

263 2676 397 2714 retur.
459 2671 611 2728 Itaque
646 2674 737 2718 levi
769 2677 1077 2719 recordatione
1110 2692 1135 2719 a

265 2730 442 2773 librario
458 2743 617 2773 nomen
627 2735 767 2787 fratre
781 2737 1014 2789 ascriptum
1037 2748 1135 2778 esse

267 2795 430 2831 certum
462 2789 650 2833 videtur.
724 2793 916 2835 Muretus
948 2794 1034 2836 FR.
1068 2794 1133 2847 F„

268 2846 310 2888 h.
331 2861 370 2889 e.
389 2849 542 2900 fratris
559 2848 664 2902 filio,
683 2851 961 2894 scribendum
983 2855 1134 2905 suasit,

267 2905 344 2946 sed
392 2908 667 2961 cognationis
731 2911 846 2951 inter
902 2910 1044 2964 Cotyn
1093 2919 1136 2954 et

268 2961 639 3017 Rhescuporidem
659 2966 932 3011 definiendae
954 2975 1052 3024 post
1083 2984 1135 3012 ea

268 3034 379 3077 quae
404 3029 574 3065 narrata
597 3031 697 3066 sunt
720 3026 756 3068 11
787 3027 846 3071 64
870 3028 983 3070 iusta
1005 3042 1134 3072 causa

266 3092 354 3121 non
386 3081 548 3125 aderat.
710 3086 942 3129 insolentia
971 3089 1109 3129 nostri
1119 3103 1133 3130 .·

268 3137 311 3180 h.
348 3153 388 3181 e.
422 3153 509 3181 non
541 3145 704 3184 assueti
738 3151 886 3187 nostro
921 3147 1132 3200 imperi03

269 3196 325 3238 cf.
343 3197 399 3238 Vl
415 3198 495 3241 34:
517 3202 867 3246 contumeliarum
891 3204 1134 3257 insolentes,

268 3253 347 3295 XV
373 3255 455 3297 67:
492 3257 696 3301 audiendi
727 3275 834 3315 quae
865 3266 1032 3317 faceret
1062 3265 1135 3304 in-

266 3311 406 3354 solens
448 3322 568 3367 erat3
616 3318 666 3360 H.
713 3319 770 3361 111
807 3323 901 3364 ‚532
948 3321 1137 3376 obsequii

265 3370 465 3415 insolens.
530 3373 639 3416 Add.
672 3375 722 3418 H.
758 3377 776 3418 I
806 3378 878 3430 87,
914 3378 951 3420 11
984 3379 1057 3422 88.

351 3430 620 3473 Coelaletae:
653 3432 791 3476 forma
828 3439 1015 3478 nominis
1047 3437 1130 3478 ob-

263 3489 393 3531 noxia
422 3492 684 3544 suspicioni:
718 3494 831 3547 apud
852 3494 1037 3536 Plinium
1070 3496 1131 3539 lv

266 3545 319 3589 18
351 3548 456 3606 (11)
476 3549 674 3593 Coeletae
695 3551 917 3606 (Coeletae
941 3555 1127 3599 maiores

263 3603 438 3662 Haemo,
468 3608 653 3653 minores
675 3609 909 3669 Rhodopae
937 3611 1124 3675 subditi),

932 1963 998 2003 12.
1038 1961 1242 2002 Threciae
1275 1963 1335 2014 M,
1382 1975 1483 2002 mox
1521 1962 1745 2004 Thraecia.

816 2019 884 2062 16.
922 2019 1166 2062 Coelaletae
1194 2021 1250 2074 M,
1282 2034 1371 2062 non
1406 2020 1604 2062 Coeletae
1635 2020 1794 2075 Ryckii
1828 2027 1870 2062 et
1887 2020 2094 2062 Ernestii.

1844 1963 1912 2004 13.
1948 1962 2097 2002 divisio

1221 2147 1334 2201 apud
1392 2147 1688 2189 Ptolemaeum
1746 2146 1805 2187 111
1854 2148 1904 2188 11
1981 2149 2025 2199 δ.
2069 2147 2097 2190 9

1221 2202 1467 2260 Κοιλητικν)
1494 2210 1764 2263 στρατηγία,
1780 2205 1894 2259 apud
1907 2205 2094 2247 Dionem

1219 2265 1313 2307 LIV
1345 2267 1404 2308 34
1420 2269 1652 2309 Σιαλέται.
1700 2265 1850 2306 Livius
1874 2264 2093 2306 XXXVIII

1218 2325 1278 2367 40
1302 2330 1446 2379 neque
1465 2324 1661 2366 Coeletas
1677 2337 1820 2379 neque
1853 2323 2095 2366 Coelaletas

1220 2383 1375 2436 habet,
1438 2383 1516 2425 sed
1567 2382 1743 2424 Corelos
1802 2389 1844 2424 et
1908 2383 2090 2425 Caenos.

1218 2443 1346 2496 Apud
1376 2442 1569 2484 Tacitum
1613 2442 1750 2484 fuisse
1790 2448 1862 2482 aut
1895 2442 2094 2484 Coeletae

1219 2508 1293 2542 aut
1341 2501 1571 2556 Galybetae
1610 2501 1829 2544 videntur.
1914 2501 2095 2556 Utrique

1218 2560 1298 2602 sub
1331 2567 1479 2602 monte
1510 2561 1698 2611 Haemo,
1746 2573 1874 2615 quem
1906 2561 2094 2602 Thraces

1218 2619 1418 2662 seditiosi
1440 2619 1832 2676 transgrediuntur,
1853 2618 2094 2674 Calybetae

1220 2679 1350 2720 etiam
1384 2680 1519 2721 vicini
1540 2678 1734 2730 Odrusis‚
1767 2679 1900 2720 sociis
1922 2680 2012 2721 suis
2041 2678 2094 2719 ad

1218 2737 1380 2779 flumen
1405 2738 1595 2780 Hebrum
1619 2738 1901 2794 agitantibus.
1939 2738 2092 2780 Strabo

1222 2795 1298 2837 VII
1328 2797 1356 2839 6
1388 2799 1437 2841 2:
1490 2799 1760 2855 ὑπέρκειται
1803 2798 1851 2841 δὲ
1885 2798 1967 2841 τοῦ
1998 2801 2094 2840 Βυ-

1220 2857 1404 2904 ζαντίου
1436 2849 1485 2899 τὸ
1520 2858 1614 2900 τῶν
1641 2855 1822 2900 ’Acran
1855 2859 2004 2905 ἔθνος,
2044 2859 2095 2900 ἐν

1221 2907 1256 2971 ᾦ
1288 2916 1420 2961 πόλις
1452 2914 1706 2973 Καλύβη.
1759 2914 2090 2970 Stephan.Byz.

1221 2972 1435 3030 Καλύβη,
1483 2975 1619 3023 πόλις
1651 2975 1853 3032 Θρᾴκης,
1898 2974 2095 3022 ἄποικος

1220 3033 1524 3076 Μακεδόνων·
1549 3027 1600 3076 τὸ
1623 3032 1815 3078 &amnon
1831 3037 2094 3090 Καλυβῑται

1220 3092 1524 3146 (Καλυβῆται)
1570 3089 1870 3148 ἢΚαλυβεῖς,
1924 3092 1986 3139 ὥς
2017 3092 2094 3143 τῆς

1216 3148 1402 3206 Ἀλύβης
1445 3149 1660 3206 Ἄλυβεῖς.
1756 3150 1920 3190 Plinius
1974 3150 2002 3190 l.
2050 3162 2086 3189 c.

1220 3206 1484 3261 Odrysarum
1542 3221 1646 3262 qens
1708 3208 1850 3261 fundit
1904 3208 2091 3248 Hebrum

1218 3266 1507 3307 accolentibus
1541 3265 1754 3318 Cabyletis
1790 3266 1917 3321 (lege
1957 3265 2090 3319 Caly-

1222 3324 1357 3377 betis).
1445 3323 1555 3365 Ptol.
1599 3323 1658 3364 111
1706 3326 1754 3366 11
1801 3326 1845 3374 δ.
1883 3327 1951 3367 12.
2023 3324 2088 3366 De

1218 3394 1323 3422 vero
1358 3381 1485 3422 huius
1511 3382 1628 3423 urbis
1649 3383 1839 3434 nomine,
1873 3395 1983 3437 quae
2016 3384 2087 3423 in·-

1219 3440 1384 3480 terdum
1407 3442 1594 3496 Καβύλη
1624 3454 1849 3495 perperam
1868 3441 2085 3495 scribitur,

1217 3498 1272 3540 cf.
1293 3497 1512 3540 Groskurd
1544 3499 1595 3540 ad
1613 3499 1835 3541 Strabonis
1866 3501 2086 3554 interpre-

1213 3557 1421 3599 tationem
1441 3557 1723 3601 Theodiscam
1750 3559 1780 3601 l.
1806 3573 1842 3601 c.
1880 3556 1947 3602 Πὸ
1973 3561 2083 3613 Diis,

1211 3614 1446 3661 Thracibus
1469 3618 1702 3670 montanis,
1730 3616 1921 3674 Thucyd.
1942 3616 1982 3662 11
2014 3618 2082 3664 96.
