2222 4022
195 276 270 319 Lll
997 278 1264 324 PROOEMII

195 437 380 475 annum
420 422 577 489 1460,
640 438 738 489 quo
791 423 862 474 illi
919 423 1074 475 libelli
1117 441 1181 476 ex
1221 423 1489 475 Germania
1544 422 1595 473 in
1630 422 1820 475 Italiam
1871 424 2022 476 delati

193 519 323 579 sunt,
364 515 522 567 scribi
565 520 773 581 coeptos
814 520 863 566 et
900 515 952 565 in
989 516 1264 566 maioribus
1317 514 1555 581 operibus
1594 514 1892 566 auctoritate
1929 515 2025 568 de-

191 605 392 658 stitutos
434 622 564 659 esse.
638 606 904 658 Praeterea
944 606 995 656 in
1039 606 1416 658 commentariis
1455 607 1756 658 Criticorum
1796 605 2024 657 nonnulli

191 698 399 750 codices
454 703 538 748 aut
586 697 743 748 semel
788 701 872 748 aut
921 681 1189 775 aliquoties
1241 703 1724 762 commemorantur,
1789 696 1944 748 veluti
1998 713 2027 748 a

186 789 356 856 Lipsio
399 788 564 841 codex
601 789 852 855 Hispanus
891 788 973 841 vel
1008 771 1383 855 Covarruviae,
1423 789 1471 839 h.
1514 805 1558 840 e.
1601 788 1781 840 Didaci
1815 789 2025 840 Antonii

188 881 534 933 Covarruviae
580 881 767 932 Leivae
805 881 922 932 ICti.
1002 881 1199 947 Lipsius
1238 895 1329 934 sua
1370 885 1607 947 excerpta
1652 885 1922 947 acceperat
1953 880 2016 932 ab

184 972 394 1024 Andrea
421 972 612 1025 Scott0.
689 972 764 1023 De
804 972 947 1023 libris
985 973 1338 1038 manuscriptis
1376 977 1425 1024 et
1459 973 1607 1024 editis
1641 972 1890 1023 minorum
1927 971 2028 1022 Ta-

187 1064 273 1113 citi
323 1078 530 1130 operum
566 1063 617 1112 in
655 1063 975 1129 praefatione
1007 1065 1170 1129 quarti
1205 1064 1326 1115 tomi
1364 1078 1595 1115 seorsum
1634 1063 1846 1114 dicetur.

333 1156 436 1206 Iam
473 1170 596 1206 vera
634 1154 792 1205 Taciti
831 1155 1135 1206 restituendi
1176 1160 1225 1207 et
1258 1155 1562 1207 emendandi
1599 1155 1747 1219 rat10,
1787 1159 2021 1221 quantum
2040 1157 2108 1205 32

189 1246 253 1299 ad
291 1246 517 1298 Annales
560 1250 609 1297 et
643 1246 894 1298 Historias
944 1247 1146 1312 attinet,
1205 1263 1268 1300 ex
1315 1247 1392 1298 his
1442 1251 1622 1312 sponte
1676 1247 2020 1313 consequitur.

185 1338 395 1391 Scilicet
439 1343 550 1399 ¹uni
612 1337 893 1404 locupletes
962 1338 1194 1406 integrae
1254 1339 1534 1404 scripturae
1599 1343 1755 1390 testes
1815 1338 2023 1389 codices

182 1429 401 1481 Medicei
437 1429 658 1480 habendi
697 1434 828 1494 sunt,
871 1429 1029 1480 ceteri
1070 1430 1122 1479 in
1163 1429 1429 1480 consilium
1463 1429 1529 1479 ita
1565 1428 1803 1494 vocandi,
1835 1433 1889 1479 ut
1921 1428 2025 1479 uti-

185 1536 296 1572 mur
337 1521 646 1572 coniecturis
685 1521 892 1587 proprio
931 1521 1123 1572 iudicio
1162 1521 1408 1587 repertiS,
1461 1536 1589 1586 quae
1632 1524 1817 1586 quanto
1857 1519 2021 1587 magis

186 1599 436 1664 accedunt
475 1611 538 1663 ad
579 1612 781 1678 antiqua
816 1612 1033 1679 vestigia
1075 1612 1275 1663 modice
1315 1612 1611 1675 obscurata,
1666 1615 1750 1662 aut
1797 1625 1895 1676 quo
1941 1611 2023 1661 sa-

186 1703 331 1753 cilius
370 1703 549 1754 horum
586 1703 888 1754 deformatio
930 1719 993 1754 ex
1030 1703 1127 1754 illis
1166 1708 1332 1769 potest
1363 1702 1624 1768 explicari,
1665 1716 1726 1752 eo
1763 1701 1874 1767 plus
1903 1701 2021 1752 fidei

185 1799 542 1860 assequuntur.
620 1795 674 1844 In
717 1809 814 1860 quo
857 1795 1068 1861 negotio
1125 1808 1228 1844 non
1274 1793 1436 1844 solum
1485 1807 1731 1858 praesens
1774 1792 1931 1842 facies
1973 1796 2022 1842 et

184 1884 384 1936 habitus
422 1886 768 1937 Mediceorum
808 1885 1116 1951 spectandus
1159 1890 1265 1949 est,
1318 1885 1409 1936 sed
1466 1885 1613 1935 etiam
1655 1883 1821 1934 animo
1857 1883 2024 1933 infor-

182 1976 396 2027 mandus
437 1982 514 2027 est
553 1981 816 2028 contextus
853 1976 1153 2040 verborum,
1214 1976 1296 2041 qui
1350 1976 1442 2026 fuit
1486 1975 1537 2025 in
1591 1974 1691 2025 illis
1739 1973 1876 2024 unde
1926 1973 2022 2040 ipsi

184 2067 576 2118 descenderunt.
652 2068 714 2119 Hi
753 2068 927 2134 scripti
980 2072 1123 2118 erant
1173 2066 1354 2117 litteris
1403 2065 1622 2132 antiquis
1663 2063 2020 2128 (uncialibus),

186 2163 239 2208 ut
277 2158 465 2209 clarum
516 2164 591 2210 est
637 2174 747 2210 cum
788 2175 851 2210 ex
902 2159 1013 2210 aliis
1062 2159 1299 2222 indiciis,
1347 2162 1447 2207 tum
1490 2157 1754 2223 frequente
1794 2167 2024 2208 commu-

181 2249 373 2300 tatione
397 2250 674 2301 litterarum
716 2266 742 2299 e
773 2255 822 2300 et
859 2250 897 2315 f,
941 2266 968 2300 c
1001 2255 1050 2300 et
1080 2266 1127 2315 9,
1166 2264 1203 2313 p
1240 2254 1288 2300 et
1316 2264 1359 2312 r,
1396 2247 1423 2297 b
1461 2253 1509 2298 et
1539 2263 1594 2296 r.-
1634 2248 1814 2313 quippe
1836 2247 2020 2299 scribis

180 2340 555 2391 recentioribus
593 2355 806 2406 pronum
851 2346 960 2391 erat
998 2341 1038 2391 E
1079 2340 1314 2405 accipere
1351 2353 1442 2404 pro
1494 2338 1558 2401 F,
1607 2343 1655 2388 et
1697 2338 1813 2389 vice
1849 2353 2016 2401 versa,

183 2431 219 2481 C
259 2446 350 2496 pro
392 2431 465 2496 G,
515 2432 549 2482 P
585 2446 676 2497 pro
712 2433 786 2495 R,
847 2431 884 2481 B
923 2446 1014 2497 pro
1052 2432 1108 2482 R.
1185 2429 1425 2496 Singulae
1464 2443 1621 2479 voces
1661 2442 1819 2494 parvo
1858 2428 2021 2480 inter-

179 2521 314 2572 vallo
358 2526 405 2572 et
458 2522 726 2587 aliquoties
766 2521 902 2572 nullo
953 2521 1234 2572 collocatae
1281 2523 1452 2570 erant:
1515 2533 1613 2584 quo
1654 2518 1838 2568 factum
1877 2523 1930 2569 ut
1966 2518 2017 2569 in

181 2612 448 2663 vocabulis
516 2613 848 2679 seiungendis
924 2629 951 2663 a
1026 2611 1432 2663 describentibus
1498 2624 1651 2674 saepe
1709 2609 2015 2675 multumque

179 2708 497 2769 peccaretur,
536 2703 814 2755 litterarum
853 2704 982 2755 ordo
1012 2704 1316 2767 turbaretur,
1356 2701 1683 2753 necessariae
1719 2701 2019 2752 omitteren-

180 2799 287 2858 tur,
350 2794 480 2845 aliae
531 2810 684 2860 super
733 2810 992 2846 numerum
1053 2794 1376 2845 adderentur.
1470 2792 1626 2843 Iidem
1668 2792 2016 2857 frequentibus

189 2885 450 2936 scribendi
493 2871 806 2951 compendiis
838 2886 1030 2937 exarati
1060 2890 1219 2949 erant,
1263 2899 1392 2950 quae
1429 2898 1539 2933 cum
1569 2883 1619 2932 in
1654 2883 1802 2933 novis
1842 2898 2018 2934 exem-

183 2975 408 3041 plaribus
466 2976 620 3026 modo
683 2976 1069 3042 negligerentur
1123 2974 1276 3026 modo
1340 2974 1525 3025 adesse
1582 2973 1878 3024 viderentur
1930 2973 2016 3024 ubi

187 3066 356 3117 nullus
394 3066 467 3117 eis
503 3066 648 3117 locus
688 3071 811 3130 erat,
842 3082 974 3117 nova
1010 3067 1248 3117 vitiorum
1284 3080 1437 3131 seges
1476 3064 1711 3115 effloruit.
1786 3065 1839 3114 In
1878 3079 2016 3114 mar—

179 3158 300 3225 gine
353 3157 435 3209 vel
493 3173 646 3223 super
696 3173 875 3208 versus
939 3157 1191 3222 ascriptae
1252 3154 1523 3221 aliquando
1585 3158 1729 3205 erant
1782 3154 2014 3220 singulae

181 3263 342 3299 voces
381 3248 645 3315 (glossae)
700 3253 749 3298 et
803 3248 986 3298 breves
1040 3234 1445 3309 admonitioneS‚
1510 3259 1638 3310 quae
1693 3260 1718 3295 a
1770 3244 2012 3310 proximis

185 3339 370 3389 scribis
438 3341 489 3389 in
549 3343 836 3391 contextum
896 3338 1203 3390 narrationis
1258 3353 1318 3387 ac
1370 3350 1522 3401 saepe
1575 3335 1690 3386 loco
1744 3349 1847 3385 non
1897 3340 2010 3400 apto

180 3428 374 3479 ascitae
411 3435 540 3478 sunt.
618 3431 727 3481 Hoc
763 3430 999 3480 vitiorum
1050 3443 1244 3496 genere
1298 3427 1440 3493 prior
1477 3425 1738 3478 Mediceus
1776 3438 2003 3490 perraro,

179 3519 307 3569 alter
345 3520 546 3585 saepius
583 3521 870 3585 inquinatus
910 3525 1004 3571 est.‘
1077 3519 1185 3580 Qua
1235 3518 1298 3569 de
1333 3533 1390 3568 re
1426 3517 1509 3583 qui
1549 3515 1845 3566 dubitabunt
1884 3514 2011 3576 (du-

172 3609 336 3662 bitare
386 3613 551 3661 autem
601 3610 784 3661 multos
821 3611 1029 3676 video),
1088 3609 1138 3660 hi
1196 3613 1462 3674 antequam
1516 3604 1736 3670 iniquius
1784 3603 1848 3655 de
1907 3603 2007 3655 boc
