2280 4004
212 297 238 327 a
269 283 317 329 G.
354 285 425 330 26.
763 283 927 328 LIBER
957 283 1033 329 lv.
1097 283 1203 328 CAP.
1239 285 1430 329 55-58.

1958 291 2046 332 289

225 425 352 478 urbe
388 425 595 492 degere.
670 425 883 477 Causam
921 425 1190 476 abscessus
1230 439 1528 492 quamquam
1565 429 1767 478 secutus
1804 426 2049 492 plurimos

228 524 490 569 auctorum
524 517 588 568 ad
630 517 800 570 Seiani
840 521 974 568 artes
1013 516 1215 580 rettuli,
1260 517 1375 583 quia
1413 521 1582 570 tamen
1617 518 1776 570 caede
1812 519 1919 570 eius
1954 534 2051 585 pa·—

226 615 352 662 trata
381 608 1025 686 sse—{posteahannosmpari
1058 613 1258 660 secreto
1299 610 1575 676 coniunxit,
1605 610 1898 677 plerumque
1929 618 2053 677 per-
2098 623 2118 637 ‘

228 715 440 752 moveor
476 715 592 750 num
628 699 691 750 ad
735 699 895 765 ipsum
933 699 1117 751 referri
1163 700 1334 751 verius
1384 702 1476 766 sit,
1537 702 1800 753 saevitiam
1836 717 1896 753 ac
1932 702 2054 753 libi-

227 790 395 842 dinem
447 805 558 840 cum
609 788 755 840 factis
808 796 1093 856 promeret,
1130 788 1280 842 'locis
1343 792 1694 844 occultantem.
1769 792 1925 844 Erant
1967 794 2090 858 quis

225 881 493 932 crederent
529 881 579 930 in
607 885 868 932 senectute
897 882 1128 947 corporis
1164 897 1364 949 quoque
1394 883 1616 934 habitum
1647 884 1830 950 pudori
1865 884 2051 935 fuisse:

225 972 406 1038 quippe
444 971 513 1021 illi
551 972 888 1039 praegracilis
931 978 980 1023 et
1026 974 1236 1024 incurva
1287 975 1600 1040 proceritaS,
1660 975 1824 1026 nudus
1867 975 2050 1040 capillo
2252 1036 2267 1046 θ

224 1067 430 1127 vertex,
489 1063 724 1115 ulcerosa
763 1063 923 1115 facies
977 1080 1035 1114 ac
1091 1064 1387 1130 plerumque
1423 1065 1843 1116 medicaminibus
1890 1054 2145 1117 ἱππεῖ-Γ
2155 1048 2213 1090 ³*
2265 1130 2275 1140 ⁴,

224 1153 420 1204 stincta
494 1154 556 1204 Et
581 1154 744 1206 Rhodi
787 1160 987 1206 secreto
1017 1155 1179 1206 vitare
1219 1160 1412 1221 coetuS,
1454 1156 1741 1207 recondere
1769 1156 2051 1222 voluptates
2076 1132 2138 1155 ‹,

224 1245 462 1297 insuerat.
537 1245 770 1296 Traditur
806 1246 955 1296 etiam
996 1246 1169 1297 matris
1223 1246 1516 1312 impotentia
1555 1252 1842 1312 extrusum,
1906 1261 2052 1312 quam
2071 1267 2118 1303 ιο

226 1336 585 1388 dominationis
630 1337 823 1388 sociam
873 1337 1264 1404 aspernabatur,
1327 1353 1493 1404 neque
1536 1338 1792 1404 depellere
1837 1342 2053 1404 poterat,

227 1443 337 1478 cum
371 1427 767 1480 dominationem
799 1429 965 1494 ipsam-
985 1429 1171 1479 donum
1202 1429 1311 1483 eius
1346 1429 1646 1495 accepisset.
1701 1430 1826 1480 Nam
1853 1429 2058 1480 dubita-

224 1523 367 1570 verat
403 1519 661 1586 Augustus
701 1518 1070 1584 Germanicum,
1113 1520 1308 1571 sororis
1345 1525 1579 1586 nepotem
1623 1525 1672 1571 et
1709 1521 1904 1571 cunctis
1943 1520 2057 1570 lau-

228 1610 424 1674 datum,
479 1610 555 1661 rei
591 1612 851 1662 Romanae
885 1611 1173 1677 imponere:
1229 1611 1322 1662 sed
1363 1612 1601 1677 precibus
1644 1612 1819 1664 uxoris
1858 1612 2052 1662 evictus

225 1701 429 1752 Tiberio
467 1701 860 1766 Germanicum,
901 1701 998 1753 sibi
1035 1701 1286 1753 Tiberium
1326 1702 1557 1753 adscivit.

139 1793 594 1860 58exprobrabat,
632 1793 953 1859 reposcebat.
1027 1793 1279 1845 Profectio
1324 1798 1433 1844 arto
1486 1793 1726 1844 comitatu
1764 1794 1885 1845 fuit:
1928 1810 2056 1846 unus

227 1889 434 1935 senator
467 1883 733 1935 consulatu
770 1883 987 1947 functUS,
1027 1883 1275 1935 Cocceius
1311 1884 1497 1948 Nerva,
1539 1884 1618 1934 cui
1653 1883 1822 1952 legum
1857 1886 2056 1950 peritia,

229 1990 384 2042 eques
421 1976 695 2040 RomanuS,
735 1981 938 2041 praeter
972 1975 1227 2039 Seianum,
1270 1992 1334 2027 ex
1369 1975 1662 2027 inlustribus
1692 1977 1890 2028 Curtius
1925 1978 2061 2028 Atti-

230 2083 317 2118 cus
338 2085 351 2129 3
396 2067 554 2118 ceteri
589 2066 885 2118 liberalibus
922 2067 1102 2118 studiis
1137 2066 1371 2133 praediti,
1410 2067 1569 2117 ferme
1603 2066 1803 2132 Graeci,
1846 2083 2058 2133 quorum

230 2158 551 2209 sermonibus
590 2157 862 2210 levaretur.
936 2157 1185 2209 Ferebant
1220 2158 1367 2223 periti
1407 2157 1697 2208 caelestium
1737 2158 1799 2209 iis
1840 2159 2057 2211 motibus
2074 2171 2124 2208 πο

230 2248 451 2299 siderum
491 2249 780 2300 excessisse
817 2250 975 2302 Roma
1016 2249 1267 2300 Tiberium
1314 2253 1367 2299 ut
1417 2249 1610 2300 reditus
1648 2249 1719 2299 illi
1766 2255 2056 2320 negaretur.

230 2339 374 2390 Unde
411 2339 551 2390 exitii
591 2355 742 2391 causa
779 2340 945 2391 multis
985 2340 1078 2391 fuit
1103 2354 1372 2406 properum
1410 2339 1558 2391 finem
1584 2340 1719 2392 vitae
1762 2321 2062 2399 coniectan-

233 2431 363 2481 tibus
396 2430 832 2498 vulgantibusque.
928 2432 1103 2498 Neque
1154 2432 1286 2482 enim
1346 2435 1445 2482 tam
1494 2431 1845 2482 incredibilem
1886 2447 2059 2482 casum

231 2522 592 2587 providebant,
655 2528 709 2573 ut
763 2521 999 2574 undecim
1052 2538 1144 2589 per
1201 2536 1362 2574 annos
1413 2522 1577 2574 libens
1633 2523 1795 2589 patria
1846 2528 2057 2574 careret.

347 2697 390 2740 3.
424 2703 522 2752 post
555 2698 802 2753 plerumque
837 2697 1017 2740 verbum
1050 2699 1226 2739 videtur
1261 2697 1501 2751 excidisse,
1545 2697 1681 2740 veluti
1724 2697 1952 2753 ambiyere.
2015 2699 2058 2741 5.

233 2757 484 2799 occulta-ntis
517 2757 584 2798 M:
617 2758 747 2799 tacite
782 2759 972 2799 correxit
1003 2758 1254 2800 Rhenanus.
1377 2757 1418 2799 6.
1453 2758 1646 2812 corporis
1678 2771 1838 2812 quoque
1873 2757 1934 2809 M,
1972 2770 2058 2797 non

233 2815 433 2858 Beroaldi
468 2830 626 2871 quoque
656 2818 864 2873 corporis.
932 2818 999 2859 10.
1032 2818 1120 2873 inp.
1155 2817 1209 2859 M.
1278 2819 1344 2860 12.
1380 2817 1660 2858 dubutaverat
1692 2816 1745 2858 Μ.
1815 2818 1882 2858 14.
1912 2816 2060 2872 pcibus

234 2888 327 2916 cum
354 2875 429 2917 lin.
454 2876 717 2933 (praecibus)
753 2875 805 2918 M.
872 2876 940 2918 16.
977 2883 1072 2917 areo
1100 2876 1155 2929 M,
1177 2888 1263 2917 non
1287 2875 1488 2918 Beroaldi
1510 2883 1646 2918 arcto.
1714 2875 1781 2918 18.
1817 2876 1986 2917 cuv-cius
2003 2876 2058 2918 M.

236 3014 375 3055 iunxit
415 3014 630 3057 vocabula
674 3015 726 3057 ab
772 3015 922 3058 eadem
959 3015 1104 3058 littera
1280 3017 1467 3059 traditur
1500 3017 1652 3058 etiam.-
1695 3017 1784 3058 vid.
1828 3016 1911 3057 Dio
1944 3015 2061 3058 LVII

1632 1702 1788 1768 quue
1822 1706 2054 1768 Augusta
2070 1719 2117 1755 ιε
2134 1698 2254 1752 dih..
2277 1711 2280 1716 “

236 3075 302 3128 (p)
334 3074 606 3128 incipientia.

319 3133 609 3189 praegracilis
650 3141 688 3175 et
735 3136 918 3176 incurva
947 3149 1104 3191 proce-

237 3189 369 3231 ritas.
403 3194 520 3233 senis
545 3193 655 3234 haec
676 3199 840 3235 statura
872 3194 968 3235 suit.
1024 3195 1103 3235 Vi-

239 3260 329 3287 rum
363 3248 570 3292 describit
602 3251 835 3293 Suetonius
856 3252 997 3295 Tiber.
1019 3253 1103 3295 68.

239 3320 418 3362 corpore
464 3310 545 3361 suit
589 3310 728 3365 amplo
762 3318 886 3364 atque
917 3313 1103 3360 robusto,

238 3372 405 3406 statura
417 3380 523 3420 quae
534 3368 687 3408 iustam
706 3369 942 3411 excederet.
979 3371 1106 3411 Lacus

238 3424 290 3465 ab
307 3424 491 3467 humeris
516 3433 555 3467 et
566 3433 753 3481 pectore,
779 3430 930 3468 ceteris
948 3441 1106 3481 quoque

236 3485 429 3526 membris
467 3499 596 3539 usque
638 3485 694 3526 ad
733 3487 838 3526 imos
863 3486 992 3541 pedes
1028 3499 1106 3526 ae-

239 3543 374 3597 qualis
407 3551 446 3585 et
474 3558 725 3599 congruens.
768 3543 975 3585 luvenem
997 3543 1106 3585 Vel-

239 3601 350 3643 leius
374 3602 409 3643 11
431 3602 489 3646 94
509 3602 614 3644 dicit
634 3606 778 3658 forma
801 3609 843 3644 et
858 3602 1106 3646 celsitudine

238 3663 433 3717 ,corporis
463 3663 846 3707 instructissimum.

320 3757 469 3796 Tacitus
493 3759 529 3797 1.

1194 3078 1262 3120 12.
1326 3077 1506 3118 Sueton.
1539 3075 1681 3116 Tiber.
1716 3076 1786 3116 51.
1898 3076 2060 3115 sororis

1188 3142 1407 3190 nepotem:
1441 3141 1578 3175 mater
1599 3133 1842 3174 Germanici
1871 3133 2061 3174 Antonia

1191 3200 1297 3244 erat,
1331 3194 1540 3234 Octaviae
1574 3198 1616 3233 et
1645 3192 1699 3232 M.
1741 3191 1920 3231 Antonii
1943 3190 2059 3242 lilia3

1191 3252 1247 3292 cf.
1281 3252 1335 3294 ad
1368 3252 1405 3292 11
1436 3250 1508 3292 43.
1552 3250 1835 3291 Dubitaverat
1866 3249 2060 3290 brevit-er

1191 3311 1351 3351 (lictum
1385 3321 1462 3363 pro
1497 3308 1727 3349 dubitando
1760 3309 2017 3362 (ιῃὶιαυεναε.

1281 3426 1384 3479 Cap.
1420 3425 1490 3467 58.
1554 3439 1608 3466 et
1637 3424 1909 3467 inlustribus:
1945 3439 1986 3468 v.
2007 3426 2061 3468 ad

1192 3484 1227 3525 ll
1281 3485 1351 3526 59.
1416 3483 1610 3525 Curtium
1662 3484 1853 3526 Atticum
1913 3485 2061 3527 Seiani

1191 3543 1353 3583 artibus
1387 3556 1588 3584 eversum
1623 3556 1719 3585 esse
1757 3544 1814 3586 Vl
1851 3545 1904 3586 10
1928 3557 1952 3585 a
1977 3543 2060 3586 Ta-

1192 3603 1278 3643 cito
1312 3601 1529 3645 traditum.

1671 3742 1734 3798 19
