<?xml version="1.0" encoding="UTF-8"?>
<!DOCTYPE html PUBLIC "-//W3C//DTD XHTML 1.0 Transitional//EN"
    "http://www.w3.org/TR/xhtml1/DTD/xhtml1-transitional.dtd">
<html xmlns="http://www.w3.org/1999/xhtml" xml:lang="en" lang="en">
 <head>
  <title>
</title>
<meta http-equiv="Content-Type" content="text/html;charset=utf-8" />
  <meta name='ocr-system' content='tesseract 3.04.00' />
  <meta name='ocr-capabilities' content='ocr_page ocr_carea ocr_par ocr_line ocrx_word'/>
</head>
<body>
  <div class='ocr_page' id='page_1' title='image "./operaadcodicesan01taciuoft_0079.png"; bbox 0 0 2222 4022; ppageno 0'>
   <div class='ocr_carea' id='block_1_1' title="bbox 443 850 1773 1242">
    <p class='ocr_par' dir='ltr' id='par_1_1' title="bbox 443 850 1773 1242">
     <span class='ocr_line' id='line_1_1' title="bbox 559 850 1680 924; baseline -0.002 -2"><span class='ocrx_word' id='word_1_1' title='bbox 559 850 1175 924; x_wconf 82' lang='lat' dir='ltr'>CORNELII</span> <span class='ocrx_word' id='word_1_2' title='bbox 1251 851 1680 923; x_wconf 84' lang='lat' dir='ltr'><strong>TACITI</strong></span> 
     </span>
     <span class='ocr_line' id='line_1_2' title="bbox 443 1009 1773 1080; baseline 0.001 -1"><span class='ocrx_word' id='word_1_3' title='bbox 443 1012 525 1080; x_wconf 82' lang='lat' dir='ltr'><strong>A</strong></span> <span class='ocrx_word' id='word_1_4' title='bbox 625 1009 701 1077; x_wconf 80' lang='lat' dir='ltr'>N</span> <span class='ocrx_word' id='word_1_5' title='bbox 807 1010 882 1078; x_wconf 78' lang='lat' dir='ltr'>N</span> <span class='ocrx_word' id='word_1_6' title='bbox 987 1011 1071 1078; x_wconf 78' lang='lat' dir='ltr'><strong>A</strong></span> <span class='ocrx_word' id='word_1_7' title='bbox 1173 1009 1250 1077; x_wconf 77' lang='lat' dir='ltr'>L</span> <span class='ocrx_word' id='word_1_8' title='bbox 1346 1012 1402 1078; x_wconf 87' lang='grc' dir='ltr'>Ι</span> <span class='ocrx_word' id='word_1_9' title='bbox 1494 1009 1578 1076; x_wconf 82' lang='lat' dir='ltr'><strong>V</strong></span> <span class='ocrx_word' id='word_1_10' title='bbox 1648 1012 1773 1080; x_wconf 59' lang='lat' dir='ltr'><em>‘M</em></span> 
     </span>
     <span class='ocr_line' id='line_1_3' title="bbox 832 1169 1378 1242; baseline -0.004 -12"><span class='ocrx_word' id='word_1_11' title='bbox 832 1170 1046 1231; x_wconf 89' lang='lat' dir='ltr'>LIBER</span> <span class='ocrx_word' id='word_1_12' title='bbox 1091 1169 1378 1242; x_wconf 81' lang='lat' dir='ltr'><strong>PRIMVS.</strong></span> 
     </span>
    </p>
   </div>
   <div class='ocr_carea' id='block_1_2' title="bbox 736 1436 1486 1492">
    <p class='ocr_par' dir='ltr' id='par_1_2' title="bbox 736 1436 1486 1492">
     <span class='ocr_line' id='line_1_4' title="bbox 736 1436 1486 1492; baseline -0.001 -2"><span class='ocrx_word' id='word_1_13' title='bbox 736 1436 1229 1492; x_wconf 87' lang='lat' dir='ltr'><strong>BREVIARIVM</strong></span> <span class='ocrx_word' id='word_1_14' title='bbox 1262 1436 1486 1491; x_wconf 87' lang='lat' dir='ltr'><strong>LIBRI.</strong></span> 
     </span>
    </p>
   </div>
   <div class='ocr_carea' id='block_1_3' title="bbox 189 1571 2028 2658">
    <p class='ocr_par' dir='ltr' id='par_1_3' title="bbox 189 1571 2028 2509">
     <span class='ocr_line' id='line_1_5' title="bbox 313 1571 2024 1631; baseline 0 -15"><span class='ocrx_word' id='word_1_15' title='bbox 313 1574 418 1631; x_wconf 85' lang='lat' dir='ltr'><em>Cap.</em></span> <span class='ocrx_word' id='word_1_16' title='bbox 456 1572 600 1617; x_wconf 89' lang='lat'><strong><em>1-10</em></strong></span> <span class='ocrx_word' id='word_1_17' title='bbox 639 1574 903 1630; x_wconf 80' lang='lat' dir='ltr'><em>prooemium</em></span> <span class='ocrx_word' id='word_1_18' title='bbox 938 1571 1188 1615; x_wconf 83' lang='lat' dir='ltr'><em>Annalium.</em></span> <span class='ocrx_word' id='word_1_19' title='bbox 1276 1573 1525 1630; x_wconf 61' lang='lat' dir='ltr'><em>Exi-ponitur</em></span> <span class='ocrx_word' id='word_1_20' title='bbox 1554 1574 1695 1630; x_wconf 88' lang='lat' dir='ltr'><em>operis</em></span> <span class='ocrx_word' id='word_1_21' title='bbox 1727 1572 1950 1616; x_wconf 85' lang='lat' dir='ltr'><em>consilium</em></span> <span class='ocrx_word' id='word_1_22' title='bbox 1984 1579 2024 1616; x_wconf 77' lang='lat' dir='ltr'><em>et</em></span> 
     </span>
     <span class='ocr_line' id='line_1_6' title="bbox 193 1646 2026 1705; baseline 0 -15"><span class='ocrx_word' id='word_1_23' title='bbox 193 1648 419 1692; x_wconf 76' lang='lat' dir='ltr'><strong><em>scribentis</em></strong></span> <span class='ocrx_word' id='word_1_24' title='bbox 446 1648 710 1705; x_wconf 86' lang='lat' dir='ltr'><em>propositum</em></span> <span class='ocrx_word' id='word_1_25' title='bbox 739 1648 831 1705; x_wconf 84' lang='lat'>(1).</span> <span class='ocrx_word' id='word_1_26' title='bbox 895 1646 1044 1689; x_wconf 79' lang='lat' dir='ltr'><em>Pauca</em></span> <span class='ocrx_word' id='word_1_27' title='bbox 1080 1648 1131 1689; x_wconf 85' lang='lat' dir='ltr'><em>de</em></span> <span class='ocrx_word' id='word_1_28' title='bbox 1162 1647 1352 1704; x_wconf 63' lang='lat' dir='ltr'><em>Augusto</em></span> <span class='ocrx_word' id='word_1_29' title='bbox 1385 1654 1426 1689; x_wconf 80' lang='lat' dir='ltr'><em>et</em></span> <span class='ocrx_word' id='word_1_30' title='bbox 1459 1654 1675 1700; x_wconf 71' lang='lat' dir='ltr'><em>extrema3</em></span> <span class='ocrx_word' id='word_1_31' title='bbox 1729 1648 1932 1703; x_wconf 84' lang='lat' dir='ltr'><em>quomodo</em></span> <span class='ocrx_word' id='word_1_32' title='bbox 1967 1649 2026 1690; x_wconf 83' lang='lat' dir='ltr'><em>ad</em></span> 
     </span>
     <span class='ocr_line' id='line_1_7' title="bbox 192 1720 2026 1779; baseline -0.002 -15"><span class='ocrx_word' id='word_1_33' title='bbox 192 1722 416 1779; x_wconf 85' lang='lat' dir='ltr'><em>imperium</em></span> <span class='ocrx_word' id='word_1_34' title='bbox 457 1721 688 1763; x_wconf 85' lang='lat' dir='ltr'><em>accesserit</em></span> <span class='ocrx_word' id='word_1_35' title='bbox 733 1734 787 1762; x_wconf 89' lang='lat' dir='ltr'><em>ac</em></span> <span class='ocrx_word' id='word_1_36' title='bbox 829 1728 1047 1777; x_wconf 88' lang='lat' dir='ltr'><em>promotus</em></span> <span class='ocrx_word' id='word_1_37' title='bbox 1087 1722 1143 1762; x_wconf 83' lang='lat' dir='ltr'><em>sit</em></span> <span class='ocrx_word' id='word_1_38' title='bbox 1195 1723 1296 1778; x_wconf 83' lang='lat'><strong>(2),</strong></span> <span class='ocrx_word' id='word_1_39' title='bbox 1352 1734 1460 1775; x_wconf 86' lang='lat' dir='ltr'><em>quae</em></span> <span class='ocrx_word' id='word_1_40' title='bbox 1506 1720 1696 1762; x_wconf 81' lang='lat' dir='ltr'><em>subsidia</em></span> <span class='ocrx_word' id='word_1_41' title='bbox 1742 1721 2026 1762; x_wconf 81' lang='lat' dir='ltr'><em>dominationi</em></span> 
     </span>
     <span class='ocr_line' id='line_1_8' title="bbox 189 1794 2023 1853; baseline -0.002 -16"><span class='ocrx_word' id='word_1_42' title='bbox 189 1795 428 1853; x_wconf 80' lang='lat' dir='ltr'><em>providerit</em></span> <span class='ocrx_word' id='word_1_43' title='bbox 465 1797 556 1853; x_wconf 83' lang='lat'><strong>(3).</strong></span> <span class='ocrx_word' id='word_1_44' title='bbox 622 1795 696 1837; x_wconf 79' lang='lat' dir='ltr'><em>Ex</em></span> <span class='ocrx_word' id='word_1_45' title='bbox 730 1795 884 1836; x_wconf 82' lang='lat' dir='ltr'><em>ceteris</em></span> <span class='ocrx_word' id='word_1_46' title='bbox 919 1795 977 1836; x_wconf 84' lang='lat' dir='ltr'><em>ad</em></span> <span class='ocrx_word' id='word_1_47' title='bbox 1019 1807 1222 1836; x_wconf 91' lang='lat' dir='ltr'><em>summam</em></span> <span class='ocrx_word' id='word_1_48' title='bbox 1267 1808 1382 1850; x_wconf 85' lang='lat' dir='ltr'><em>spem</em></span> <span class='ocrx_word' id='word_1_49' title='bbox 1423 1794 1604 1836; x_wconf 80' lang='lat' dir='ltr'><em>admotis</em></span> <span class='ocrx_word' id='word_1_50' title='bbox 1639 1801 1853 1851; x_wconf 89' lang='lat' dir='ltr'><em>postremo</em></span> <span class='ocrx_word' id='word_1_51' title='bbox 1900 1808 2023 1835; x_wconf 91' lang='lat' dir='ltr'><em>nemo</em></span> 
     </span>
     <span class='ocr_line' id='line_1_9' title="bbox 195 1867 2025 1924; baseline -0.001 -14"><span class='ocrx_word' id='word_1_52' title='bbox 195 1868 384 1924; x_wconf 83' lang='lat' dir='ltr'><em>reliquus</em></span> <span class='ocrx_word' id='word_1_53' title='bbox 414 1869 501 1910; x_wconf 90' lang='lat' dir='ltr'><em>nisi</em></span> <span class='ocrx_word' id='word_1_54' title='bbox 536 1868 724 1910; x_wconf 84' lang='lat' dir='ltr'><em>Tiberius</em></span> <span class='ocrx_word' id='word_1_55' title='bbox 757 1868 888 1921; x_wconf 87' lang='lat' dir='ltr'><em>Nero,</em></span> <span class='ocrx_word' id='word_1_56' title='bbox 925 1868 1074 1910; x_wconf 86' lang='lat' dir='ltr'><em>Liviae</em></span> <span class='ocrx_word' id='word_1_57' title='bbox 1107 1868 1258 1909; x_wconf 86' lang='lat' dir='ltr'><em>matris</em></span> <span class='ocrx_word' id='word_1_58' title='bbox 1302 1867 1465 1910; x_wconf 83' lang='lat' dir='ltr'><em>artibus</em></span> <span class='ocrx_word' id='word_1_59' title='bbox 1497 1874 1537 1909; x_wconf 80' lang='lat' dir='ltr'><em>et</em></span> <span class='ocrx_word' id='word_1_60' title='bbox 1568 1881 1702 1924; x_wconf 85' lang='lat' dir='ltr'><em>opera</em></span> <span class='ocrx_word' id='word_1_61' title='bbox 1732 1867 1927 1920; x_wconf 79' lang='lat' dir='ltr'><em>adiutus,·</em></span> <span class='ocrx_word' id='word_1_62' title='bbox 1976 1881 2025 1909; x_wconf 93' lang='lat' dir='ltr'><em>eo</em></span> 
     </span>
     <span class='ocr_line' id='line_1_10' title="bbox 197 1940 2026 1998; baseline -0.002 -13"><span class='ocrx_word' id='word_1_63' title='bbox 197 1950 353 1985; x_wconf 85' lang='lat' dir='ltr'><em>cuncta</em></span> <span class='ocrx_word' id='word_1_64' title='bbox 385 1956 577 1998; x_wconf 73' lang='lat' dir='ltr'><em>veryere.</em></span> <span class='ocrx_word' id='word_1_65' title='bbox 643 1942 737 1984; x_wconf 90' lang='lat' dir='ltr'><em>Iam</em></span> <span class='ocrx_word' id='word_1_66' title='bbox 766 1943 812 1984; x_wconf 86' lang='lat' dir='ltr'><em>in</em></span> <span class='ocrx_word' id='word_1_67' title='bbox 838 1942 1036 1998; x_wconf 64' lang='lat' dir='ltr'><em>prox-imo</em></span> <span class='ocrx_word' id='word_1_68' title='bbox 1063 1942 1162 1995; x_wconf 78' lang='lat' dir='ltr'><em>finis</em></span> <span class='ocrx_word' id='word_1_69' title='bbox 1191 1940 1375 1996; x_wconf 65' lang='lat' dir='ltr'><em>Augusti</em></span> <span class='ocrx_word' id='word_1_70' title='bbox 1404 1955 1459 1982; x_wconf 91' lang='lat' dir='ltr'><em>ac</em></span> <span class='ocrx_word' id='word_1_71' title='bbox 1491 1955 1584 1997; x_wconf 88' lang='lat' dir='ltr'><em>spes</em></span> <span class='ocrx_word' id='word_1_72' title='bbox 1615 1954 1766 1993; x_wconf 86' lang='lat' dir='ltr'><em>novae,</em></span> <span class='ocrx_word' id='word_1_73' title='bbox 1804 1940 1854 1982; x_wconf 81' lang='lat' dir='ltr'><em>de</em></span> <span class='ocrx_word' id='word_1_74' title='bbox 1882 1941 2026 1981; x_wconf 83' lang='lat' dir='ltr'><em>immi-</em></span> 
     </span>
     <span class='ocr_line' id='line_1_11' title="bbox 195 2014 2024 2071; baseline -0.002 -13"><span class='ocrx_word' id='word_1_75' title='bbox 195 2017 385 2059; x_wconf 78' lang='lat' dir='ltr'><em>nentium</em></span> <span class='ocrx_word' id='word_1_76' title='bbox 431 2016 696 2058; x_wconf 82' lang='lat' dir='ltr'><em>dominorum</em></span> <span class='ocrx_word' id='word_1_77' title='bbox 750 2016 936 2071; x_wconf 59' lang='lat' dir='ltr'><em>ingeniis</em></span> <span class='ocrx_word' id='word_1_78' title='bbox 982 2029 1175 2056; x_wconf 84' lang='lat' dir='ltr'><em>rumores</em></span> <span class='ocrx_word' id='word_1_79' title='bbox 1219 2016 1309 2071; x_wconf 81' lang='grc'>(4).</span> <span class='ocrx_word' id='word_1_80' title='bbox 1387 2014 1601 2070; x_wconf 76' lang='lat' dir='ltr'><em>Auyustus</em></span> <span class='ocrx_word' id='word_1_81' title='bbox 1645 2014 1784 2056; x_wconf 84' lang='lat' dir='ltr'><em>Nolae</em></span> <span class='ocrx_word' id='word_1_82' title='bbox 1828 2015 2024 2066; x_wconf 83' lang='lat' dir='ltr'><em>moritur,</em></span> 
     </span>
     <span class='ocr_line' id='line_1_12' title="bbox 205 2080 2027 2144; baseline -0.002 -15"><span class='ocrx_word' id='word_1_83' title='bbox 205 2087 393 2130; x_wconf 83' lang='lat' dir='ltr'><em>Tiberius</em></span> <span class='ocrx_word' id='word_1_84' title='bbox 424 2089 642 2144; x_wconf 72' lang='lat' dir='ltr'><em>inqressus</em></span> <span class='ocrx_word' id='word_1_85' title='bbox 665 2087 887 2142; x_wconf 81' lang='lat' dir='ltr'><em>Illyricum</em></span> <span class='ocrx_word' id='word_1_86' title='bbox 913 2080 1111 2143; x_wconf 88' lang='lat' dir='ltr'><em>properis</em></span> <span class='ocrx_word' id='word_1_87' title='bbox 1145 2087 1295 2128; x_wconf 83' lang='lat' dir='ltr'><em>Liviae</em></span> <span class='ocrx_word' id='word_1_88' title='bbox 1330 2084 1483 2127; x_wconf 85' lang='lat' dir='ltr'><em>litteris</em></span> <span class='ocrx_word' id='word_1_89' title='bbox 1512 2087 1680 2127; x_wconf 85' lang='lat' dir='ltr'><em>accitur</em></span> <span class='ocrx_word' id='word_1_90' title='bbox 1705 2089 1808 2143; x_wconf 60' lang='lat'><em>(5),</em></span> <span class='ocrx_word' id='word_1_91' title='bbox 1832 2086 2027 2142; x_wconf 70' lang='lat' dir='ltr'><em>Aqrippa</em></span> 
     </span>
     <span class='ocr_line' id='line_1_13' title="bbox 198 2159 2028 2216; baseline -0.002 -14"><span class='ocrx_word' id='word_1_92' title='bbox 198 2161 415 2203; x_wconf 81' lang='lat' dir='ltr'><strong><em>Postumus</em></strong></span> <span class='ocrx_word' id='word_1_93' title='bbox 448 2162 494 2202; x_wconf 86' lang='lat' dir='ltr'><em>in</em></span> <span class='ocrx_word' id='word_1_94' title='bbox 526 2160 734 2202; x_wconf 79' lang='lat' dir='ltr'><em>Planasia</em></span> <span class='ocrx_word' id='word_1_95' title='bbox 763 2159 908 2202; x_wconf 81' lang='lat' dir='ltr'><em>insula</em></span> <span class='ocrx_word' id='word_1_96' title='bbox 939 2161 1227 2216; x_wconf 83' lang='lat' dir='ltr'><em>interemptus,</em></span> <span class='ocrx_word' id='word_1_97' title='bbox 1263 2159 1388 2213; x_wconf 84' lang='lat' dir='ltr'><em>idque</em></span> <span class='ocrx_word' id='word_1_98' title='bbox 1414 2160 1598 2215; x_wconf 89' lang='lat' dir='ltr'><em>primum</em></span> <span class='ocrx_word' id='word_1_99' title='bbox 1629 2160 1730 2200; x_wconf 86' lang='lat' dir='ltr'><em>novi</em></span> <span class='ocrx_word' id='word_1_100' title='bbox 1754 2160 2028 2215; x_wconf 77' lang='lat' dir='ltr'><em>principatus</em></span> 
     </span>
     <span class='ocr_line' id='line_1_14' title="bbox 198 2231 2026 2290; baseline -0.002 -15"><span class='ocrx_word' id='word_1_101' title='bbox 198 2234 410 2290; x_wconf 78' lang='lat' dir='ltr'><em>specimen</em></span> <span class='ocrx_word' id='word_1_102' title='bbox 443 2235 534 2290; x_wconf 90' lang='grc'>(6).</span> <span class='ocrx_word' id='word_1_103' title='bbox 611 2232 799 2275; x_wconf 84' lang='lat' dir='ltr'><em>Servilia</em></span> <span class='ocrx_word' id='word_1_104' title='bbox 833 2233 996 2276; x_wconf 82' lang='lat' dir='ltr'><em>Romae</em></span> <span class='ocrx_word' id='word_1_105' title='bbox 1047 2233 1252 2288; x_wconf 59' lang='lat' dir='ltr'><em>ingenia,</em></span> <span class='ocrx_word' id='word_1_106' title='bbox 1310 2231 1468 2273; x_wconf 85' lang='lat' dir='ltr'><em>Tiberii</em></span> <span class='ocrx_word' id='word_1_107' title='bbox 1504 2232 1720 2274; x_wconf 86' lang='lat' dir='ltr'><em>cunctatio</em></span> <span class='ocrx_word' id='word_1_108' title='bbox 1752 2238 1791 2273; x_wconf 82' lang='lat' dir='ltr'><em>et</em></span> <span class='ocrx_word' id='word_1_109' title='bbox 1826 2232 2026 2273; x_wconf 83' lang='lat' dir='ltr'><em>dissimu-</em></span> 
     </span>
     <span class='ocr_line' id='line_1_15' title="bbox 199 2304 2026 2364; baseline -0.001 -17"><span class='ocrx_word' id='word_1_110' title='bbox 199 2304 302 2350; x_wconf 85' lang='lat' dir='ltr'><em>latio</em></span> <span class='ocrx_word' id='word_1_111' title='bbox 339 2308 430 2364; x_wconf 86' lang='lat'><em>(7).</em></span> <span class='ocrx_word' id='word_1_112' title='bbox 493 2307 558 2348; x_wconf 89' lang='lat' dir='ltr'><em>De</em></span> <span class='ocrx_word' id='word_1_113' title='bbox 588 2307 794 2363; x_wconf 83' lang='lat' dir='ltr'><em>supremis</em></span> <span class='ocrx_word' id='word_1_114' title='bbox 825 2306 1006 2362; x_wconf 73' lang='lat' dir='ltr'><em>Auyusti</em></span> <span class='ocrx_word' id='word_1_115' title='bbox 1039 2305 1154 2362; x_wconf 84' lang='lat' dir='ltr'><em>apud</em></span> <span class='ocrx_word' id='word_1_116' title='bbox 1179 2311 1328 2362; x_wconf 88' lang='lat' dir='ltr'><em>pat-res</em></span> <span class='ocrx_word' id='word_1_117' title='bbox 1368 2305 1531 2346; x_wconf 87' lang='lat' dir='ltr'><em>Tiberio</em></span> <span class='ocrx_word' id='word_1_118' title='bbox 1566 2319 1714 2347; x_wconf 91' lang='lat' dir='ltr'><em>coram</em></span> <span class='ocrx_word' id='word_1_119' title='bbox 1744 2304 2026 2347; x_wconf 88' lang='lat' dir='ltr'><em>consultatum</em></span> 
     </span>
     <span class='ocr_line' id='line_1_16' title="bbox 200 2377 2027 2436; baseline -0.002 -14"><span class='ocrx_word' id='word_1_120' title='bbox 200 2388 239 2422; x_wconf 86' lang='lat' dir='ltr'><em>et</em></span> <span class='ocrx_word' id='word_1_121' title='bbox 271 2386 561 2422; x_wconf 87' lang='lat' dir='ltr'><em>testamentum</em></span> <span class='ocrx_word' id='word_1_122' title='bbox 593 2381 681 2421; x_wconf 91' lang='lat' dir='ltr'><em>eius</em></span> <span class='ocrx_word' id='word_1_123' title='bbox 711 2380 937 2427; x_wconf 83' lang='lat' dir='ltr'><em>recitatum</em></span> <span class='ocrx_word' id='word_1_124' title='bbox 971 2381 1062 2436; x_wconf 86' lang='grc'>(8).</span> <span class='ocrx_word' id='word_1_125' title='bbox 1137 2378 1203 2420; x_wconf 91' lang='lat' dir='ltr'><em>De</em></span> <span class='ocrx_word' id='word_1_126' title='bbox 1239 2377 1426 2434; x_wconf 66' lang='lat' dir='ltr'><em>Augusto</em></span> <span class='ocrx_word' id='word_1_127' title='bbox 1461 2392 1675 2421; x_wconf 87' lang='lat' dir='ltr'><strong><em>sermones</em></strong></span> <span class='ocrx_word' id='word_1_128' title='bbox 1711 2392 1827 2421; x_wconf 81' lang='lat' dir='ltr'><em>vana</em></span> <span class='ocrx_word' id='word_1_129' title='bbox 1857 2379 2027 2420; x_wconf 86' lang='lat' dir='ltr'><em>miran-</em></span> 
     </span>
     <span class='ocr_line' id='line_1_17' title="bbox 201 2452 1131 2509; baseline -0.002 -14"><span class='ocrx_word' id='word_1_130' title='bbox 201 2454 317 2507; x_wconf 84' lang='lat' dir='ltr'><em>tium,</em></span> <span class='ocrx_word' id='word_1_131' title='bbox 349 2454 586 2495; x_wconf 48' lang='lat' dir='ltr'><em>sententiae</em></span> <span class='ocrx_word' id='word_1_132' title='bbox 614 2453 890 2509; x_wconf 84' lang='lat' dir='ltr'><em>prudentium</em></span> <span class='ocrx_word' id='word_1_133' title='bbox 921 2452 1131 2508; x_wconf 86' lang='lat'>(9—10).</span> 
     </span>
    </p>

    <p class='ocr_par' dir='ltr' id='par_1_4' title="bbox 203 2523 2028 2658">
     <span class='ocr_line' id='line_1_18' title="bbox 327 2523 2027 2583; baseline -0.002 -15"><span class='ocrx_word' id='word_1_134' title='bbox 327 2526 434 2583; x_wconf 82' lang='lat' dir='ltr'><em>Cap.</em></span> <span class='ocrx_word' id='word_1_135' title='bbox 457 2527 643 2570; x_wconf 79' lang='grc'><em>11-54,</em></span> <span class='ocrx_word' id='word_1_136' title='bbox 690 2527 968 2582; x_wconf 82' lang='lat' dir='ltr'><em>Subsequitur</em></span> <span class='ocrx_word' id='word_1_137' title='bbox 999 2527 1046 2567; x_wconf 91' lang='lat' dir='ltr'><em>in</em></span> <span class='ocrx_word' id='word_1_138' title='bbox 1078 2539 1291 2567; x_wconf 85' lang='lat' dir='ltr'><em>annorum</em></span> <span class='ocrx_word' id='word_1_139' title='bbox 1320 2526 1432 2568; x_wconf 88' lang='lat' dir='ltr'><em>serie</em></span> <span class='ocrx_word' id='word_1_140' title='bbox 1463 2527 1551 2567; x_wconf 88' lang='lat' dir='ltr'><em>iam</em></span> <span class='ocrx_word' id='word_1_141' title='bbox 1583 2540 1665 2582; x_wconf 89' lang='lat' dir='ltr'><em>per</em></span> <span class='ocrx_word' id='word_1_142' title='bbox 1695 2523 1889 2567; x_wconf 86' lang='lat' dir='ltr'><em>Annales</em></span> <span class='ocrx_word' id='word_1_143' title='bbox 1925 2539 2027 2567; x_wconf 60' lang='lat' dir='ltr'><em>ecce«</em></span> 
     </span>
     <span class='ocr_line' id='line_1_19' title="bbox 203 2599 2028 2658; baseline 0 -16"><span class='ocrx_word' id='word_1_144' title='bbox 203 2600 369 2656; x_wconf 83' lang='lat' dir='ltr'><em>quenda</em></span> <span class='ocrx_word' id='word_1_145' title='bbox 425 2601 525 2642; x_wconf 84' lang='lat' dir='ltr'><em>novi</em></span> <span class='ocrx_word' id='word_1_146' title='bbox 571 2603 841 2658; x_wconf 74' lang='lat' dir='ltr'><em>principatus</em></span> <span class='ocrx_word' id='word_1_147' title='bbox 882 2601 1046 2658; x_wconf 83' lang='lat' dir='ltr'><em>primus</em></span> <span class='ocrx_word' id='word_1_148' title='bbox 1096 2615 1236 2642; x_wconf 92' lang='lat' dir='ltr'><em>annus</em></span> <span class='ocrx_word' id='word_1_149' title='bbox 1278 2599 1345 2642; x_wconf 77' lang='lat' dir='ltr'><em>vel</em></span> <span class='ocrx_word' id='word_1_150' title='bbox 1383 2602 1525 2656; x_wconf 85' lang='lat' dir='ltr'><em>potius</em></span> <span class='ocrx_word' id='word_1_151' title='bbox 1562 2601 1671 2641; x_wconf 87' lang='lat' dir='ltr'><em>anni</em></span> <span class='ocrx_word' id='word_1_152' title='bbox 1705 2601 1838 2657; x_wconf 85' lang='lat' dir='ltr'><em>primi</em></span> <span class='ocrx_word' id='word_1_153' title='bbox 1866 2614 2028 2642; x_wconf 88' lang='lat' dir='ltr'><em>menses</em></span> 
     </span>
    </p>
   </div>
   <div class='ocr_carea' id='block_1_4' title="bbox 203 2659 2137 2804">
    <p class='ocr_par' dir='ltr' id='par_1_5' title="bbox 203 2659 2208 2804">
     <span class='ocr_line' id='line_1_20' title="bbox 203 2659 2137 2730; baseline -0.013 6"><span class='ocrx_word' id='word_1_154' title='bbox 203 2675 358 2729; x_wconf 49' lang='lat' dir='ltr'><em>reliqui</em></span> <span class='ocrx_word' id='word_1_155' title='bbox 387 2676 583 2730; x_wconf 59' lang='lat' dir='ltr'><em>quinque,</em></span> <span class='ocrx_word' id='word_1_156' title='bbox 617 2675 669 2718; x_wconf 83' lang='lat' dir='ltr'><em>ab</em></span> <span class='ocrx_word' id='word_1_157' title='bbox 698 2676 802 2717; x_wconf 82' lang='lat' dir='ltr'><em>urbe</em></span> <span class='ocrx_word' id='word_1_158' title='bbox 837 2675 1009 2717; x_wconf 87' lang='lat' dir='ltr'><em>condita</em></span> <span class='ocrx_word' id='word_1_159' title='bbox 1041 2676 1141 2728; x_wconf 85' lang='lat'><strong><em>767,</em></strong></span> <span class='ocrx_word' id='word_1_160' title='bbox 1174 2689 1201 2716; x_wconf 81' lang='lat' dir='ltr'><em>a</em></span> <span class='ocrx_word' id='word_1_161' title='bbox 1232 2674 1400 2717; x_wconf 80' lang='lat' dir='ltr'><em>Christo</em></span> <span class='ocrx_word' id='word_1_162' title='bbox 1432 2681 1534 2716; x_wconf 85' lang='lat' dir='ltr'><em>nato</em></span> <span class='ocrx_word' id='word_1_163' title='bbox 1570 2675 1638 2716; x_wconf 76' lang='lat'><em>14.</em></span> <span class='ocrx_word' id='word_1_164' title='bbox 1700 2673 1889 2729; x_wconf 63' lang='lat' dir='ltr'><em>Augusto</em></span> <span class='ocrx_word' id='word_1_165' title='bbox 1923 2688 2027 2716; x_wconf 89' lang='lat' dir='ltr'><em>cae-</em></span> <span class='ocrx_word' id='word_1_166' title='bbox 2058 2659 2137 2691; x_wconf 30' lang='lat' dir='ltr'><em>‘&#39;ff&#39;&#39;</em></span> 
     </span>
     <span class='ocr_line' id='line_1_21' title="bbox 205 2746 2105 2804; baseline -0.014 -16"><span class='ocrx_word' id='word_1_167' title='bbox 205 2746 326 2790; x_wconf 80' lang='lat' dir='ltr'><em>lestes</em></span> <span class='ocrx_word' id='word_1_168' title='bbox 356 2746 585 2803; x_wconf 71' lang='lat' dir='ltr'><em>reliyiones</em></span> <span class='ocrx_word' id='word_1_169' title='bbox 619 2749 922 2802; x_wconf 82' lang='lat' dir='ltr'><em>decernuntur,</em></span> <span class='ocrx_word' id='word_1_170' title='bbox 963 2749 1125 2790; x_wconf 85' lang='lat' dir='ltr'><em>Tiberio</em></span> <span class='ocrx_word' id='word_1_171' title='bbox 1156 2749 1428 2804; x_wconf 79' lang='lat' dir='ltr'><em>principatus</em></span> <span class='ocrx_word' id='word_1_172' title='bbox 1458 2755 1498 2789; x_wconf 81' lang='lat' dir='ltr'><em>et</em></span> <span class='ocrx_word' id='word_1_173' title='bbox 1529 2748 1754 2804; x_wconf 65' lang='lat' dir='ltr'><em>imperium</em></span> <span class='ocrx_word' id='word_1_174' title='bbox 1788 2748 2026 2804; x_wconf 59' lang='lat'><em>(11—14)’</em></span> <span class='ocrx_word' id='word_1_175' title='bbox 2070 2761 2073 2767; x_wconf 19' lang='grc' dir='ltr'><strong>Α</strong></span> <span class='ocrx_word' id='word_1_176' title='bbox 2103 2797 2105 2800; x_wconf 86' lang='lat'>.</span> 
     </span>
    </p>
   </div>
   <div class='ocr_carea' id='block_1_5' title="bbox 207 2820 2029 3024">
    <p class='ocr_par' dir='ltr' id='par_1_6' title="bbox 207 2820 2029 3024">
     <span class='ocr_line' id='line_1_22' title="bbox 207 2820 2029 2879; baseline -0.001 -17"><span class='ocrx_word' id='word_1_177' title='bbox 207 2823 377 2864; x_wconf 82' lang='lat' dir='ltr'><em>comitia</em></span> <span class='ocrx_word' id='word_1_178' title='bbox 411 2836 433 2864; x_wconf 92' lang='lat' dir='ltr'><em>e</em></span> <span class='ocrx_word' id='word_1_179' title='bbox 466 2836 613 2878; x_wconf 89' lang='lat' dir='ltr'><em>campo</em></span> <span class='ocrx_word' id='word_1_180' title='bbox 658 2822 716 2864; x_wconf 86' lang='lat' dir='ltr'><em>ad</em></span> <span class='ocrx_word' id='word_1_181' title='bbox 755 2830 903 2879; x_wconf 84' lang='lat' dir='ltr'><em>patres</em></span> <span class='ocrx_word' id='word_1_182' title='bbox 942 2824 1266 2876; x_wconf 83' lang='lat' dir='ltr'><em>transferuntur</em></span> <span class='ocrx_word' id='word_1_183' title='bbox 1301 2822 1421 2878; x_wconf 89' lang='grc'>(15).</span> <span class='ocrx_word' id='word_1_184' title='bbox 1502 2821 1622 2862; x_wconf 89' lang='lat' dir='ltr'><em>Haec</em></span> <span class='ocrx_word' id='word_1_185' title='bbox 1651 2822 1696 2861; x_wconf 85' lang='lat' dir='ltr'><em>in</em></span> <span class='ocrx_word' id='word_1_186' title='bbox 1727 2820 1861 2861; x_wconf 79' lang='lat' dir='ltr'><em>urbe.-</em></span> <span class='ocrx_word' id='word_1_187' title='bbox 1909 2828 1954 2861; x_wconf 86' lang='lat' dir='ltr'><em>at</em></span> <span class='ocrx_word' id='word_1_188' title='bbox 1982 2822 2029 2861; x_wconf 88' lang='lat' dir='ltr'><em>in</em></span> 
     </span>
     <span class='ocr_line' id='line_1_23' title="bbox 208 2893 2028 2951; baseline -0.001 -16"><span class='ocrx_word' id='word_1_189' title='bbox 208 2893 436 2936; x_wconf 84' lang='lat' dir='ltr'><em>Pannonia</em></span> <span class='ocrx_word' id='word_1_190' title='bbox 472 2895 659 2951; x_wconf 66' lang='lat' dir='ltr'><em>legiones</em></span> <span class='ocrx_word' id='word_1_191' title='bbox 689 2903 774 2937; x_wconf 85' lang='lat' dir='ltr'><em>tres</em></span> <span class='ocrx_word' id='word_1_192' title='bbox 805 2896 953 2937; x_wconf 86' lang='lat' dir='ltr'><em>seditio</em></span> <span class='ocrx_word' id='word_1_193' title='bbox 982 2896 1184 2948; x_wconf 82' lang='lat' dir='ltr'><em>incessit,</em></span> <span class='ocrx_word' id='word_1_194' title='bbox 1235 2909 1343 2950; x_wconf 83' lang='lat' dir='ltr'><em>quae</em></span> <span class='ocrx_word' id='word_1_195' title='bbox 1373 2909 1401 2936; x_wconf 85' lang='lat' dir='ltr'><em>a</em></span> <span class='ocrx_word' id='word_1_196' title='bbox 1426 2893 1577 2936; x_wconf 90' lang='lat' dir='ltr'><em>Blaeso</em></span> <span class='ocrx_word' id='word_1_197' title='bbox 1612 2893 1752 2950; x_wconf 75' lang='lat' dir='ltr'><em>leqato</em></span> <span class='ocrx_word' id='word_1_198' title='bbox 1783 2894 1855 2934; x_wconf 73' lang='lat' dir='ltr'><em>vix</em></span> <span class='ocrx_word' id='word_1_199' title='bbox 1883 2894 2028 2949; x_wconf 89' lang='lat' dir='ltr'><em>repri-</em></span> 
     </span>
     <span class='ocr_line' id='line_1_24' title="bbox 207 2967 2029 3024; baseline 0 -17"><span class='ocrx_word' id='word_1_200' title='bbox 207 2967 348 3020; x_wconf 81' lang='lat' dir='ltr'><em>mitur,</em></span> <span class='ocrx_word' id='word_1_201' title='bbox 383 2981 481 3008; x_wconf 58' lang='grc' dir='ltr'><em>φησι·</em></span> <span class='ocrx_word' id='word_1_202' title='bbox 511 2981 540 3009; x_wconf 85' lang='lat' dir='ltr'><em>a</em></span> <span class='ocrx_word' id='word_1_203' title='bbox 570 2968 711 3010; x_wconf 82' lang='lat' dir='ltr'><em>Druso</em></span> <span class='ocrx_word' id='word_1_204' title='bbox 749 2967 902 3010; x_wconf 82' lang='lat' dir='ltr'><em>Tiberi-i</em></span> <span class='ocrx_word' id='word_1_205' title='bbox 928 2969 1017 3023; x_wconf 77' lang='lat' dir='ltr'><em>lilio</em></span> <span class='ocrx_word' id='word_1_206' title='bbox 1050 2969 1226 3010; x_wconf 87' lang='lat' dir='ltr'><em>sedatur</em></span> <span class='ocrx_word' id='word_1_207' title='bbox 1250 2969 1490 3024; x_wconf 83' lang='lat'>(16—30).</span> <span class='ocrx_word' id='word_1_208' title='bbox 1555 2967 1692 3009; x_wconf 81' lang='lat' dir='ltr'><em>Isdem</em></span> <span class='ocrx_word' id='word_1_209' title='bbox 1721 2969 1854 3021; x_wconf 82' lang='lat' dir='ltr'><em>ferme</em></span> <span class='ocrx_word' id='word_1_210' title='bbox 1886 2967 2029 3008; x_wconf 85' lang='lat' dir='ltr'><em>diebus</em></span> 
     </span>
    </p>
   </div>
   <div class='ocr_carea' id='block_1_6' title="bbox 207 3038 2201 3243">
    <p class='ocr_par' dir='ltr' id='par_1_7' title="bbox 207 3038 2217 3243">
     <span class='ocr_line' id='line_1_25' title="bbox 210 3038 2165 3097; baseline -0.002 -16"><span class='ocrx_word' id='word_1_211' title='bbox 210 3041 338 3081; x_wconf 77' lang='lat' dir='ltr'><em>etiam</em></span> <span class='ocrx_word' id='word_1_212' title='bbox 384 3041 665 3083; x_wconf 85' lang='lat' dir='ltr'><em>Germanicae</em></span> <span class='ocrx_word' id='word_1_213' title='bbox 710 3041 896 3097; x_wconf 73' lang='lat' dir='ltr'><em>leqiones</em></span> <span class='ocrx_word' id='word_1_214' title='bbox 941 3041 1150 3083; x_wconf 83' lang='lat' dir='ltr'><em>turbatae.</em></span> <span class='ocrx_word' id='word_1_215' title='bbox 1236 3041 1465 3097; x_wconf 79' lang='lat' dir='ltr'><em>Inferioris</em></span> <span class='ocrx_word' id='word_1_216' title='bbox 1510 3040 1768 3083; x_wconf 83' lang='lat' dir='ltr'><em>Germaniae</em></span> <span class='ocrx_word' id='word_1_217' title='bbox 1815 3038 1941 3080; x_wconf 88' lang='lat' dir='ltr'><em>militi</em></span> <span class='ocrx_word' id='word_1_218' title='bbox 1982 3039 2030 3078; x_wconf 86' lang='lat' dir='ltr'><em>in</em></span> <span class='ocrx_word' id='word_1_219' title='bbox 2108 3084 2111 3089; x_wconf 23' lang='lat'>=</span> <span class='ocrx_word' id='word_1_220' title='bbox 2159 3083 2165 3091; x_wconf 47' lang='lat'>‚</span> 
     </span>
     <span class='ocr_line' id='line_1_26' title="bbox 207 3110 2168 3170; baseline -0.002 -15"><span class='ocrx_word' id='word_1_221' title='bbox 207 3114 370 3155; x_wconf 84' lang='lat' dir='ltr'><em>rabiem</em></span> <span class='ocrx_word' id='word_1_222' title='bbox 395 3113 598 3170; x_wconf 85' lang='lat' dir='ltr'><em>prolapso</em></span> <span class='ocrx_word' id='word_1_223' title='bbox 648 3115 813 3156; x_wconf 80' lang='lat' dir='ltr'><em>obviam</em></span> <span class='ocrx_word' id='word_1_224' title='bbox 857 3116 890 3156; x_wconf 82' lang='lat' dir='ltr'><em>it</em></span> <span class='ocrx_word' id='word_1_225' title='bbox 921 3116 1228 3167; x_wconf 87' lang='lat' dir='ltr'><em>Germanicus,</em></span> <span class='ocrx_word' id='word_1_226' title='bbox 1280 3128 1368 3154; x_wconf 90' lang='lat' dir='ltr'><em>non</em></span> <span class='ocrx_word' id='word_1_227' title='bbox 1413 3115 1504 3154; x_wconf 88' lang='lat' dir='ltr'><em>sine</em></span> <span class='ocrx_word' id='word_1_228' title='bbox 1535 3114 1648 3154; x_wconf 82' lang='lat' dir='ltr'><em>vitae</em></span> <span class='ocrx_word' id='word_1_229' title='bbox 1691 3126 1793 3154; x_wconf 86' lang='lat' dir='ltr'><em>suae</em></span> <span class='ocrx_word' id='word_1_230' title='bbox 1818 3110 2027 3167; x_wconf 87' lang='lat' dir='ltr'><em>periculo,</em></span> <span class='ocrx_word' id='word_1_231' title='bbox 2152 3121 2217 3135; x_wconf 70' lang='lat'><em>·‘-&#39;</em></span> 
     </span>
     <span class='ocr_line' id='line_1_27' title="bbox 209 3177 2201 3243; baseline -0.003 -16"><span class='ocrx_word' id='word_1_232' title='bbox 209 3193 334 3241; x_wconf 79' lang='lat' dir='ltr'><em>atque</em></span> <span class='ocrx_word' id='word_1_233' title='bbox 378 3187 596 3229; x_wconf 82' lang='lat' dir='ltr'><em>seditiosos</em></span> <span class='ocrx_word' id='word_1_234' title='bbox 646 3188 784 3229; x_wconf 80' lang='lat' dir='ltr'><em>verbis</em></span> <span class='ocrx_word' id='word_1_235' title='bbox 829 3195 868 3229; x_wconf 87' lang='lat' dir='ltr'><em>et</em></span> <span class='ocrx_word' id='word_1_236' title='bbox 912 3187 1142 3242; x_wconf 73' lang='lat' dir='ltr'><em>larqitione</em></span> <span class='ocrx_word' id='word_1_237' title='bbox 1180 3187 1482 3243; x_wconf 81' lang='lat' dir='ltr'><em>promissisque</em></span> <span class='ocrx_word' id='word_1_238' title='bbox 1521 3185 1788 3241; x_wconf 85' lang='lat' dir='ltr'><em>permulcere</em></span> <span class='ocrx_word' id='word_1_239' title='bbox 1832 3189 2026 3233; x_wconf 82' lang='lat' dir='ltr'><em>cona-tur,</em></span> <span class='ocrx_word' id='word_1_240' title='bbox 2095 3177 2113 3187; x_wconf 71' lang='grc'><em>’”</em></span> <span class='ocrx_word' id='word_1_241' title='bbox 2145 3207 2201 3228; x_wconf 47' lang='grc' dir='ltr'><em>,μ</em></span> 
     </span>
    </p>
   </div>
   <div class='ocr_carea' id='block_1_7' title="bbox 210 3255 2070 3461">
    <p class='ocr_par' dir='ltr' id='par_1_8' title="bbox 210 3255 2070 3461">
     <span class='ocr_line' id='line_1_28' title="bbox 210 3255 2070 3315; baseline -0.003 -15"><span class='ocrx_word' id='word_1_242' title='bbox 210 3260 469 3314; x_wconf 84' lang='lat' dir='ltr'><em>superiorem</em></span> <span class='ocrx_word' id='word_1_243' title='bbox 503 3262 734 3303; x_wconf 74' lang='lat' dir='ltr'><em>exercitum</em></span> <span class='ocrx_word' id='word_1_244' title='bbox 764 3267 1032 3302; x_wconf 87' lang='lat' dir='ltr'><em>sacramento</em></span> <span class='ocrx_word' id='word_1_245' title='bbox 1065 3260 1200 3314; x_wconf 77' lang='lat' dir='ltr'><em>adiyit</em></span> <span class='ocrx_word' id='word_1_246' title='bbox 1230 3259 1469 3315; x_wconf 79' lang='lat'>(31—38).</span> <span class='ocrx_word' id='word_1_247' title='bbox 1534 3259 1787 3313; x_wconf 58' lang='lat' dir='ltr'><em>Rem-essum</em></span> <span class='ocrx_word' id='word_1_248' title='bbox 1817 3255 1875 3296; x_wconf 79' lang='lat' dir='ltr'><em>ad</em></span> <span class='ocrx_word' id='word_1_249' title='bbox 1905 3267 2030 3296; x_wconf 87' lang='lat' dir='ltr'><em>aram</em></span> <span class='ocrx_word' id='word_1_250' title='bbox 2066 3288 2070 3290; x_wconf 12' lang='grc' dir='ltr'>μ</span> 
     </span>
     <span class='ocr_line' id='line_1_29' title="bbox 218 3327 2030 3389; baseline -0.002 -17"><span class='ocrx_word' id='word_1_251' title='bbox 218 3330 418 3373; x_wconf 80' lang='lat' dir='ltr'><em>Ubiorum</em></span> <span class='ocrx_word' id='word_1_252' title='bbox 448 3333 663 3389; x_wconf 76' lang='lat' dir='ltr'><em>excipiunt</em></span> <span class='ocrx_word' id='word_1_253' title='bbox 706 3347 843 3375; x_wconf 77' lang='lat' dir='ltr'><em>novae</em></span> <span class='ocrx_word' id='word_1_254' title='bbox 889 3334 1068 3375; x_wconf 85' lang='lat' dir='ltr'><em>duarum</em></span> <span class='ocrx_word' id='word_1_255' title='bbox 1112 3332 1325 3388; x_wconf 66' lang='lat' dir='ltr'><em>legionum</em></span> <span class='ocrx_word' id='word_1_256' title='bbox 1369 3330 1544 3382; x_wconf 83' lang='lat' dir='ltr'><em>turbae,</em></span> <span class='ocrx_word' id='word_1_257' title='bbox 1599 3329 1673 3371; x_wconf 76' lang='lat' dir='ltr'><em>secl</em></span> <span class='ocrx_word' id='word_1_258' title='bbox 1713 3327 1906 3384; x_wconf 75' lang='lat' dir='ltr'><em>facunda</em></span> <span class='ocrx_word' id='word_1_259' title='bbox 1941 3328 2030 3369; x_wconf 84' lang='lat' dir='ltr'><em>eius</em></span> 
     </span>
     <span class='ocr_line' id='line_1_30' title="bbox 213 3401 2028 3461; baseline -0.002 -14"><span class='ocrx_word' id='word_1_260' title='bbox 213 3407 407 3447; x_wconf 84' lang='lat' dir='ltr'><em>oratione</em></span> <span class='ocrx_word' id='word_1_261' title='bbox 440 3406 576 3447; x_wconf 90' lang='lat' dir='ltr'><em>animi</em></span> <span class='ocrx_word' id='word_1_262' title='bbox 607 3406 664 3447; x_wconf 82' lang='lat' dir='ltr'><em>ad</em></span> <span class='ocrx_word' id='word_1_263' title='bbox 692 3407 937 3448; x_wconf 84' lang='lat' dir='ltr'><em>modestiam</em></span> <span class='ocrx_word' id='word_1_264' title='bbox 966 3407 1194 3461; x_wconf 75' lang='lat' dir='ltr'><em>flectuntur</em></span> <span class='ocrx_word' id='word_1_265' title='bbox 1226 3411 1350 3458; x_wconf 81' lang='lat' dir='ltr'><em>atque</em></span> <span class='ocrx_word' id='word_1_266' title='bbox 1380 3404 1502 3444; x_wconf 76' lang='lat' dir='ltr'><em>noaeii</em></span> <span class='ocrx_word' id='word_1_267' title='bbox 1527 3403 1766 3458; x_wconf 86' lang='lat' dir='ltr'><em>puniuntur</em></span> <span class='ocrx_word' id='word_1_268' title='bbox 1789 3401 2028 3457; x_wconf 75' lang='lat'>(39—44).</span> 
     </span>
    </p>
   </div>
   <div class='ocr_carea' id='block_1_8' title="bbox 215 3529 2031 3700">
    <p class='ocr_par' dir='ltr' id='par_1_9' title="bbox 215 3529 2031 3700">
     <span class='ocr_line' id='line_1_31' title="bbox 332 3529 2031 3589; baseline -0.004 -11"><span class='ocrx_word' id='word_1_269' title='bbox 332 3538 370 3578; x_wconf 84' lang='lat'><em>1.</em></span> <span class='ocrx_word' id='word_1_270' title='bbox 433 3534 480 3577; x_wconf 88' lang='lat' dir='ltr'><em>P.</em></span> <span class='ocrx_word' id='word_1_271' title='bbox 517 3534 813 3579; x_wconf 79' lang='lat' dir='ltr'><strong>CORNELII</strong></span> <span class='ocrx_word' id='word_1_272' title='bbox 856 3533 1053 3576; x_wconf 82' lang='lat' dir='ltr'><strong>TACITI</strong></span> <span class='ocrx_word' id='word_1_273' title='bbox 1094 3534 1138 3574; x_wconf 88' lang='lat' dir='ltr'><em>in</em></span> <span class='ocrx_word' id='word_1_274' title='bbox 1183 3545 1348 3574; x_wconf 87' lang='lat' dir='ltr'><em>summo</em></span> <span class='ocrx_word' id='word_1_275' title='bbox 1393 3533 1589 3589; x_wconf 82' lang='lat' dir='ltr'><em>margine</em></span> <span class='ocrx_word' id='word_1_276' title='bbox 1621 3531 1676 3574; x_wconf 86' lang='grc' dir='ltr'>Μ.</span> <span class='ocrx_word' id='word_1_277' title='bbox 1740 3529 1788 3573; x_wconf 90' lang='lat' dir='ltr'><em>In</em></span> <span class='ocrx_word' id='word_1_278' title='bbox 1823 3536 2031 3573; x_wconf 81' lang='lat' dir='ltr'><em>contextu</em></span> 
     </span>
     <span class='ocr_line' id='line_1_32' title="bbox 215 3589 2031 3700; baseline -0.004 -61"><span class='ocrx_word' id='word_1_279' title='bbox 215 3596 733 3700; x_wconf 41' lang='lat' dir='ltr'><em>{Z‘JuNsCIfflIiguzhAB</em></span> <span class='ocrx_word' id='word_1_280' title='bbox 781 3593 1062 3638; x_wconf 85' lang='lat' dir='ltr'><strong><em>EXCESSV</em></strong></span> <span class='ocrx_word' id='word_1_281' title='bbox 1100 3592 1239 3635; x_wconf 87' lang='lat' dir='ltr'><strong>DIVI</strong></span> <span class='ocrx_word' id='word_1_282' title='bbox 1284 3591 1422 3636; x_wconf 74' lang='lat' dir='ltr'><em>AVo.</em></span> <span class='ocrx_word' id='word_1_283' title='bbox 1476 3591 1687 3636; x_wconf 74' lang='lat' dir='ltr'><strong><em>VRBEM</em></strong></span> <span class='ocrx_word' id='word_1_284' title='bbox 1725 3590 1946 3635; x_wconf 82' lang='lat' dir='ltr'><strong><em>ROMAM</em></strong></span> <span class='ocrx_word' id='word_1_285' title='bbox 1989 3589 2031 3632; x_wconf 81' lang='lat' dir='ltr'><strong><em>A</em></strong></span> 
     </span>
    </p>
   </div>
   <div class='ocr_carea' id='block_1_9' title="bbox 300 3743 1698 3795">
    <p class='ocr_par' dir='ltr' id='par_1_10' title="bbox 300 3743 1698 3795">
     <span class='ocr_line' id='line_1_33' title="bbox 300 3743 1698 3795; baseline -0.002 -7"><span class='ocrx_word' id='word_1_286' title='bbox 300 3750 449 3788; x_wconf 72' lang='lat' dir='ltr'><em>Tacitus</em></span> <span class='ocrx_word' id='word_1_287' title='bbox 473 3750 502 3788; x_wconf 89' lang='lat'><em>1.</em></span> <span class='ocrx_word' id='word_1_288' title='bbox 1674 3743 1698 3795; x_wconf 89' lang='lat'>1</span> 
     </span>
    </p>
   </div>
  </div>
 </body>
</html>
