2280 4004
809 310 972 357 LIBER
1003 309 1118 363 XIV.
1179 309 1287 357 OAP.
1321 309 1515 355 48-51,

226 308 438 374 ηαόξὶ.
1959 311 2053 361 m

230 456 507 510 statuerent
534 456 588 506 ut
613 450 829 515 vellent3
864 452 1030 505 datam
1053 455 1104 506 et
1127 450 1431 506 absolvendi
1452 450 1724 508 licentiam.
1791 451 1881 508 His
1905 456 2055 518 atque

225 545 409 600 talibus
444 543 698 614 recitatiS,
756 547 806 595 et
844 542 1131 600 offensione
1168 543 1461 608 manifesta,
1511 557 1615 595 non
1649 542 1768 597 ideo
1804 547 1890 595 aut
1927 556 2057 595 con-

226 635 364 697 sules
411 638 670 694 mutavere
727 633 1028 691 relationem
1084 638 1168 693 aut
1218 634 1441 689 Thrasea
1502 633 1725 691 decessit
1785 633 2053 700 sententia,

229 725 455 783 ceterive
512 739 640 796 quae
694 723 1036 794 probaverant
1085 724 1393 790 deseruere,
1449 740 1596 791 pars,
1659 741 1725 777 ne
1771 724 2053 792 principem

229 815 485 871 obiecisse
524 815 749 873 invidiae
788 815 1114 882 viderentur,
1169 816 1340 882 plures
1390 831 1601 869 numero
1655 816 1775 882 tuti,
1831 816 2095 875 Thraseas

228 912 370 964 sueta
404 906 710 963 firmitudine
750 907 904 962 animi
945 912 994 960 et
1028 922 1095 959 ne
1130 907 1296 974 gloria
1332 907 1676 961 intercideret.

143 1005 215 1055 50
336 998 512 1054 ‘Haud
552 998 741 1069 dispari
791 998 1003 1053 crimine
1040 998 1301 1054 Fabricius
1338 998 1553 1054 Veiento
1607 999 1923 1052 conflictatus
1959 1001 2055 1066 est,

231 1088 367 1155 quod
406 1089 557 1144 multa
594 1094 645 1140 et
680 1089 931 1159 probrosa
967 1089 1019 1142 in
1054 1094 1224 1155 patres
1263 1094 1314 1145 et
1349 1088 1647 1142 sacerdotes
1689 1089 2058 1156 composuisset

230 1179 294 1237 iis
329 1179 473 1235 libris
512 1180 692 1250 quibus
728 1194 915 1235 nomen
952 1179 1315 1231 Codicillorum
1350 1179 1578 1237 dederat.
1651 1180 1925 1234 Adiciebat
1958 1180 2059 1233 Ta·-

233 1271 330 1324 lius
367 1270 606 1326 Geminus
643 1275 914 1327 accusator
950 1270 1208 1323 venditata
1260 1270 1323 1327 ab
1373 1285 1436 1322 eo
1476 1285 1685 1323 munera
1723 1271 1969 1338 principis
2008 1275 2116 1324 etm

231 1362 676 1432 adipiscendorum
712 1362 962 1417 bonorum
998 1362 1093 1415 ius.
1127 1383 1139 1386 ⁷·
1171 1363 1311 1425 Quae
1349 1378 1502 1414 causa
1535 1363 1728 1416 Neroni
1764 1363 1858 1415 fuit
1889 1363 2060 1417 susci-

234 1455 407 1524 piendi
461 1455 671 1521 iudicii,
733 1454 1119 1521 convictumque
1157 1454 1490 1507 Veientonem
1541 1455 1682 1508 Italia
1738 1454 1958 1522 depulit,
2011 1457 2061 1506 et

232 1546 392 1603 libros
427 1548 570 1609 exuri
609 1548 773 1613 iussit,
814 1548 1128 1614 conquisitos
1170 1548 1541 1615 lectitatosque,
1574 1550 1740 1605 donec
1776 1567 1886 1604 cum
1920 1551 2063 1618 peri-

235 1637 352 1692 culo
386 1638 721 1705 parabantur:
761 1653 880 1693 mox
916 1639 1121 1694 licentia
1162 1639 1385 1694 habendi
1421 1640 1730 1696 oblivionem
1770 1641 1944 1695 attulit.

149 1732 216 1780 51
374 1729 474 1782 Sed
500 1730 920 1799 gravescentibus
955 1730 1007 1781 in
1041 1730 1157 1785 dies
1182 1731 1397 1797 puhlicis
1422 1732 1566 1789 malis
1598 1732 1826 1787 subsidia
1861 1733 2126 1786 minue-1⁸

234 1820 432 1886 bantur,
454 1821 810 1889 concessitque
829 1821 931 1875 vita
947 1822 1154 1887 Burrus,
1174 1822 1421 1878 incertum
1442 1823 1733 1877 valetudine
1753 1840 1818 1878 an
1842 1840 2059 1878 veneno.

234 1911 483 1963 Valetudo
523 1929 587 1963 ex
623 1927 684 1964 eo
726 1912 1123 1979 coniectabatur,
1164 1914 1298 1980 quod
1334 1914 1387 1964 in
1423 1929 1480 1966 se
1510 1917 1906 1968 tumescentibus
1935 1931 2065 1983 pau-

235 2003 372 2054 latim
431 2003 662 2060 faucibus
709 2008 762 2055 et
818 2004 1059 2070 impedito
1115 2010 1282 2057 meatu
1332 2006 1559 2071 spirltum
1597 2006 1818 2062 finiebat.
1890 2007 2063 2060 Plures

238 2096 378 2147 iussu
413 2095 665 2160 Neronis,
715 2096 858 2165 quasi
897 2097 1176 2152 remedium
1212 2097 1561 2162 adhiberetur,
1616 2097 1808 2154 inlitum
1845 2099 2063 2165 palatum

239 2187 348 2239 eius
400 2187 555 2239 noxio
614 2186 951 2240 medicamine
999 2188 1400 2254 adseverabant,
1457 2193 1507 2244 et
1541 2188 1754 2240 Burrum
1804 2190 2130 2244 intellectore

360 2355 397 2398 1.
433 2352 586 2395 bellent
617 2352 672 2396 M.
743 2353 996 2397 adsoluendi
1026 2353 1114 2398 Ma:
1150 2355 1184 2397 G
1215 2353 1475 2398 absolvendi.

240 2414 374 2456 tentia
404 2412 482 2456 Ma.
575 2414 616 2455 7.
652 2413 862 2463 criminae
893 2414 974 2456 Ma.
1046 2422 1225 2471 ueqento
1258 2413 1375 2457 GMa.

240 2478 354 2515 ron&
381 2472 474 2515 Μῑε
506 2471 541 2514 G
573 2473 744 2514 neroni.
842 2475 908 2517 22.
944 2477 1278 2528 conuictuncque
1309 2472 1389 2518 Ma.

240 2546 338 2574 nem
371 2531 418 2574 G.
515 2534 583 2574 14.
617 2531 773 2572 abendi
804 2531 882 2574 Ma.

243 2605 303 2634 an
333 2590 594 2635 Rhenanus:
627 2589 732 2633 GMa
762 2597 851 2634 aut.

1557 2355 1599 2398 3.
1634 2361 1780 2398 trasea
1810 2354 1891 2398 Ma.
1962 2369 2065 2398 sen..

1464 2415 1507 2456 8.
1537 2422 1687 2470 partes
1718 2414 1798 2457 Ma.
1883 2417 1950 2457 11.
1983 2429 2065 2459 ne..

1475 2481 1709 2529 veyentone
1738 2472 1830 2516 Ma:
1857 2482 2065 2530 ueyento..

966 2533 1034 2577 16.
1067 2532 1311 2575 valetudine
1344 2531 1422 2585 Ma,
1456 2532 1576 2576 salit.
1610 2532 1657 2577 G.
1690 2533 1871 2589 perinde
1902 2535 2064 2580 statim.

940 2591 1009 2640 19.
1041 2594 1159 2640 iussu
1191 2591 1250 2635 G:
1285 2591 1353 2634 Ma
1381 2592 1462 2635 ius.

239 2738 452 2797 principis
465 2744 503 2783 et
516 2737 888 2795 adipiscendorum
905 2739 1114 2785 honorum

243 2801 333 2851 ius,
370 2797 560 2842 honores
596 2810 643 2840 re
674 2812 780 2842 vera
813 2799 982 2847 delatos
1015 2814 1113 2843 esse

248 2871 274 2899 a
306 2857 554 2901 veientone
589 2870 645 2898 ne
676 2865 907 2902 accusator
939 2860 1113 2914 quidem

247 2916 371 2968 dixit,
396 2916 474 2958 sed
496 2914 619 2959 illum
641 2917 685 2958 in
709 2917 831 2962 libris
853 2919 944 2960 suis
966 2919 1114 2974 egisse

248 2973 513 3031 principem,
576 2987 627 3016 ac
676 2975 872 3029 pluribus
923 2975 1114 3019 honores

249 3034 437 3088 pecunia
467 3031 744 3077 redimendos
771 3035 999 3090 obtulisse,
1034 3049 1114 3079 eo..

250 3106 335 3149 que
378 3094 422 3134 in
455 3091 655 3138 Caesaris
692 3095 965 3140 maiestatem
1006 3109 1113 3150 pec-

251 3163 375 3195 casse
401 3150 664 3197 obiectabat.
725 3152 830 3195 Eam
865 3154 921 3204 ob
942 3167 1114 3198 causam

250 3210 486 3264 venditata,
504 3222 591 3253 non
614 3224 767 3256 venum
788 3213 906 3267 data,
921 3211 952 3254 T
955 3215 1114 3257 acitum

249 3269 480 3324 scripsisse
504 3275 624 3325 puto.
672 3269 845 3326 Lipsius
867 3272 1115 3320 testamenti

253 3327 481 3372 codicillos
514 3329 744 3384 cogitavit.

344 3387 486 3432 Talius
523 3387 748 3431 Geminus.-
791 3389 1004 3432 Muretum
1037 3401 1118 3443 pa-

251 3458 344 3489 rum
377 3446 569 3492 feliciter
601 3448 874 3493 coniectasse
912 3448 954 3490 Τ.
979 3447 1118 3494 Allius

254 3506 454 3550 Geminus
486 3506 569 3548 iam
597 3506 819 3563 intelliget
838 3508 911 3562 qui
937 3518 1117 3561 compa-

252 3565 416 3608 raverit
459 3567 786 3608 annotationem
830 3572 1022 3609 nostram
1064 3565 1118 3608 ad

253 3623 349 3667 XIII
381 3626 454 3669 30.
525 3623 687 3669 Talium
718 3624 917 3670 libertam
948 3637 1116 3667 memo-

254 3686 340 3729 rari
401 3682 516 3741 apud
570 3684 850 3730 Mur-aterium
916 3685 1026 3734 1501.
1090 3687 1118 3731 2

1198 2738 1443 2792 Ernestius‚
1480 2737 1662 2784 alteram
1695 2739 1811 2795 apud
1838 2738 2068 2783 Gruterum

1199 2799 1284 2843 965
1318 2799 1342 2842 7
1377 2797 1567 2844 Orellius
1612 2806 1902 2853 monuerunt,
1950 2799 2067 2843 unde

1200 2863 1318 2912 patet
1355 2857 1494 2901 Tatios
1525 2864 1731 2913 patronos
1774 2866 1818 2903 et
1849 2861 2066 2916 ingenuos

1198 2929 1286 2959 non
1318 2916 1529 2963 defuisse.

1288 2974 1378 3030 Cap
1414 2976 1486 3019 51.
1562 2978 1610 3018 in
1640 2993 1686 3020 se
1715 2979 2064 3022 tumescentibus:

1201 3033 1242 3076 h.
1278 3048 1317 3078 e.
1350 3038 1695 3080 tumescentibus
1729 3045 1773 3080 et
1803 3040 1864 3080 ita
1897 3050 2065 3080 coeun-

1201 3095 1331 3147 tibus,
1365 3101 1412 3136 ιιι
1443 3097 1620 3149 spiritus
1647 3104 1814 3139 meatus
1846 3097 2064 3138 interclu-

1201 3152 1392 3196 deretur.
1485 3155 1693 3209 Spiritum
1719 3155 1897 3208 finiebat
1932 3154 2065 3211 (Bur-

1200 3217 1309 3265 rus),
1343 3211 1387 3254 h.
1422 3225 1462 3254 e.
1495 3214 1660 3266 spirare
1682 3219 1726 3256 et
1757 3214 1910 3255 vivere
1943 3212 2065 3255 desi-

1201 3270 1355 3323 nebat,
1389 3271 1621 3325 scripturn‚
1657 3284 1744 3314 non
1777 3274 1924 3314 tritum
1956 3270 2067 3315 illud

1203 3330 1392 3374 animam
1408 3330 1633 3386 empireae,
1649 3330 1765 3386 quod
1777 3331 1903 3374 Burri
1923 3332 2067 3374 anima

1204 3387 1470 3442 interclusa,
1518 3401 1630 3442 non,
1678 3396 1725 3430 ut
1766 3389 1901 3447 vulgo
1942 3389 1990 3432 fit
2020 3391 2066 3432 in

1202 3446 1443 3500 moriendo,
1478 3449 1674 3502 expirata
1707 3455 1787 3492 est.

1273 3506 1422 3562 plures
1440 3532 1495 3539 --
1511 3507 1849 3551 adseverabant:
1882 3505 1962 3550 hos
1987 3520 2064 3550 se-

1204 3567 1293 3611 cuti
1337 3570 1437 3607 sunt
1475 3565 1709 3609 Suetonius
1751 3573 1795 3609 et
1826 3566 1936 3621 Dio,
1985 3567 2065 3610 ille

1201 3626 1373 3667 Nerone
1391 3625 1472 3668 35:
1506 3625 1646 3670 Burro
1674 3628 1895 3682 praefecto
1923 3639 2066 3669 reme-

1202 3685 1316 3731 dium
1351 3683 1409 3729 ad
1436 3685 1585 3742 fauces
1616 3686 1835 3745 pollicitus
1879 3686 2066 3732 toxicum
