<?xml version="1.0" encoding="UTF-8"?>
<!DOCTYPE html PUBLIC "-//W3C//DTD XHTML 1.0 Transitional//EN"
    "http://www.w3.org/TR/xhtml1/DTD/xhtml1-transitional.dtd">
<html xmlns="http://www.w3.org/1999/xhtml" xml:lang="en" lang="en">
 <head>
  <title>
</title>
<meta http-equiv="Content-Type" content="text/html;charset=utf-8" />
  <meta name='ocr-system' content='tesseract 3.04.00' />
  <meta name='ocr-capabilities' content='ocr_page ocr_carea ocr_par ocr_line ocrx_word'/>
</head>
<body>
  <div class='ocr_page' id='page_1' title='image "./operaadcodicesan01taciuoft_0586.png"; bbox 0 0 2280 4004; ppageno 0'>
   <div class='ocr_carea' id='block_1_1' title="bbox 243 253 330 299">
    <p class='ocr_par' dir='ltr' id='par_1_1' title="bbox 243 253 330 299">
     <span class='ocr_line' id='line_1_1' title="bbox 243 253 330 299; baseline 0.011 -1"><span class='ocrx_word' id='word_1_1' title='bbox 243 253 330 299; x_wconf 69' lang='lat'>136</span> 
     </span>
    </p>
   </div>
   <div class='ocr_carea' id='block_1_2' title="bbox 240 396 937 466">
    <p class='ocr_par' dir='ltr' id='par_1_2' title="bbox 240 396 937 466">
     <span class='ocr_line' id='line_1_2' title="bbox 240 396 937 466; baseline -0.004 -15"><span class='ocrx_word' id='word_1_2' title='bbox 240 413 334 465; x_wconf 88' lang='lat' dir='ltr'>per</span> <span class='ocrx_word' id='word_1_3' title='bbox 366 398 503 466; x_wconf 89' lang='lat' dir='ltr'>quod</span> <span class='ocrx_word' id='word_1_4' title='bbox 546 396 776 451; x_wconf 80' lang='lat' dir='ltr'><strong>adsecuti</strong></span> <span class='ocrx_word' id='word_1_5' title='bbox 821 397 937 450; x_wconf 90' lang='lat' dir='ltr'>sint.</span> 
     </span>
    </p>
   </div>
   <div class='ocr_carea' id='block_1_3' title="bbox 997 239 1290 300">
    <p class='ocr_par' dir='ltr' id='par_1_3' title="bbox 997 239 1290 300">
     <span class='ocr_line' id='line_1_3' title="bbox 997 239 1290 300; baseline 0.003 -1"><span class='ocrx_word' id='word_1_6' title='bbox 997 239 1290 300; x_wconf 74' lang='lat' dir='ltr'>ANNAmvn</span> 
     </span>
    </p>
   </div>
   <div class='ocr_carea' id='block_1_4' title="bbox 1807 258 2063 307">
    <p class='ocr_par' dir='ltr' id='par_1_4' title="bbox 1807 258 2063 307">
     <span class='ocr_line' id='line_1_4' title="bbox 1807 258 2063 307; baseline 0.012 -4"><span class='ocrx_word' id='word_1_7' title='bbox 1807 258 2063 307; x_wconf 58' lang='grc' dir='ltr'>ωἰιῖὃθῦὲ</span> 
     </span>
    </p>
   </div>
   <div class='ocr_carea' id='block_1_5' title="bbox 1008 396 2068 455">
    <p class='ocr_par' dir='ltr' id='par_1_5' title="bbox 1008 396 2068 455">
     <span class='ocr_line' id='line_1_5' title="bbox 1008 396 2068 455; baseline 0.006 -6"><span class='ocrx_word' id='word_1_8' title='bbox 1008 396 1078 449; x_wconf 93' lang='lat' dir='ltr'>At</span> <span class='ocrx_word' id='word_1_9' title='bbox 1131 397 1396 450; x_wconf 87' lang='lat' dir='ltr'>criminum</span> <span class='ocrx_word' id='word_1_10' title='bbox 1435 397 1758 452; x_wconf 83' lang='lat' dir='ltr'>manifestos</span> <span class='ocrx_word' id='word_1_11' title='bbox 1778 399 1979 454; x_wconf 77' lang='lat' dir='ltr'>merito‘</span> <span class='ocrx_word' id='word_1_12' title='bbox 1997 399 2068 455; x_wconf 64' lang='lat' dir='ltr'>ss</span> 
     </span>
    </p>
   </div>
   <div class='ocr_carea' id='block_1_6' title="bbox 241 489 2066 558">
    <p class='ocr_par' dir='ltr' id='par_1_6' title="bbox 241 489 2066 558">
     <span class='ocr_line' id='line_1_6' title="bbox 241 489 2066 558; baseline 0.001 -16"><span class='ocrx_word' id='word_1_13' title='bbox 241 490 535 545; x_wconf 87' lang='lat' dir='ltr'>servitutem</span> <span class='ocrx_word' id='word_1_14' title='bbox 579 489 803 555; x_wconf 88' lang='lat' dir='ltr'>retrahi,</span> <span class='ocrx_word' id='word_1_15' title='bbox 860 494 914 540; x_wconf 92' lang='lat' dir='ltr'>ut</span> <span class='ocrx_word' id='word_1_16' title='bbox 946 494 1082 541; x_wconf 90' lang='lat' dir='ltr'>metu</span> <span class='ocrx_word' id='word_1_17' title='bbox 1129 493 1468 542; x_wconf 76' lang='lat' dir='ltr'>coerceantur</span> <span class='ocrx_word' id='word_1_18' title='bbox 1509 505 1637 558; x_wconf 81' lang='lat' dir='ltr'>quos</span> <span class='ocrx_word' id='word_1_19' title='bbox 1672 490 1921 544; x_wconf 80' lang='lat' dir='ltr'>beneficia</span> <span class='ocrx_word' id='word_1_20' title='bbox 1959 505 2066 549; x_wconf 78' lang='lat' dir='ltr'>non</span> 
     </span>
    </p>
   </div>
   <div class='ocr_carea' id='block_1_7' title="bbox 240 582 588 634">
    <p class='ocr_par' dir='ltr' id='par_1_7' title="bbox 240 582 588 634">
     <span class='ocr_line' id='line_1_7' title="bbox 240 582 588 634; baseline -0.009 0"><span class='ocrx_word' id='word_1_21' title='bbox 240 582 588 634; x_wconf 81' lang='lat' dir='ltr'><strong>mutavissent.</strong></span> 
     </span>
    </p>
   </div>
   <div class='ocr_carea' id='block_1_8' title="bbox 695 582 2146 650">
    <p class='ocr_par' dir='ltr' id='par_1_8' title="bbox 695 582 2146 650">
     <span class='ocr_line' id='line_1_8' title="bbox 695 582 2146 650; baseline 0.003 -18"><span class='ocrx_word' id='word_1_22' title='bbox 695 582 1054 635; x_wconf 83' lang='lat' dir='ltr'>Disserebatur</span> <span class='ocrx_word' id='word_1_23' title='bbox 1110 587 1286 634; x_wconf 90' lang='lat' dir='ltr'>contra</span> <span class='ocrx_word' id='word_1_24' title='bbox 1345 597 1622 649; x_wconf 88' lang='lat' dir='ltr'>paucorum</span> <span class='ocrx_word' id='word_1_25' title='bbox 1682 582 1878 649; x_wconf 88' lang='lat' dir='ltr'>culpam</span> <span class='ocrx_word' id='word_1_26' title='bbox 1938 583 2146 650; x_wconf 61' lang='lat' dir='ltr'>ipsisw</span> 
     </span>
    </p>
   </div>
   <div class='ocr_carea' id='block_1_9' title="bbox 200 673 2132 1028">
    <p class='ocr_par' dir='ltr' id='par_1_9' title="bbox 200 673 2132 1028">
     <span class='ocr_line' id='line_1_9' title="bbox 242 673 2132 741; baseline 0.001 -17"><span class='ocrx_word' id='word_1_27' title='bbox 242 673 506 724; x_wconf 83' lang='lat' dir='ltr'>exitiosam</span> <span class='ocrx_word' id='word_1_28' title='bbox 545 687 660 725; x_wconf 90' lang='lat' dir='ltr'>esse</span> <span class='ocrx_word' id='word_1_29' title='bbox 717 673 934 740; x_wconf 89' lang='lat' dir='ltr'>debere,</span> <span class='ocrx_word' id='word_1_30' title='bbox 991 674 1116 724; x_wconf 87' lang='lat' dir='ltr'>nihil</span> <span class='ocrx_word' id='word_1_31' title='bbox 1152 673 1506 725; x_wconf 89' lang='lat' dir='ltr'>universorum</span> <span class='ocrx_word' id='word_1_32' title='bbox 1555 673 2062 741; x_wconf 77' lang='lat' dir='ltr'>iuriderogandum,</span> <span class='ocrx_word' id='word_1_33' title='bbox 2128 674 2132 677; x_wconf 61' lang='grc'><strong>“</strong></span> 
     </span>
     <span class='ocr_line' id='line_1_10' title="bbox 200 752 2070 831; baseline -0.003 -11"><span class='ocrx_word' id='word_1_34' title='bbox 200 764 435 830; x_wconf 74' lang='lat' dir='ltr'>⁵Quippe</span> <span class='ocrx_word' id='word_1_35' title='bbox 469 763 569 816; x_wconf 90' lang='lat' dir='ltr'>late</span> <span class='ocrx_word' id='word_1_36' title='bbox 612 764 778 816; x_wconf 90' lang='lat' dir='ltr'>fusum</span> <span class='ocrx_word' id='word_1_37' title='bbox 817 765 868 816; x_wconf 90' lang='lat' dir='ltr'>id</span> <span class='ocrx_word' id='word_1_38' title='bbox 912 752 1117 831; x_wconf 56' lang='lat' dir='ltr'>corpus?</span> <span class='ocrx_word' id='word_1_39' title='bbox 1185 764 1314 816; x_wconf 90' lang='lat' dir='ltr'>Hinc</span> <span class='ocrx_word' id='word_1_40' title='bbox 1352 764 1650 831; x_wconf 87' lang='lat' dir='ltr'>plerumque</span> <span class='ocrx_word' id='word_1_41' title='bbox 1684 765 1877 830; x_wconf 81' lang='lat' dir='ltr'>tribuS,.</span> <span class='ocrx_word' id='word_1_42' title='bbox 1905 764 2070 817; x_wconf 53' lang='lat' dir='ltr'>decu-⁴</span> 
     </span>
     <span class='ocr_line' id='line_1_11' title="bbox 237 855 2066 924; baseline 0.001 -18"><span class='ocrx_word' id='word_1_43' title='bbox 237 855 359 921; x_wconf 85' lang='lat' dir='ltr'>riaS,</span> <span class='ocrx_word' id='word_1_44' title='bbox 402 855 682 907; x_wconf 88' lang='lat' dir='ltr'>ministeria</span> <span class='ocrx_word' id='word_1_45' title='bbox 719 856 1097 924; x_wconf 86' lang='lat' dir='ltr'>magistratibus</span> <span class='ocrx_word' id='word_1_46' title='bbox 1136 861 1185 908; x_wconf 93' lang='lat' dir='ltr'>et</span> <span class='ocrx_word' id='word_1_47' title='bbox 1213 856 1599 922; x_wconf 78' lang='lat' dir='ltr'>sacerdotibuS,</span> <span class='ocrx_word' id='word_1_48' title='bbox 1639 856 1877 909; x_wconf 78' lang='lat' dir='ltr'><strong>cohortes</strong></span> <span class='ocrx_word' id='word_1_49' title='bbox 1915 856 2066 909; x_wconf 89' lang='lat' dir='ltr'>etiam</span> 
     </span>
     <span class='ocr_line' id='line_1_12' title="bbox 238 946 2066 1028; baseline 0.002 -31"><span class='ocrx_word' id='word_1_50' title='bbox 238 946 292 997; x_wconf 92' lang='lat' dir='ltr'>in</span> <span class='ocrx_word' id='word_1_51' title='bbox 330 947 458 999; x_wconf 89' lang='lat' dir='ltr'>urbe</span> <span class='ocrx_word' id='word_1_52' title='bbox 497 949 843 1014; x_wconf 89' lang='lat' dir='ltr'>conscriptas;</span> <span class='ocrx_word' id='word_1_53' title='bbox 882 953 932 1001; x_wconf 84' lang='lat' dir='ltr'>et</span> <span class='ocrx_word' id='word_1_54' title='bbox 965 947 1192 1028; x_wconf 76' lang='lat' dir='ltr'>plurimis</span> <span class='ocrx_word' id='word_1_55' title='bbox 1233 948 1470 1016; x_wconf 86' lang='lat' dir='ltr'>equitum,</span> <span class='ocrx_word' id='word_1_56' title='bbox 1511 948 1768 1015; x_wconf 87' lang='lat' dir='ltr'>plerisque</span> <span class='ocrx_word' id='word_1_57' title='bbox 1807 952 2066 1008; x_wconf 84' lang='lat' dir='ltr'>senatori-</span> 
     </span>
    </p>
   </div>
   <div class='ocr_carea' id='block_1_10' title="bbox 237 1037 1218 1108">
    <p class='ocr_par' dir='ltr' id='par_1_10' title="bbox 237 1037 1218 1108">
     <span class='ocr_line' id='line_1_13' title="bbox 237 1037 1218 1108; baseline 0.003 -20"><span class='ocrx_word' id='word_1_58' title='bbox 237 1037 332 1091; x_wconf 88' lang='lat' dir='ltr'>bus</span> <span class='ocrx_word' id='word_1_59' title='bbox 371 1053 475 1089; x_wconf 91' lang='lat' dir='ltr'>non</span> <span class='ocrx_word' id='word_1_60' title='bbox 525 1038 730 1091; x_wconf 82' lang='lat' dir='ltr'>aliunde</span> <span class='ocrx_word' id='word_1_61' title='bbox 772 1039 1022 1108; x_wconf 82' lang='lat' dir='ltr'>originem</span> <span class='ocrx_word' id='word_1_62' title='bbox 1071 1039 1218 1091; x_wconf 90' lang='lat' dir='ltr'>trahi.</span> 
     </span>
    </p>
   </div>
   <div class='ocr_carea' id='block_1_11' title="bbox 1314 1038 2064 1107">
    <p class='ocr_par' dir='ltr' id='par_1_11' title="bbox 1314 1038 2064 1107">
     <span class='ocr_line' id='line_1_14' title="bbox 1314 1038 2064 1107; baseline -0.001 -15"><span class='ocrx_word' id='word_1_63' title='bbox 1314 1040 1367 1093; x_wconf 90' lang='lat' dir='ltr'>Si</span> <span class='ocrx_word' id='word_1_64' title='bbox 1412 1045 1774 1107; x_wconf 79' lang='lat' dir='ltr'>separarentur</span> <span class='ocrx_word' id='word_1_65' title='bbox 1806 1038 2064 1105; x_wconf 82' lang='lat' dir='ltr'>liber-tini,</span> 
     </span>
    </p>
   </div>
   <div class='ocr_carea' id='block_1_12' title="bbox 164 1115 2067 1288">
    <p class='ocr_par' dir='ltr' id='par_1_12' title="bbox 164 1115 2067 1288">
     <span class='ocr_line' id='line_1_15' title="bbox 164 1115 2063 1205; baseline 0.002 -25"><span class='ocrx_word' id='word_1_66' title='bbox 164 1201 175 1205; x_wconf 32' lang='grc'><em>,</em></span> <span class='ocrx_word' id='word_1_67' title='bbox 237 1129 556 1182; x_wconf 83' lang='lat' dir='ltr'>manifestam</span> <span class='ocrx_word' id='word_1_68' title='bbox 593 1130 706 1183; x_wconf 88' lang='lat' dir='ltr'>fore</span> <span class='ocrx_word' id='word_1_69' title='bbox 740 1132 1003 1202; x_wconf 90' lang='lat' dir='ltr'>penuriam</span> <span class='ocrx_word' id='word_1_70' title='bbox 1039 1131 1394 1199; x_wconf 87' lang='lat' dir='ltr'>ingenuorum.</span> <span class='ocrx_word' id='word_1_71' title='bbox 1443 1132 1557 1185; x_wconf 94' lang='lat' dir='ltr'>Non</span> <span class='ocrx_word' id='word_1_72' title='bbox 1597 1115 2063 1205; x_wconf 68' lang='lat' dir='ltr'>frustra.‚;naioreS‚</span> 
     </span>
     <span class='ocr_line' id='line_1_16' title="bbox 174 1221 2067 1288; baseline -0.002 -12"><span class='ocrx_word' id='word_1_73' title='bbox 174 1237 225 1276; x_wconf 69' lang='grc' dir='ltr'>ιο</span> <span class='ocrx_word' id='word_1_74' title='bbox 241 1236 353 1271; x_wconf 90' lang='lat' dir='ltr'>cum</span> <span class='ocrx_word' id='word_1_75' title='bbox 398 1221 695 1288; x_wconf 85' lang='lat' dir='ltr'>dignitatem</span> <span class='ocrx_word' id='word_1_76' title='bbox 744 1222 976 1275; x_wconf 88' lang='lat' dir='ltr'>ordinum</span> <span class='ocrx_word' id='word_1_77' title='bbox 1030 1223 1346 1288; x_wconf 87' lang='lat' dir='ltr'>dividerent,</span> <span class='ocrx_word' id='word_1_78' title='bbox 1401 1222 1688 1276; x_wconf 88' lang='lat' dir='ltr'>libertatem</span> <span class='ocrx_word' id='word_1_79' title='bbox 1712 1221 1789 1274; x_wconf 73' lang='lat' dir='ltr'>in·</span> <span class='ocrx_word' id='word_1_80' title='bbox 1813 1221 2067 1273; x_wconf 86' lang='lat' dir='ltr'>communi</span> 
     </span>
    </p>
   </div>
   <div class='ocr_carea' id='block_1_13' title="bbox 238 1313 489 1382">
    <p class='ocr_par' dir='ltr' id='par_1_13' title="bbox 238 1313 489 1382">
     <span class='ocr_line' id='line_1_17' title="bbox 238 1313 489 1382; baseline 0 -18"><span class='ocrx_word' id='word_1_81' title='bbox 238 1313 489 1382; x_wconf 90' lang='lat' dir='ltr'>posuisse.</span> 
     </span>
    </p>
   </div>
   <div class='ocr_carea' id='block_1_14' title="bbox 360 1481 733 1527">
    <p class='ocr_par' dir='ltr' id='par_1_14' title="bbox 360 1481 733 1527">
     <span class='ocr_line' id='line_1_18' title="bbox 360 1481 733 1527; baseline -0.005 -1"><span class='ocrx_word' id='word_1_82' title='bbox 360 1483 400 1526; x_wconf 90' lang='lat'>1.</span> <span class='ocrx_word' id='word_1_83' title='bbox 431 1483 623 1527; x_wconf 78' lang='lat' dir='ltr'>absecuti</span> <span class='ocrx_word' id='word_1_84' title='bbox 651 1481 733 1525; x_wconf 71' lang='lat' dir='ltr'>Ma.</span> 
     </span>
    </p>
   </div>
   <div class='ocr_carea' id='block_1_15' title="bbox 232 1627 1114 3709">
    <p class='ocr_par' dir='ltr' id='par_1_15' title="bbox 233 1627 1114 2459">
     <span class='ocr_line' id='line_1_19' title="bbox 238 1627 1111 1686; baseline 0.001 -17"><span class='ocrx_word' id='word_1_85' title='bbox 238 1628 386 1686; x_wconf 90' lang='lat' dir='ltr'>priore</span> <span class='ocrx_word' id='word_1_86' title='bbox 434 1627 699 1682; x_wconf 79' lang='lat' dir='ltr'>obsequium,</span> <span class='ocrx_word' id='word_1_87' title='bbox 741 1639 829 1668; x_wconf 93' lang='lat' dir='ltr'>non</span> <span class='ocrx_word' id='word_1_88' title='bbox 877 1641 932 1669; x_wconf 86' lang='lat' dir='ltr'>ex</span> <span class='ocrx_word' id='word_1_89' title='bbox 963 1641 1111 1685; x_wconf 66' lang='lat' dir='ltr'>grave,</span> 
     </span>
     <span class='ocr_line' id='line_1_20' title="bbox 240 1687 1112 1744; baseline 0 -14"><span class='ocrx_word' id='word_1_90' title='bbox 240 1702 353 1744; x_wconf 89' lang='lat' dir='ltr'>quae</span> <span class='ocrx_word' id='word_1_91' title='bbox 385 1687 650 1729; x_wconf 88' lang='lat' dir='ltr'>infinitivum</span> <span class='ocrx_word' id='word_1_92' title='bbox 672 1688 870 1743; x_wconf 81' lang='lat' dir='ltr'>requirit.</span> <span class='ocrx_word' id='word_1_93' title='bbox 925 1688 1020 1730; x_wconf 89' lang='lat' dir='ltr'>Hoc</span> <span class='ocrx_word' id='word_1_94' title='bbox 1040 1690 1112 1730; x_wconf 87' lang='lat' dir='ltr'>vi-</span> 
     </span>
     <span class='ocr_line' id='line_1_21' title="bbox 239 1747 1112 1802; baseline 0.001 -12"><span class='ocrx_word' id='word_1_95' title='bbox 239 1748 349 1801; x_wconf 84' lang='lat' dir='ltr'>deo,</span> <span class='ocrx_word' id='word_1_96' title='bbox 391 1748 566 1790; x_wconf 82' lang='lat' dir='ltr'>sinistre</span> <span class='ocrx_word' id='word_1_97' title='bbox 609 1748 841 1802; x_wconf 90' lang='lat' dir='ltr'>provocari</span> <span class='ocrx_word' id='word_1_98' title='bbox 889 1747 943 1789; x_wconf 92' lang='lat' dir='ltr'>ad</span> <span class='ocrx_word' id='word_1_99' title='bbox 974 1747 1054 1789; x_wconf 90' lang='lat' dir='ltr'>XV</span> <span class='ocrx_word' id='word_1_100' title='bbox 1086 1749 1112 1791; x_wconf 87' lang='lat'>5</span> 
     </span>
     <span class='ocr_line' id='line_1_22' title="bbox 249 1808 1114 1864; baseline -0.002 -14"><span class='ocrx_word' id='word_1_101' title='bbox 249 1808 445 1864; x_wconf 74' lang='lat' dir='ltr'>Voloqesi</span> <span class='ocrx_word' id='word_1_102' title='bbox 492 1814 612 1849; x_wconf 81' lang='lat' dir='ltr'>vetus</span> <span class='ocrx_word' id='word_1_103' title='bbox 650 1815 689 1849; x_wconf 86' lang='lat' dir='ltr'>et</span> <span class='ocrx_word' id='word_1_104' title='bbox 727 1808 898 1863; x_wconf 80' lang='lat' dir='ltr'>penitus</span> <span class='ocrx_word' id='word_1_105' title='bbox 937 1808 1114 1862; x_wconf 74' lang='lat' dir='ltr'>infimum</span> 
     </span>
     <span class='ocr_line' id='line_1_23' title="bbox 240 1867 1112 1919; baseline 0 -11"><span class='ocrx_word' id='word_1_106' title='bbox 240 1875 336 1909; x_wconf 83' lang='lat' dir='ltr'>erat</span> <span class='ocrx_word' id='word_1_107' title='bbox 379 1881 504 1910; x_wconf 84' lang='lat' dir='ltr'>arma</span> <span class='ocrx_word' id='word_1_108' title='bbox 534 1868 737 1909; x_wconf 79' lang='lat' dir='ltr'>Romana</span> <span class='ocrx_word' id='word_1_109' title='bbox 775 1867 966 1919; x_wconf 81' lang='lat' dir='ltr'>vitandi,</span> <span class='ocrx_word' id='word_1_110' title='bbox 1007 1868 1112 1909; x_wconf 90' lang='lat' dir='ltr'>item</span> 
     </span>
     <span class='ocr_line' id='line_1_24' title="bbox 240 1926 1112 1983; baseline -0.005 -14"><span class='ocrx_word' id='word_1_111' title='bbox 240 1927 320 1969; x_wconf 90' lang='lat' dir='ltr'>XV</span> <span class='ocrx_word' id='word_1_112' title='bbox 351 1929 406 1971; x_wconf 82' lang='lat'>21</span> <span class='ocrx_word' id='word_1_113' title='bbox 446 1933 622 1969; x_wconf 81' lang='lat' dir='ltr'>maneat</span> <span class='ocrx_word' id='word_1_114' title='bbox 660 1926 1001 1983; x_wconf 81' lang='lat' dir='ltr'>provincialibus</span> <span class='ocrx_word' id='word_1_115' title='bbox 1028 1941 1112 1983; x_wconf 81' lang='lat' dir='ltr'>po-</span> 
     </span>
     <span class='ocr_line' id='line_1_25' title="bbox 238 1986 1112 2029; baseline -0.001 0"><span class='ocrx_word' id='word_1_116' title='bbox 238 1989 416 2029; x_wconf 76' lang='lat' dir='ltr'>tentiam</span> <span class='ocrx_word' id='word_1_117' title='bbox 447 2000 570 2028; x_wconf 82' lang='lat' dir='ltr'>suam</span> <span class='ocrx_word' id='word_1_118' title='bbox 601 1986 681 2028; x_wconf 85' lang='lat' dir='ltr'>tali</span> <span class='ocrx_word' id='word_1_119' title='bbox 698 1986 820 2028; x_wconf 84' lang='lat' dir='ltr'>modo</span> <span class='ocrx_word' id='word_1_120' title='bbox 841 1987 1112 2028; x_wconf 75' lang='lat' dir='ltr'>ostentandi.-</span> 
     </span>
     <span class='ocr_line' id='line_1_26' title="bbox 237 2046 1112 2101; baseline -0.001 -12"><span class='ocrx_word' id='word_1_121' title='bbox 237 2060 337 2089; x_wconf 89' lang='lat' dir='ltr'>nam</span> <span class='ocrx_word' id='word_1_122' title='bbox 393 2048 438 2088; x_wconf 94' lang='lat' dir='ltr'>in</span> <span class='ocrx_word' id='word_1_123' title='bbox 484 2046 624 2088; x_wconf 87' lang='lat' dir='ltr'>altero</span> <span class='ocrx_word' id='word_1_124' title='bbox 678 2046 880 2101; x_wconf 86' lang='lat' dir='ltr'>exemplo</span> <span class='ocrx_word' id='word_1_125' title='bbox 931 2060 986 2088; x_wconf 88' lang='lat' dir='ltr'>ex</span> <span class='ocrx_word' id='word_1_126' title='bbox 1033 2046 1112 2089; x_wconf 75' lang='lat' dir='ltr'>tali</span> 
     </span>
     <span class='ocr_line' id='line_1_27' title="bbox 239 2106 1114 2161; baseline -0.001 -13"><span class='ocrx_word' id='word_1_127' title='bbox 239 2107 362 2148; x_wconf 84' lang='lat' dir='ltr'>modo</span> <span class='ocrx_word' id='word_1_128' title='bbox 392 2106 637 2149; x_wconf 90' lang='lat' dir='ltr'>subiectum</span> <span class='ocrx_word' id='word_1_129' title='bbox 662 2106 787 2148; x_wconf 90' lang='lat' dir='ltr'>verbi</span> <span class='ocrx_word' id='word_1_130' title='bbox 806 2113 980 2148; x_wconf 79' lang='lat' dir='ltr'>maneat</span> <span class='ocrx_word' id='word_1_131' title='bbox 1006 2119 1114 2161; x_wconf 90' lang='lat' dir='ltr'>sup-</span> 
     </span>
     <span class='ocr_line' id='line_1_28' title="bbox 235 2166 1113 2222; baseline 0 -14"><span class='ocrx_word' id='word_1_132' title='bbox 235 2167 381 2222; x_wconf 87' lang='lat' dir='ltr'>pletur</span> <span class='ocrx_word' id='word_1_133' title='bbox 427 2166 598 2217; x_wconf 81' lang='lat' dir='ltr'>modus,</span> <span class='ocrx_word' id='word_1_134' title='bbox 648 2166 691 2206; x_wconf 93' lang='lat' dir='ltr'>in</span> <span class='ocrx_word' id='word_1_135' title='bbox 734 2167 880 2220; x_wconf 88' lang='lat' dir='ltr'>priore</span> <span class='ocrx_word' id='word_1_136' title='bbox 924 2173 1040 2207; x_wconf 82' lang='lat' dir='ltr'>vetus</span> <span class='ocrx_word' id='word_1_137' title='bbox 1075 2173 1113 2208; x_wconf 93' lang='lat' dir='ltr'>et</span> 
     </span>
     <span class='ocr_line' id='line_1_29' title="bbox 233 2225 1114 2279; baseline 0 -11"><span class='ocrx_word' id='word_1_138' title='bbox 233 2227 410 2279; x_wconf 66' lang='lat' dir='ltr'>infimum</span> <span class='ocrx_word' id='word_1_139' title='bbox 448 2226 710 2267; x_wconf 78' lang='lat' dir='ltr'>substantivi</span> <span class='ocrx_word' id='word_1_140' title='bbox 758 2227 900 2268; x_wconf 91' lang='lat' dir='ltr'>vicem</span> <span class='ocrx_word' id='word_1_141' title='bbox 935 2225 1114 2279; x_wconf 88' lang='lat' dir='ltr'>explere</span> 
     </span>
     <span class='ocr_line' id='line_1_30' title="bbox 235 2285 1114 2342; baseline -0.001 -16"><span class='ocrx_word' id='word_1_142' title='bbox 235 2291 419 2340; x_wconf 88' lang='lat' dir='ltr'>possunt</span> <span class='ocrx_word' id='word_1_143' title='bbox 438 2287 623 2342; x_wconf 76' lang='lat' dir='ltr'>(firmum</span> <span class='ocrx_word' id='word_1_144' title='bbox 642 2291 681 2326; x_wconf 90' lang='lat' dir='ltr'>et</span> <span class='ocrx_word' id='word_1_145' title='bbox 701 2292 817 2327; x_wconf 83' lang='lat' dir='ltr'>vetus</span> <span class='ocrx_word' id='word_1_146' title='bbox 840 2285 1081 2342; x_wconf 75' lang='lat' dir='ltr'>consitium)</span> <span class='ocrx_word' id='word_1_147' title='bbox 1099 2299 1114 2326; x_wconf 93' lang='lat'>.·</span> 
     </span>
     <span class='ocr_line' id='line_1_31' title="bbox 235 2345 1111 2404; baseline 0 -17"><span class='ocrx_word' id='word_1_148' title='bbox 235 2345 351 2387; x_wconf 91' lang='lat' dir='ltr'>idem</span> <span class='ocrx_word' id='word_1_149' title='bbox 383 2358 500 2386; x_wconf 89' lang='lat' dir='ltr'>nunc</span> <span class='ocrx_word' id='word_1_150' title='bbox 533 2346 576 2386; x_wconf 92' lang='lat' dir='ltr'>in</span> <span class='ocrx_word' id='word_1_151' title='bbox 608 2357 721 2386; x_wconf 91' lang='lat' dir='ltr'>voce</span> <span class='ocrx_word' id='word_1_152' title='bbox 755 2345 919 2401; x_wconf 81' lang='lat' dir='ltr'>exigua</span> <span class='ocrx_word' id='word_1_153' title='bbox 940 2346 1111 2404; x_wconf 69' lang='lat' dir='ltr'>(qv-ave)</span> 
     </span>
     <span class='ocr_line' id='line_1_32' title="bbox 237 2405 720 2459; baseline -0.004 -12"><span class='ocrx_word' id='word_1_154' title='bbox 237 2405 419 2447; x_wconf 86' lang='lat' dir='ltr'>evenire</span> <span class='ocrx_word' id='word_1_155' title='bbox 450 2405 526 2447; x_wconf 86' lang='lat' dir='ltr'>vix</span> <span class='ocrx_word' id='word_1_156' title='bbox 557 2410 720 2459; x_wconf 87' lang='lat' dir='ltr'>potest.</span> 
     </span>
    </p>

    <p class='ocr_par' dir='ltr' id='par_1_16' title="bbox 234 2462 1112 2815">
     <span class='ocr_line' id='line_1_33' title="bbox 319 2462 1112 2519; baseline 0.001 -15"><span class='ocrx_word' id='word_1_157' title='bbox 319 2462 424 2518; x_wconf 84' lang='lat' dir='ltr'>Cap.</span> <span class='ocrx_word' id='word_1_158' title='bbox 454 2465 525 2508; x_wconf 87' lang='lat'>27.</span> <span class='ocrx_word' id='word_1_159' title='bbox 576 2463 662 2506; x_wconf 84' lang='lat' dir='ltr'>late</span> <span class='ocrx_word' id='word_1_160' title='bbox 694 2466 837 2519; x_wconf 81' lang='lat' dir='ltr'>fusum</span> <span class='ocrx_word' id='word_1_161' title='bbox 867 2463 913 2504; x_wconf 83' lang='lat' dir='ltr'>id</span> <span class='ocrx_word' id='word_1_162' title='bbox 935 2477 1112 2518; x_wconf 82' lang='lat' dir='ltr'>corpus:</span> 
     </span>
     <span class='ocr_line' id='line_1_34' title="bbox 236 2523 1112 2577; baseline 0 -13"><span class='ocrx_word' id='word_1_163' title='bbox 236 2523 425 2577; x_wconf 88' lang='lat' dir='ltr'>prudens</span> <span class='ocrx_word' id='word_1_164' title='bbox 469 2523 662 2566; x_wconf 84' lang='lat' dir='ltr'>declinat</span> <span class='ocrx_word' id='word_1_165' title='bbox 707 2535 867 2564; x_wconf 90' lang='lat' dir='ltr'>nomen</span> <span class='ocrx_word' id='word_1_166' title='bbox 922 2523 1112 2564; x_wconf 74' lang='lat' dir='ltr'>ordinis:</span> 
     </span>
     <span class='ocr_line' id='line_1_35' title="bbox 236 2582 1108 2634; baseline -0.002 -10"><span class='ocrx_word' id='word_1_167' title='bbox 236 2583 382 2624; x_wconf 89' lang='lat' dir='ltr'>liberti</span> <span class='ocrx_word' id='word_1_168' title='bbox 419 2583 533 2623; x_wconf 90' lang='lat' dir='ltr'>enim</span> <span class='ocrx_word' id='word_1_169' title='bbox 559 2583 754 2624; x_wconf 88' lang='lat' dir='ltr'>ordinem</span> <span class='ocrx_word' id='word_1_170' title='bbox 780 2595 867 2622; x_wconf 86' lang='lat' dir='ltr'>non</span> <span class='ocrx_word' id='word_1_171' title='bbox 893 2582 1108 2634; x_wconf 83' lang='lat' dir='ltr'>efficiunt,</span> 
     </span>
     <span class='ocr_line' id='line_1_36' title="bbox 235 2641 1111 2695; baseline -0.002 -12"><span class='ocrx_word' id='word_1_172' title='bbox 235 2641 313 2683; x_wconf 89' lang='lat' dir='ltr'>sed</span> <span class='ocrx_word' id='word_1_173' title='bbox 365 2642 531 2695; x_wconf 85' lang='lat' dir='ltr'>posteri</span> <span class='ocrx_word' id='word_1_174' title='bbox 576 2642 832 2683; x_wconf 87' lang='lat' dir='ltr'>libertorum</span> <span class='ocrx_word' id='word_1_175' title='bbox 873 2641 959 2682; x_wconf 88' lang='lat' dir='ltr'>fusi</span> <span class='ocrx_word' id='word_1_176' title='bbox 1012 2647 1111 2682; x_wconf 88' lang='lat' dir='ltr'>sunt</span> 
     </span>
     <span class='ocr_line' id='line_1_37' title="bbox 234 2700 1108 2755; baseline -0.001 -13"><span class='ocrx_word' id='word_1_177' title='bbox 234 2713 314 2755; x_wconf 88' lang='lat' dir='ltr'>per</span> <span class='ocrx_word' id='word_1_178' title='bbox 330 2700 527 2742; x_wconf 88' lang='lat' dir='ltr'>ordinem</span> <span class='ocrx_word' id='word_1_179' title='bbox 544 2701 825 2752; x_wconf 88' lang='lat' dir='ltr'>senatorium,</span> <span class='ocrx_word' id='word_1_180' title='bbox 847 2706 1108 2755; x_wconf 83' lang='lat' dir='ltr'>equestrem,</span> 
     </span>
     <span class='ocr_line' id='line_1_38' title="bbox 237 2760 670 2815; baseline 0 -13"><span class='ocrx_word' id='word_1_181' title='bbox 237 2762 367 2802; x_wconf 89' lang='lat' dir='ltr'>etiam</span> <span class='ocrx_word' id='word_1_182' title='bbox 405 2773 484 2815; x_wconf 88' lang='lat' dir='ltr'>per</span> <span class='ocrx_word' id='word_1_183' title='bbox 516 2760 670 2803; x_wconf 79' lang='lat' dir='ltr'>tribus,</span> 
     </span>
    </p>

    <p class='ocr_par' dir='ltr' id='par_1_17' title="bbox 232 2818 1110 3709">
     <span class='ocr_line' id='line_1_39' title="bbox 332 2818 1110 2876; baseline -0.001 -15"><span class='ocrx_word' id='word_1_184' title='bbox 332 2819 436 2862; x_wconf 82' lang='lat' dir='ltr'>hinc</span> <span class='ocrx_word' id='word_1_185' title='bbox 474 2820 724 2876; x_wconf 78' lang='lat' dir='ltr'>plerumque</span> <span class='ocrx_word' id='word_1_186' title='bbox 774 2818 907 2860; x_wconf 82' lang='lat' dir='ltr'>tribus</span> <span class='ocrx_word' id='word_1_187' title='bbox 953 2844 1009 2851; x_wconf 88' lang='lat'>-—</span> <span class='ocrx_word' id='word_1_188' title='bbox 1062 2820 1110 2860; x_wconf 81' lang='lat' dir='ltr'>in</span> 
     </span>
     <span class='ocr_line' id='line_1_40' title="bbox 232 2878 1109 2935; baseline 0.001 -16"><span class='ocrx_word' id='word_1_189' title='bbox 232 2878 337 2920; x_wconf 80' lang='lat' dir='ltr'>urbe</span> <span class='ocrx_word' id='word_1_190' title='bbox 371 2881 666 2935; x_wconf 68' lang='lat' dir='ltr'>conscriptas:</span> <span class='ocrx_word' id='word_1_191' title='bbox 699 2878 837 2920; x_wconf 91' lang='lat' dir='ltr'>tribus</span> <span class='ocrx_word' id='word_1_192' title='bbox 858 2891 1015 2933; x_wconf 89' lang='lat' dir='ltr'>corpus</span> <span class='ocrx_word' id='word_1_193' title='bbox 1043 2885 1109 2920; x_wconf 88' lang='lat' dir='ltr'>est</span> 
     </span>
     <span class='ocr_line' id='line_1_41' title="bbox 235 2939 1108 2994; baseline 0 -14"><span class='ocrx_word' id='word_1_194' title='bbox 235 2950 386 2980; x_wconf 88' lang='lat' dir='ltr'>eorum</span> <span class='ocrx_word' id='word_1_195' title='bbox 436 2939 509 2994; x_wconf 93' lang='lat' dir='ltr'>qui</span> <span class='ocrx_word' id='word_1_196' title='bbox 565 2952 644 2981; x_wconf 88' lang='lat' dir='ltr'>suo</span> <span class='ocrx_word' id='word_1_197' title='bbox 704 2951 805 2980; x_wconf 87' lang='lat' dir='ltr'>aere</span> <span class='ocrx_word' id='word_1_198' title='bbox 847 2951 1013 2993; x_wconf 86' lang='lat' dir='ltr'>suaque</span> <span class='ocrx_word' id='word_1_199' title='bbox 1060 2951 1108 2980; x_wconf 86' lang='lat' dir='ltr'>re</span> 
     </span>
     <span class='ocr_line' id='line_1_42' title="bbox 233 2996 1106 3053; baseline 0 -15"><span class='ocrx_word' id='word_1_200' title='bbox 233 2998 433 3050; x_wconf 88' lang='lat' dir='ltr'>aluntur,</span> <span class='ocrx_word' id='word_1_201' title='bbox 477 3011 623 3053; x_wconf 91' lang='lat' dir='ltr'>neque</span> <span class='ocrx_word' id='word_1_202' title='bbox 665 2997 884 3040; x_wconf 77' lang='lat' dir='ltr'>frumento</span> <span class='ocrx_word' id='word_1_203' title='bbox 928 2996 1106 3051; x_wconf 85' lang='lat' dir='ltr'>publico</span> 
     </span>
     <span class='ocr_line' id='line_1_43' title="bbox 233 3055 1105 3110; baseline 0 -11"><span class='ocrx_word' id='word_1_204' title='bbox 233 3063 561 3110; x_wconf 79' lang='lat' dir='ltr'>sustentantur3</span> <span class='ocrx_word' id='word_1_205' title='bbox 618 3071 661 3100; x_wconf 90' lang='lat' dir='ltr'>v.</span> <span class='ocrx_word' id='word_1_206' title='bbox 715 3056 784 3098; x_wconf 89' lang='lat' dir='ltr'>ad.</span> <span class='ocrx_word' id='word_1_207' title='bbox 835 3056 885 3097; x_wconf 90' lang='lat' dir='ltr'>H.</span> <span class='ocrx_word' id='word_1_208' title='bbox 936 3055 992 3096; x_wconf 90' lang='grc' dir='ltr'>ΙΙΙ</span> <span class='ocrx_word' id='word_1_209' title='bbox 1034 3058 1105 3099; x_wconf 80' lang='grc'>58.</span> 
     </span>
     <span class='ocr_line' id='line_1_44' title="bbox 233 3114 1107 3172; baseline -0.001 -13"><span class='ocrx_word' id='word_1_210' title='bbox 233 3118 454 3159; x_wconf 85' lang='lat' dir='ltr'>Decuriae</span> <span class='ocrx_word' id='word_1_211' title='bbox 497 3130 593 3159; x_wconf 88' lang='lat' dir='ltr'>cum</span> <span class='ocrx_word' id='word_1_212' title='bbox 625 3118 745 3159; x_wconf 84' lang='lat' dir='ltr'>varia</span> <span class='ocrx_word' id='word_1_213' title='bbox 780 3114 1107 3172; x_wconf 80' lang='lat' dir='ltr'>significatione</span> 
     </span>
     <span class='ocr_line' id='line_1_45' title="bbox 234 3175 1106 3232; baseline 0 -15"><span class='ocrx_word' id='word_1_214' title='bbox 234 3176 448 3230; x_wconf 89' lang='lat' dir='ltr'>dieantur,</span> <span class='ocrx_word' id='word_1_215' title='bbox 480 3190 578 3218; x_wconf 90' lang='lat' dir='ltr'>nam</span> <span class='ocrx_word' id='word_1_216' title='bbox 612 3183 655 3220; x_wconf 87' lang='lat' dir='ltr'>et</span> <span class='ocrx_word' id='word_1_217' title='bbox 688 3177 869 3232; x_wconf 85' lang='lat' dir='ltr'>equitum</span> <span class='ocrx_word' id='word_1_218' title='bbox 901 3175 1106 3218; x_wconf 89' lang='lat' dir='ltr'>decuriae</span> 
     </span>
     <span class='ocr_line' id='line_1_46' title="bbox 233 3235 1105 3290; baseline 0 -14"><span class='ocrx_word' id='word_1_219' title='bbox 233 3242 335 3277; x_wconf 91' lang='lat' dir='ltr'>sunt</span> <span class='ocrx_word' id='word_1_220' title='bbox 389 3242 432 3277; x_wconf 87' lang='lat' dir='ltr'>et</span> <span class='ocrx_word' id='word_1_221' title='bbox 477 3236 696 3290; x_wconf 82' lang='lat' dir='ltr'>iudicum,</span> <span class='ocrx_word' id='word_1_222' title='bbox 747 3235 903 3278; x_wconf 86' lang='lat' dir='ltr'>additis</span> <span class='ocrx_word' id='word_1_223' title='bbox 959 3235 1105 3277; x_wconf 89' lang='lat' dir='ltr'>verbis</span> 
     </span>
     <span class='ocr_line' id='line_1_47' title="bbox 232 3295 1106 3352; baseline 0 -16"><span class='ocrx_word' id='word_1_224' title='bbox 232 3296 476 3336; x_wconf 83' lang='lat' dir='ltr'>ministeria</span> <span class='ocrx_word' id='word_1_225' title='bbox 510 3295 830 3352; x_wconf 76' lang='lat' dir='ltr'>mayistratibus</span> <span class='ocrx_word' id='word_1_226' title='bbox 873 3301 912 3336; x_wconf 88' lang='lat' dir='ltr'>et</span> <span class='ocrx_word' id='word_1_227' title='bbox 954 3309 1106 3337; x_wconf 81' lang='lat' dir='ltr'>sacer-</span> 
     </span>
     <span class='ocr_line' id='line_1_48' title="bbox 235 3354 1105 3409; baseline 0 -14"><span class='ocrx_word' id='word_1_228' title='bbox 235 3355 397 3396; x_wconf 78' lang='lat' dir='ltr'>dotibus</span> <span class='ocrx_word' id='word_1_229' title='bbox 427 3354 600 3396; x_wconf 85' lang='lat' dir='ltr'>Tacitus</span> <span class='ocrx_word' id='word_1_230' title='bbox 635 3355 862 3407; x_wconf 87' lang='lat' dir='ltr'>indicavit,</span> <span class='ocrx_word' id='word_1_231' title='bbox 896 3367 1001 3409; x_wconf 92' lang='lat' dir='ltr'>quas</span> <span class='ocrx_word' id='word_1_232' title='bbox 1029 3355 1105 3395; x_wconf 87' lang='lat' dir='ltr'>de-</span> 
     </span>
     <span class='ocr_line' id='line_1_49' title="bbox 235 3413 1103 3456; baseline -0.001 -1"><span class='ocrx_word' id='word_1_233' title='bbox 235 3416 381 3455; x_wconf 78' lang='lat' dir='ltr'>curias</span> <span class='ocrx_word' id='word_1_234' title='bbox 427 3427 544 3455; x_wconf 85' lang='lat' dir='ltr'>nunc</span> <span class='ocrx_word' id='word_1_235' title='bbox 590 3414 674 3456; x_wconf 81' lang='lat' dir='ltr'>dici</span> <span class='ocrx_word' id='word_1_236' title='bbox 725 3413 878 3456; x_wconf 89' lang='lat' dir='ltr'>vellet.</span> <span class='ocrx_word' id='word_1_237' title='bbox 942 3414 1103 3456; x_wconf 88' lang='lat' dir='ltr'>Liberti</span> 
     </span>
     <span class='ocr_line' id='line_1_50' title="bbox 235 3473 1102 3528; baseline 0.002 -15"><span class='ocrx_word' id='word_1_238' title='bbox 235 3486 318 3528; x_wconf 90' lang='lat' dir='ltr'>qua</span> <span class='ocrx_word' id='word_1_239' title='bbox 352 3473 499 3515; x_wconf 90' lang='lat' dir='ltr'>liberti</span> <span class='ocrx_word' id='word_1_240' title='bbox 533 3486 619 3515; x_wconf 90' lang='lat' dir='ltr'>non</span> <span class='ocrx_word' id='word_1_241' title='bbox 662 3475 705 3515; x_wconf 92' lang='lat' dir='ltr'>in</span> <span class='ocrx_word' id='word_1_242' title='bbox 752 3473 975 3526; x_wconf 87' lang='lat' dir='ltr'>tribubus,</span> <span class='ocrx_word' id='word_1_243' title='bbox 1026 3474 1102 3516; x_wconf 90' lang='lat' dir='ltr'>sed</span> 
     </span>
     <span class='ocr_line' id='line_1_51' title="bbox 234 3531 1102 3575; baseline 0.003 -4"><span class='ocrx_word' id='word_1_244' title='bbox 234 3531 365 3573; x_wconf 89' lang='lat' dir='ltr'>iidem</span> <span class='ocrx_word' id='word_1_245' title='bbox 405 3533 552 3575; x_wconf 88' lang='lat' dir='ltr'>multis</span> <span class='ocrx_word' id='word_1_246' title='bbox 598 3533 738 3575; x_wconf 90' lang='lat' dir='ltr'>modis</span> <span class='ocrx_word' id='word_1_247' title='bbox 787 3533 839 3575; x_wconf 91' lang='lat' dir='ltr'>ad</span> <span class='ocrx_word' id='word_1_248' title='bbox 880 3535 1102 3575; x_wconf 89' lang='lat' dir='ltr'>civitatem</span> 
     </span>
     <span class='ocr_line' id='line_1_52' title="bbox 234 3591 1100 3648; baseline 0.006 -17"><span class='ocrx_word' id='word_1_249' title='bbox 234 3592 466 3643; x_wconf 90' lang='lat' dir='ltr'>pervenire</span> <span class='ocrx_word' id='word_1_250' title='bbox 499 3598 700 3648; x_wconf 89' lang='lat' dir='ltr'>poterant</span> <span class='ocrx_word' id='word_1_251' title='bbox 747 3594 813 3647; x_wconf 85' lang='lat' dir='ltr'>(v.</span> <span class='ocrx_word' id='word_1_252' title='bbox 850 3591 927 3635; x_wconf 86' lang='lat' dir='ltr'>Gai</span> <span class='ocrx_word' id='word_1_253' title='bbox 962 3593 1100 3636; x_wconf 81' lang='lat' dir='ltr'>Instit.</span> 
     </span>
     <span class='ocr_line' id='line_1_53' title="bbox 234 3646 1102 3709; baseline 0.007 -20"><span class='ocrx_word' id='word_1_254' title='bbox 234 3646 475 3692; x_wconf 89' lang='lat' dir='ltr'>Comment.</span> <span class='ocrx_word' id='word_1_255' title='bbox 512 3651 529 3693; x_wconf 88' lang='lat'>1</span> <span class='ocrx_word' id='word_1_256' title='bbox 563 3652 608 3704; x_wconf 85' lang='lat'>§.</span> <span class='ocrx_word' id='word_1_257' title='bbox 637 3652 686 3695; x_wconf 88' lang='lat'>17</span> <span class='ocrx_word' id='word_1_258' title='bbox 723 3656 765 3694; x_wconf 90' lang='lat' dir='ltr'>et</span> <span class='ocrx_word' id='word_1_259' title='bbox 795 3651 852 3696; x_wconf 82' lang='lat'>28</span> <span class='ocrx_word' id='word_1_260' title='bbox 876 3664 971 3709; x_wconf 87' lang='lat' dir='ltr'>sqq.</span> <span class='ocrx_word' id='word_1_261' title='bbox 1024 3651 1102 3695; x_wconf 94' lang='lat' dir='ltr'>Ul-</span> 
     </span>
    </p>
   </div>
   <div class='ocr_carea' id='block_1_16' title="bbox 824 1481 1509 1538">
    <p class='ocr_par' dir='ltr' id='par_1_18' title="bbox 824 1481 1509 1538">
     <span class='ocr_line' id='line_1_54' title="bbox 824 1481 1509 1538; baseline -0.003 -10"><span class='ocrx_word' id='word_1_262' title='bbox 824 1485 868 1528; x_wconf 81' lang='lat'>2.</span> <span class='ocrx_word' id='word_1_263' title='bbox 901 1482 1086 1538; x_wconf 75' lang='lat' dir='ltr'>detrahi,</span> <span class='ocrx_word' id='word_1_264' title='bbox 1117 1482 1197 1528; x_wconf 87' lang='lat' dir='ltr'>sed</span> <span class='ocrx_word' id='word_1_265' title='bbox 1229 1493 1325 1525; x_wconf 86' lang='lat' dir='ltr'>corr</span> <span class='ocrx_word' id='word_1_266' title='bbox 1355 1496 1395 1537; x_wconf 87' lang='lat' dir='ltr'>r,</span> <span class='ocrx_word' id='word_1_267' title='bbox 1427 1481 1509 1526; x_wconf 71' lang='lat' dir='ltr'>Ma.</span> 
     </span>
    </p>
   </div>
   <div class='ocr_carea' id='block_1_17' title="bbox 567 1313 2069 1383">
    <p class='ocr_par' dir='ltr' id='par_1_19' title="bbox 567 1313 2069 1383">
     <span class='ocr_line' id='line_1_55' title="bbox 567 1313 2069 1383; baseline 0.003 -19"><span class='ocrx_word' id='word_1_268' title='bbox 567 1313 699 1376; x_wconf 83' lang='lat' dir='ltr'>Quin</span> <span class='ocrx_word' id='word_1_269' title='bbox 750 1319 800 1367; x_wconf 93' lang='lat' dir='ltr'>et</span> <span class='ocrx_word' id='word_1_270' title='bbox 832 1315 1214 1368; x_wconf 88' lang='lat' dir='ltr'>manumittendi</span> <span class='ocrx_word' id='word_1_271' title='bbox 1261 1315 1387 1368; x_wconf 85' lang='lat' dir='ltr'>duas</span> <span class='ocrx_word' id='word_1_272' title='bbox 1435 1315 1636 1383; x_wconf 89' lang='lat' dir='ltr'>species</span> <span class='ocrx_word' id='word_1_273' title='bbox 1674 1314 1958 1380; x_wconf 60' lang='lat' dir='ltr'>instituam,</span> <span class='ocrx_word' id='word_1_274' title='bbox 2013 1317 2069 1369; x_wconf 82' lang='lat' dir='ltr'>ut</span> 
     </span>
    </p>
   </div>
   <div class='ocr_carea' id='block_1_18' title="bbox 1601 1479 1925 1527">
    <p class='ocr_par' dir='ltr' id='par_1_20' title="bbox 1601 1479 1925 1527">
     <span class='ocr_line' id='line_1_56' title="bbox 1601 1479 1925 1527; baseline -0.003 -1"><span class='ocrx_word' id='word_1_275' title='bbox 1601 1482 1646 1527; x_wconf 82' lang='lat'>4.</span> <span class='ocrx_word' id='word_1_276' title='bbox 1676 1481 1815 1526; x_wconf 69' lang='lat' dir='ltr'>nichil</span> <span class='ocrx_word' id='word_1_277' title='bbox 1841 1479 1925 1526; x_wconf 65' lang='lat' dir='ltr'>Ma.</span> 
     </span>
    </p>
   </div>
   <div class='ocr_carea' id='block_1_19' title="bbox 1186 1626 2119 3708">
    <p class='ocr_par' dir='ltr' id='par_1_21' title="bbox 1194 1626 2119 2802">
     <span class='ocr_line' id='line_1_57' title="bbox 1199 1626 2072 1685; baseline 0.005 -16"><span class='ocrx_word' id='word_1_278' title='bbox 1199 1627 1320 1683; x_wconf 88' lang='lat' dir='ltr'>piani</span> <span class='ocrx_word' id='word_1_279' title='bbox 1352 1627 1420 1669; x_wconf 87' lang='lat' dir='ltr'>tit.</span> <span class='ocrx_word' id='word_1_280' title='bbox 1452 1626 1555 1685; x_wconf 85' lang='grc' dir='ltr'>ΙΙΙ),</span> <span class='ocrx_word' id='word_1_281' title='bbox 1590 1632 1634 1670; x_wconf 92' lang='lat' dir='ltr'>et</span> <span class='ocrx_word' id='word_1_282' title='bbox 1663 1627 1724 1671; x_wconf 89' lang='lat' dir='ltr'>ita</span> <span class='ocrx_word' id='word_1_283' title='bbox 1756 1633 1877 1670; x_wconf 88' lang='lat' dir='ltr'>recte</span> <span class='ocrx_word' id='word_1_284' title='bbox 1909 1627 2072 1673; x_wconf 87' lang='lat' dir='ltr'>dictum</span> 
     </span>
     <span class='ocr_line' id='line_1_58' title="bbox 1199 1687 2071 1746; baseline 0.003 -18"><span class='ocrx_word' id='word_1_285' title='bbox 1199 1687 1303 1729; x_wconf 75' lang='lat' dir='ltr'>hinc</span> <span class='ocrx_word' id='word_1_286' title='bbox 1335 1687 1468 1729; x_wconf 82' lang='lat' dir='ltr'>tribus</span> <span class='ocrx_word' id='word_1_287' title='bbox 1499 1712 1556 1720; x_wconf 93' lang='lat'>—</span> <span class='ocrx_word' id='word_1_288' title='bbox 1589 1688 1870 1746; x_wconf 79' lang='lat' dir='ltr'>conscriptas.</span> <span class='ocrx_word' id='word_1_289' title='bbox 1930 1688 2071 1731; x_wconf 76' lang='lat' dir='ltr'>Mini-</span> 
     </span>
     <span class='ocr_line' id='line_1_59' title="bbox 1199 1747 2071 1804; baseline 0.003 -16"><span class='ocrx_word' id='word_1_290' title='bbox 1199 1748 1336 1788; x_wconf 84' lang='lat' dir='ltr'>steria</span> <span class='ocrx_word' id='word_1_291' title='bbox 1365 1748 1685 1804; x_wconf 70' lang='lat' dir='ltr'>nzayistratibus</span> <span class='ocrx_word' id='word_1_292' title='bbox 1716 1754 1757 1790; x_wconf 86' lang='lat' dir='ltr'>et</span> <span class='ocrx_word' id='word_1_293' title='bbox 1779 1747 2071 1791; x_wconf 79' lang='lat' dir='ltr'>sacerdotibus</span> 
     </span>
     <span class='ocr_line' id='line_1_60' title="bbox 1201 1806 2070 1863; baseline 0.002 -15"><span class='ocrx_word' id='word_1_294' title='bbox 1201 1808 1349 1863; x_wconf 83' lang='lat' dir='ltr'>cogita</span> <span class='ocrx_word' id='word_1_295' title='bbox 1381 1806 1585 1860; x_wconf 74' lang='lat' dir='ltr'>scribaS,</span> <span class='ocrx_word' id='word_1_296' title='bbox 1613 1806 1817 1861; x_wconf 83' lang='lat' dir='ltr'>lictores,</span> <span class='ocrx_word' id='word_1_297' title='bbox 1859 1808 2070 1862; x_wconf 84' lang='lat' dir='ltr'>viatores,</span> 
     </span>
     <span class='ocr_line' id='line_1_61' title="bbox 1200 1866 2070 1921; baseline 0.003 -14"><span class='ocrx_word' id='word_1_298' title='bbox 1200 1880 1457 1921; x_wconf 84' lang='lat' dir='ltr'>praecones,</span> <span class='ocrx_word' id='word_1_299' title='bbox 1490 1866 1719 1910; x_wconf 88' lang='lat' dir='ltr'>calatores.</span> <span class='ocrx_word' id='word_1_300' title='bbox 1784 1867 1932 1911; x_wconf 86' lang='lat' dir='ltr'>Serior</span> <span class='ocrx_word' id='word_1_301' title='bbox 1949 1872 2070 1917; x_wconf 81' lang='lat' dir='ltr'>aetas</span> 
     </span>
     <span class='ocr_line' id='line_1_62' title="bbox 1198 1926 2068 1983; baseline 0.001 -15"><span class='ocrx_word' id='word_1_302' title='bbox 1198 1926 1504 1969; x_wconf 78' lang='lat' dir='ltr'>ministeriales</span> <span class='ocrx_word' id='word_1_303' title='bbox 1521 1934 1560 1968; x_wconf 88' lang='lat' dir='ltr'>et</span> <span class='ocrx_word' id='word_1_304' title='bbox 1580 1927 1789 1983; x_wconf 77' lang='lat' dir='ltr'>officiales</span> <span class='ocrx_word' id='word_1_305' title='bbox 1811 1927 2068 1983; x_wconf 77' lang='lat' dir='ltr'>appellavit,</span> 
     </span>
     <span class='ocr_line' id='line_1_63' title="bbox 1201 1986 2071 2044; baseline -0.001 -17"><span class='ocrx_word' id='word_1_306' title='bbox 1201 1998 1382 2041; x_wconf 89' lang='lat' dir='ltr'>quorum</span> <span class='ocrx_word' id='word_1_307' title='bbox 1426 1986 1590 2028; x_wconf 85' lang='lat' dir='ltr'>classes</span> <span class='ocrx_word' id='word_1_308' title='bbox 1632 1993 1675 2028; x_wconf 87' lang='lat' dir='ltr'>et</span> <span class='ocrx_word' id='word_1_309' title='bbox 1706 2001 1871 2044; x_wconf 90' lang='lat' dir='ltr'>genera</span> <span class='ocrx_word' id='word_1_310' title='bbox 1901 1988 1947 2030; x_wconf 90' lang='lat' dir='ltr'>iu</span> <span class='ocrx_word' id='word_1_311' title='bbox 1976 1986 2071 2030; x_wconf 83' lang='lat' dir='ltr'>No..</span> 
     </span>
     <span class='ocr_line' id='line_1_64' title="bbox 1200 2046 2072 2103; baseline 0.001 -18"><span class='ocrx_word' id='word_1_312' title='bbox 1200 2047 1296 2088; x_wconf 87' lang='lat' dir='ltr'>titia</span> <span class='ocrx_word' id='word_1_313' title='bbox 1313 2046 1587 2103; x_wconf 87' lang='lat' dir='ltr'>Dignitatum</span> <span class='ocrx_word' id='word_1_314' title='bbox 1611 2053 1936 2089; x_wconf 85' lang='lat' dir='ltr'>enumerantur.</span> <span class='ocrx_word' id='word_1_315' title='bbox 1984 2046 2072 2088; x_wconf 85' lang='lat' dir='ltr'>Co..</span> 
     </span>
     <span class='ocr_line' id='line_1_65' title="bbox 1200 2105 2073 2150; baseline 0.005 -4"><span class='ocrx_word' id='word_1_316' title='bbox 1200 2105 1345 2148; x_wconf 68' lang='lat' dir='ltr'>horres</span> <span class='ocrx_word' id='word_1_317' title='bbox 1387 2107 1433 2147; x_wconf 81' lang='lat' dir='ltr'>in</span> <span class='ocrx_word' id='word_1_318' title='bbox 1476 2106 1580 2147; x_wconf 82' lang='lat' dir='ltr'>urbe</span> <span class='ocrx_word' id='word_1_319' title='bbox 1612 2112 1713 2148; x_wconf 89' lang='lat' dir='ltr'>sunt</span> <span class='ocrx_word' id='word_1_320' title='bbox 1745 2112 1832 2149; x_wconf 90' lang='lat' dir='ltr'>tres</span> <span class='ocrx_word' id='word_1_321' title='bbox 1867 2106 2073 2150; x_wconf 79' lang='lat' dir='ltr'>cohortes</span> 
     </span>
     <span class='ocr_line' id='line_1_66' title="bbox 1201 2165 2072 2221; baseline 0.005 -15"><span class='ocrx_word' id='word_1_322' title='bbox 1201 2165 1393 2206; x_wconf 88' lang='lat' dir='ltr'>urbanae</span> <span class='ocrx_word' id='word_1_323' title='bbox 1443 2165 1600 2221; x_wconf 92' lang='lat' dir='ltr'>quibus</span> <span class='ocrx_word' id='word_1_324' title='bbox 1653 2167 1904 2220; x_wconf 84' lang='lat' dir='ltr'>praefectus</span> <span class='ocrx_word' id='word_1_325' title='bbox 1952 2165 2072 2210; x_wconf 81' lang='lat' dir='ltr'>urbis</span> 
     </span>
     <span class='ocr_line' id='line_1_67' title="bbox 1199 2225 2071 2282; baseline 0.007 -18"><span class='ocrx_word' id='word_1_326' title='bbox 1199 2230 1402 2279; x_wconf 86' lang='lat' dir='ltr'>praeerat</span> <span class='ocrx_word' id='word_1_327' title='bbox 1449 2228 1516 2280; x_wconf 87' lang='lat' dir='ltr'>(v.</span> <span class='ocrx_word' id='word_1_328' title='bbox 1549 2225 1603 2266; x_wconf 91' lang='lat' dir='ltr'>ad</span> <span class='ocrx_word' id='word_1_329' title='bbox 1638 2225 1654 2266; x_wconf 91' lang='lat'><em>1</em></span> <span class='ocrx_word' id='word_1_330' title='bbox 1686 2225 1766 2282; x_wconf 87' lang='lat'>8),</span> <span class='ocrx_word' id='word_1_331' title='bbox 1815 2232 1859 2268; x_wconf 85' lang='lat' dir='ltr'>et</span> <span class='ocrx_word' id='word_1_332' title='bbox 1902 2231 2071 2282; x_wconf 79' lang='lat' dir='ltr'>septem</span> 
     </span>
     <span class='ocr_line' id='line_1_68' title="bbox 1199 2284 2073 2341; baseline 0 -16"><span class='ocrx_word' id='word_1_333' title='bbox 1199 2284 1385 2340; x_wconf 88' lang='lat' dir='ltr'>vigilum</span> <span class='ocrx_word' id='word_1_334' title='bbox 1420 2297 1525 2339; x_wconf 88' lang='lat' dir='ltr'>quas</span> <span class='ocrx_word' id='word_1_335' title='bbox 1552 2284 1776 2341; x_wconf 86' lang='lat' dir='ltr'>Augustus</span> <span class='ocrx_word' id='word_1_336' title='bbox 1810 2299 1864 2328; x_wconf 87' lang='lat' dir='ltr'>ex</span> <span class='ocrx_word' id='word_1_337' title='bbox 1896 2284 2073 2328; x_wconf 85' lang='lat' dir='ltr'>liberti..</span> 
     </span>
     <span class='ocr_line' id='line_1_69' title="bbox 1199 2342 2070 2398; baseline 0.008 -14"><span class='ocrx_word' id='word_1_338' title='bbox 1199 2345 1268 2384; x_wconf 88' lang='lat' dir='ltr'>nis</span> <span class='ocrx_word' id='word_1_339' title='bbox 1309 2344 1567 2398; x_wconf 86' lang='lat' dir='ltr'>scripserat3</span> <span class='ocrx_word' id='word_1_340' title='bbox 1617 2357 1660 2386; x_wconf 93' lang='lat' dir='ltr'>v.</span> <span class='ocrx_word' id='word_1_341' title='bbox 1696 2342 1851 2387; x_wconf 75' lang='lat' dir='ltr'>Strabo</span> <span class='ocrx_word' id='word_1_342' title='bbox 1897 2345 1934 2387; x_wconf 90' lang='lat' dir='ltr'>V</span> <span class='ocrx_word' id='word_1_343' title='bbox 1967 2346 1996 2388; x_wconf 84' lang='lat'><strong>3</strong></span> <span class='ocrx_word' id='word_1_344' title='bbox 2029 2346 2070 2391; x_wconf 87' lang='lat'>7.</span> 
     </span>
     <span class='ocr_line' id='line_1_70' title="bbox 1199 2403 2071 2460; baseline 0 -16"><span class='ocrx_word' id='word_1_345' title='bbox 1199 2404 1283 2445; x_wconf 93' lang='lat' dir='ltr'>Dio</span> <span class='ocrx_word' id='word_1_346' title='bbox 1316 2403 1388 2445; x_wconf 93' lang='lat' dir='ltr'>LV</span> <span class='ocrx_word' id='word_1_347' title='bbox 1423 2403 1495 2447; x_wconf 85' lang='lat'>26.</span> <span class='ocrx_word' id='word_1_348' title='bbox 1531 2403 1577 2444; x_wconf 91' lang='lat' dir='ltr'>L.</span> <span class='ocrx_word' id='word_1_349' title='bbox 1616 2405 1638 2446; x_wconf 89' lang='lat'>1</span> <span class='ocrx_word' id='word_1_350' title='bbox 1675 2410 1718 2446; x_wconf 83' lang='lat' dir='ltr'>et</span> <span class='ocrx_word' id='word_1_351' title='bbox 1749 2405 1777 2448; x_wconf 87' lang='grc'><strong>3</strong></span> <span class='ocrx_word' id='word_1_352' title='bbox 1809 2404 1862 2447; x_wconf 92' lang='lat' dir='ltr'>D.</span> <span class='ocrx_word' id='word_1_353' title='bbox 1917 2404 1968 2447; x_wconf 81' lang='lat' dir='ltr'>de</span> <span class='ocrx_word' id='word_1_354' title='bbox 1999 2407 2071 2460; x_wconf 77' lang='lat' dir='ltr'>os.</span> 
     </span>
     <span class='ocr_line' id='line_1_71' title="bbox 1194 2462 2071 2521; baseline 0.003 -17"><span class='ocrx_word' id='word_1_355' title='bbox 1194 2464 1293 2517; x_wconf 77' lang='lat' dir='ltr'>licio</span> <span class='ocrx_word' id='word_1_356' title='bbox 1322 2464 1539 2519; x_wconf 79' lang='lat' dir='ltr'>praefecti</span> <span class='ocrx_word' id='word_1_357' title='bbox 1569 2463 1745 2519; x_wconf 60' lang='lat' dir='ltr'>vigilum</span> <span class='ocrx_word' id='word_1_358' title='bbox 1777 2462 1933 2521; x_wconf 86' lang='lat'>(115).</span> <span class='ocrx_word' id='word_1_359' title='bbox 1977 2463 2071 2507; x_wconf 85' lang='lat' dir='ltr'>Hae</span> 
     </span>
     <span class='ocr_line' id='line_1_72' title="bbox 1199 2521 2071 2579; baseline 0.005 -16"><span class='ocrx_word' id='word_1_360' title='bbox 1199 2522 1384 2579; x_wconf 86' lang='lat' dir='ltr'>vigilum</span> <span class='ocrx_word' id='word_1_361' title='bbox 1421 2521 1652 2575; x_wconf 88' lang='lat' dir='ltr'>cohortes,</span> <span class='ocrx_word' id='word_1_362' title='bbox 1690 2537 1715 2564; x_wconf 89' lang='lat' dir='ltr'>a</span> <span class='ocrx_word' id='word_1_363' title='bbox 1746 2522 1893 2565; x_wconf 86' lang='lat' dir='ltr'>Tacito</span> <span class='ocrx_word' id='word_1_364' title='bbox 1926 2522 1979 2565; x_wconf 85' lang='grc' dir='ltr'>Η.</span> <span class='ocrx_word' id='word_1_365' title='bbox 2011 2522 2071 2568; x_wconf 87' lang='lat'>111</span> 
     </span>
     <span class='ocr_line' id='line_1_73' title="bbox 1198 2580 2069 2638; baseline -0.003 -14"><span class='ocrx_word' id='word_1_366' title='bbox 1198 2580 1255 2624; x_wconf 84' lang='lat'>64</span> <span class='ocrx_word' id='word_1_367' title='bbox 1287 2587 1578 2634; x_wconf 85' lang='lat' dir='ltr'>memoratae,</span> <span class='ocrx_word' id='word_1_368' title='bbox 1622 2582 1702 2623; x_wconf 87' lang='lat' dir='ltr'>sub</span> <span class='ocrx_word' id='word_1_369' title='bbox 1742 2582 1931 2638; x_wconf 86' lang='lat' dir='ltr'>Augusti</span> <span class='ocrx_word' id='word_1_370' title='bbox 1964 2595 2069 2625; x_wconf 84' lang='lat' dir='ltr'>suc..</span> 
     </span>
     <span class='ocr_line' id='line_1_74' title="bbox 1199 2640 2119 2696; baseline 0.003 -15"><span class='ocrx_word' id='word_1_371' title='bbox 1199 2640 1446 2682; x_wconf 87' lang='lat' dir='ltr'>cessoribus</span> <span class='ocrx_word' id='word_1_372' title='bbox 1492 2641 1646 2694; x_wconf 88' lang='lat' dir='ltr'>partim</span> <span class='ocrx_word' id='word_1_373' title='bbox 1693 2641 1864 2683; x_wconf 87' lang='lat' dir='ltr'>civibus</span> <span class='ocrx_word' id='word_1_374' title='bbox 1915 2643 2070 2696; x_wconf 83' lang='lat' dir='ltr'>partim</span> <span class='ocrx_word' id='word_1_375' title='bbox 2117 2670 2119 2673; x_wconf 37' lang='lat' dir='ltr'>v</span> 
     </span>
     <span class='ocr_line' id='line_1_75' title="bbox 1196 2699 2071 2754; baseline 0.001 -14"><span class='ocrx_word' id='word_1_376' title='bbox 1196 2699 1367 2741; x_wconf 86' lang='lat' dir='ltr'>libertis</span> <span class='ocrx_word' id='word_1_377' title='bbox 1402 2702 1671 2753; x_wconf 89' lang='lat' dir='ltr'>compositae</span> <span class='ocrx_word' id='word_1_378' title='bbox 1709 2706 1857 2754; x_wconf 81' lang='lat' dir='ltr'>eraut3</span> <span class='ocrx_word' id='word_1_379' title='bbox 1889 2713 1932 2744; x_wconf 90' lang='lat' dir='ltr'>v.</span> <span class='ocrx_word' id='word_1_380' title='bbox 1958 2700 2071 2743; x_wconf 88' lang='lat' dir='ltr'>Dio..</span> 
     </span>
     <span class='ocr_line' id='line_1_76' title="bbox 1196 2759 1399 2802; baseline 0.005 -4"><span class='ocrx_word' id='word_1_381' title='bbox 1196 2760 1262 2800; x_wconf 89' lang='lat' dir='ltr'>nis</span> <span class='ocrx_word' id='word_1_382' title='bbox 1298 2759 1326 2802; x_wconf 92' lang='lat' dir='ltr'>l.</span> <span class='ocrx_word' id='word_1_383' title='bbox 1363 2773 1399 2800; x_wconf 93' lang='lat' dir='ltr'>c.</span> 
     </span>
    </p>

    <p class='ocr_par' dir='ltr' id='par_1_22' title="bbox 1186 2819 2072 3708">
     <span class='ocr_line' id='line_1_77' title="bbox 1286 2819 2072 2876; baseline 0.004 -17"><span class='ocrx_word' id='word_1_384' title='bbox 1286 2819 1612 2860; x_wconf 79' lang='lat' dir='ltr'>manumittendi</span> <span class='ocrx_word' id='word_1_385' title='bbox 1659 2819 1766 2860; x_wconf 78' lang='lat' dir='ltr'>duas</span> <span class='ocrx_word' id='word_1_386' title='bbox 1807 2819 1968 2876; x_wconf 78' lang='lat' dir='ltr'>species</span> <span class='ocrx_word' id='word_1_387' title='bbox 1996 2820 2072 2862; x_wconf 74' lang='lat' dir='ltr'>in-</span> 
     </span>
     <span class='ocr_line' id='line_1_78' title="bbox 1195 2877 2072 2936; baseline 0.005 -18"><span class='ocrx_word' id='word_1_388' title='bbox 1195 2879 1391 2919; x_wconf 82' lang='lat' dir='ltr'>stitutas:</span> <span class='ocrx_word' id='word_1_389' title='bbox 1437 2877 1574 2920; x_wconf 89' lang='lat' dir='ltr'>altera</span> <span class='ocrx_word' id='word_1_390' title='bbox 1617 2879 1732 2920; x_wconf 88' lang='lat' dir='ltr'>iusta</span> <span class='ocrx_word' id='word_1_391' title='bbox 1771 2891 1822 2920; x_wconf 87' lang='lat' dir='ltr'>ac</span> <span class='ocrx_word' id='word_1_392' title='bbox 1869 2878 2072 2936; x_wconf 81' lang='lat' dir='ltr'>legitima</span> 
     </span>
     <span class='ocr_line' id='line_1_79' title="bbox 1197 2937 2072 2993; baseline 0.005 -16"><span class='ocrx_word' id='word_1_393' title='bbox 1197 2943 1288 2978; x_wconf 87' lang='lat' dir='ltr'>erat</span> <span class='ocrx_word' id='word_1_394' title='bbox 1322 2939 1623 2989; x_wconf 86' lang='lat' dir='ltr'>manumissio,</span> <span class='ocrx_word' id='word_1_395' title='bbox 1659 2937 1937 2993; x_wconf 58' lang='lat' dir='ltr'>quae‘fiehat</span> <span class='ocrx_word' id='word_1_396' title='bbox 1970 2939 2072 2981; x_wconf 74' lang='lat' dir='ltr'>vin..</span> 
     </span>
     <span class='ocr_line' id='line_1_80' title="bbox 1196 2998 2069 3052; baseline 0.005 -16"><span class='ocrx_word' id='word_1_397' title='bbox 1196 2998 1311 3038; x_wconf 82' lang='lat' dir='ltr'>dicta</span> <span class='ocrx_word' id='word_1_398' title='bbox 1361 3002 1434 3038; x_wconf 86' lang='lat' dir='ltr'>aut</span> <span class='ocrx_word' id='word_1_399' title='bbox 1493 3012 1622 3039; x_wconf 82' lang='lat' dir='ltr'>censu</span> <span class='ocrx_word' id='word_1_400' title='bbox 1678 3003 1757 3051; x_wconf 27' lang='lat' dir='ltr'>aut·</span> <span class='ocrx_word' id='word_1_401' title='bbox 1805 3004 2069 3052; x_wconf 74' lang='lat' dir='ltr'>testamento,</span> 
     </span>
     <span class='ocr_line' id='line_1_81' title="bbox 1196 3057 2071 3113; baseline 0.005 -16"><span class='ocrx_word' id='word_1_402' title='bbox 1196 3057 1332 3098; x_wconf 81' lang='lat' dir='ltr'>altera</span> <span class='ocrx_word' id='word_1_403' title='bbox 1367 3070 1463 3097; x_wconf 82' lang='lat' dir='ltr'>cum</span> <span class='ocrx_word' id='word_1_404' title='bbox 1494 3072 1575 3112; x_wconf 78' lang='lat' dir='ltr'>per</span> <span class='ocrx_word' id='word_1_405' title='bbox 1607 3057 1828 3113; x_wconf 80' lang='lat' dir='ltr'>epistolam</span> <span class='ocrx_word' id='word_1_406' title='bbox 1858 3063 1932 3098; x_wconf 85' lang='lat' dir='ltr'>aut</span> <span class='ocrx_word' id='word_1_407' title='bbox 1957 3059 2071 3101; x_wconf 78' lang='lat' dir='ltr'>inter</span> 
     </span>
     <span class='ocr_line' id='line_1_82' title="bbox 1192 3116 2068 3172; baseline 0.001 -16"><span class='ocrx_word' id='word_1_408' title='bbox 1192 3117 1353 3157; x_wconf 81' lang='lat' dir='ltr'>amicos</span> <span class='ocrx_word' id='word_1_409' title='bbox 1391 3121 1467 3156; x_wconf 85' lang='lat' dir='ltr'>aut</span> <span class='ocrx_word' id='word_1_410' title='bbox 1495 3117 1680 3158; x_wconf 75' lang='lat' dir='ltr'>convivii</span> <span class='ocrx_word' id='word_1_411' title='bbox 1697 3116 1962 3158; x_wconf 73' lang='lat' dir='ltr'>adhibitione</span> <span class='ocrx_word' id='word_1_412' title='bbox 1987 3130 2068 3172; x_wconf 85' lang='lat' dir='ltr'>pa..</span> 
     </span>
     <span class='ocr_line' id='line_1_83' title="bbox 1194 3175 2066 3221; baseline 0.005 -5"><span class='ocrx_word' id='word_1_413' title='bbox 1194 3182 1344 3216; x_wconf 87' lang='lat' dir='ltr'>tronus</span> <span class='ocrx_word' id='word_1_414' title='bbox 1389 3188 1519 3216; x_wconf 89' lang='lat' dir='ltr'>servo</span> <span class='ocrx_word' id='word_1_415' title='bbox 1567 3176 1814 3218; x_wconf 86' lang='lat' dir='ltr'>libertatem</span> <span class='ocrx_word' id='word_1_416' title='bbox 1861 3175 2066 3221; x_wconf 82' lang='lat' dir='ltr'>donabat.</span> 
     </span>
     <span class='ocr_line' id='line_1_84' title="bbox 1195 3234 2065 3290; baseline 0.002 -14"><span class='ocrx_word' id='word_1_417' title='bbox 1195 3235 1278 3287; x_wconf 86' lang='lat' dir='ltr'>Qui</span> <span class='ocrx_word' id='word_1_418' title='bbox 1310 3247 1388 3289; x_wconf 91' lang='lat' dir='ltr'>per</span> <span class='ocrx_word' id='word_1_419' title='bbox 1423 3234 1538 3277; x_wconf 87' lang='lat' dir='ltr'>hanc</span> <span class='ocrx_word' id='word_1_420' title='bbox 1569 3237 1761 3290; x_wconf 89' lang='lat' dir='ltr'>speciem</span> <span class='ocrx_word' id='word_1_421' title='bbox 1796 3237 2065 3290; x_wconf 85' lang='lat' dir='ltr'>manumissi,</span> 
     </span>
     <span class='ocr_line' id='line_1_85' title="bbox 1194 3294 2065 3338; baseline 0.002 -2"><span class='ocrx_word' id='word_1_422' title='bbox 1194 3296 1222 3336; x_wconf 89' lang='lat' dir='ltr'>ii</span> <span class='ocrx_word' id='word_1_423' title='bbox 1261 3294 1403 3335; x_wconf 89' lang='lat' dir='ltr'>Latini</span> <span class='ocrx_word' id='word_1_424' title='bbox 1450 3294 1619 3336; x_wconf 88' lang='lat' dir='ltr'>Iuniani</span> <span class='ocrx_word' id='word_1_425' title='bbox 1673 3301 1796 3337; x_wconf 88' lang='lat' dir='ltr'>erant</span> <span class='ocrx_word' id='word_1_426' title='bbox 1849 3309 1900 3336; x_wconf 91' lang='lat' dir='ltr'>ac</span> <span class='ocrx_word' id='word_1_427' title='bbox 1948 3308 2065 3338; x_wconf 88' lang='lat' dir='ltr'>novo</span> 
     </span>
     <span class='ocr_line' id='line_1_86' title="bbox 1192 3354 2062 3408; baseline 0 -13"><span class='ocrx_word' id='word_1_428' title='bbox 1192 3354 1410 3395; x_wconf 85' lang='lat' dir='ltr'>beneficio</span> <span class='ocrx_word' id='word_1_429' title='bbox 1469 3356 1639 3408; x_wconf 87' lang='lat' dir='ltr'>patroni</span> <span class='ocrx_word' id='word_1_430' title='bbox 1692 3368 1771 3408; x_wconf 88' lang='lat' dir='ltr'>per</span> <span class='ocrx_word' id='word_1_431' title='bbox 1827 3355 2062 3396; x_wconf 85' lang='lat' dir='ltr'>vindictam</span> 
     </span>
     <span class='ocr_line' id='line_1_87' title="bbox 1193 3413 2060 3468; baseline 0 -14"><span class='ocrx_word' id='word_1_432' title='bbox 1193 3415 1437 3455; x_wconf 82' lang='lat' dir='ltr'>manumitti</span> <span class='ocrx_word' id='word_1_433' title='bbox 1494 3414 1627 3468; x_wconf 75' lang='lat' dir='ltr'>(Ptin.</span> <span class='ocrx_word' id='word_1_434' title='bbox 1671 3413 1810 3468; x_wconf 89' lang='lat' dir='ltr'>Epist.</span> <span class='ocrx_word' id='word_1_435' title='bbox 1859 3413 1933 3454; x_wconf 88' lang='lat' dir='ltr'>Vll</span> <span class='ocrx_word' id='word_1_436' title='bbox 1981 3413 2060 3456; x_wconf 87' lang='lat'>16:</span> 
     </span>
     <span class='ocr_line' id='line_1_88' title="bbox 1186 3471 2060 3529; baseline -0.002 -15"><span class='ocrx_word' id='word_1_437' title='bbox 1186 3474 1319 3529; x_wconf 79' lang='lat' dir='ltr'>facile</span> <span class='ocrx_word' id='word_1_438' title='bbox 1354 3473 1541 3528; x_wconf 68' lang='lat' dir='ltr'>deflectet</span> <span class='ocrx_word' id='word_1_439' title='bbox 1573 3474 1631 3515; x_wconf 83' lang='lat' dir='ltr'>ad</span> <span class='ocrx_word' id='word_1_440' title='bbox 1661 3480 1721 3525; x_wconf 87' lang='lat' dir='ltr'>te,</span> <span class='ocrx_word' id='word_1_441' title='bbox 1751 3475 1788 3515; x_wconf 82' lang='lat' dir='ltr'>si</span> <span class='ocrx_word' id='word_1_442' title='bbox 1817 3471 1930 3513; x_wconf 81' lang='lat' dir='ltr'>voles</span> <span class='ocrx_word' id='word_1_443' title='bbox 1961 3473 2060 3513; x_wconf 79' lang='lat' dir='ltr'>vin-</span> 
     </span>
     <span class='ocr_line' id='line_1_89' title="bbox 1190 3531 2063 3589; baseline 0 -15"><span class='ocrx_word' id='word_1_444' title='bbox 1190 3534 1305 3574; x_wconf 84' lang='lat' dir='ltr'>dicta</span> <span class='ocrx_word' id='word_1_445' title='bbox 1339 3533 1527 3574; x_wconf 73' lang='lat' dir='ltr'>liberare</span> <span class='ocrx_word' id='word_1_446' title='bbox 1572 3547 1672 3587; x_wconf 84' lang='lat' dir='ltr'>quos</span> <span class='ocrx_word' id='word_1_447' title='bbox 1710 3531 1906 3589; x_wconf 73' lang='lat' dir='ltr'>proxime</span> <span class='ocrx_word' id='word_1_448' title='bbox 1945 3532 2063 3574; x_wconf 75' lang='lat' dir='ltr'>inter</span> 
     </span>
     <span class='ocr_line' id='line_1_90' title="bbox 1189 3590 2058 3649; baseline -0.001 -15"><span class='ocrx_word' id='word_1_449' title='bbox 1189 3593 1351 3634; x_wconf 85' lang='lat' dir='ltr'>amicos</span> <span class='ocrx_word' id='word_1_450' title='bbox 1397 3593 1698 3649; x_wconf 80' lang='lat' dir='ltr'>manumisisti)</span> <span class='ocrx_word' id='word_1_451' title='bbox 1747 3590 2058 3646; x_wconf 82' lang='lat' dir='ltr'>civitatemque</span> 
     </span>
     <span class='ocr_line' id='line_1_91' title="bbox 1189 3648 2057 3708; baseline 0 -14"><span class='ocrx_word' id='word_1_452' title='bbox 1189 3651 1361 3708; x_wconf 85' lang='lat' dir='ltr'>assequi</span> <span class='ocrx_word' id='word_1_453' title='bbox 1383 3657 1598 3707; x_wconf 88' lang='lat' dir='ltr'>poterant.</span> <span class='ocrx_word' id='word_1_454' title='bbox 1636 3649 1712 3692; x_wconf 89' lang='lat' dir='ltr'>Gai</span> <span class='ocrx_word' id='word_1_455' title='bbox 1735 3649 1873 3692; x_wconf 87' lang='lat' dir='ltr'>Instit.</span> <span class='ocrx_word' id='word_1_456' title='bbox 1891 3648 2057 3694; x_wconf 84' lang='lat' dir='ltr'>Comm.</span> 
     </span>
    </p>
   </div>
  </div>
 </body>
</html>
