2280 4004
263 291 293 331 ὀ
324 284 371 328 C.
405 285 477 330 66.

842 286 1007 330 LIBER
1038 285 1151 330 XVI.
1205 288 1321 331 Cn.
1361 289 1551 334 22-24.

2004 298 2091 338 335

265 432 508 498 principis
548 433 687 484 auxit
720 433 909 484 iustitia
943 439 1094 500 atque
1129 435 1404 500 industria,
1461 442 1512 486 et
1558 436 1673 502 qnia
1721 436 1887 501 portui
1923 437 2093 501 Ephe-

265 523 456 574 siorum
490 524 767 588 aperiendo
808 540 978 575 curam
1015 526 1376 591 insumpserat,
1417 527 1619 592 vimque
1660 528 1877 578 civitatis
1902 527 2095 594 Perga-

263 629 474 678 menae,
521 615 837 679 prohibentis
874 616 1114 674 Acratum
1155 617 1388 668 Caesaris
1423 618 1653 669 libertum
1701 624 1890 670 statuas
1928 625 1977 671 et
2014 619 2095 684 pi-

264 709 432 757 cturas
470 705 719 770 avehere,
759 706 964 756 inultam
1003 708 1258 758 omiserat.

1339 709 1440 761 Sed
1479 709 1676 758 crimini
1714 710 1927 761 dabatur
1967 710 2096 761 ami·-

267 795 386 846 citia
422 796 578 847 Plauti
619 801 670 847 et
704 798 909 847 ambitio
951 798 1304 849 conciliandae
1342 799 1638 863 provinciae
1676 800 1739 850 ad
1768 816 1886 866 spes
1914 815 2127 858 novass

268 885 480 951 Tempus
521 887 840 948 damnati-oni
869 887 1118 939 delectum
1161 903 1258 954 quo
1291 889 1539 940 Tiridates
1581 891 1879 956 accipiendo
1908 892 2092 942 Arme-

263 976 380 1028 niae
429 992 591 1044 regno
647 978 979 1043 adventabat,
1017 985 1072 1030 ut
1118 980 1181 1031 ad
1234 984 1443 1031 externa
1479 982 1765 1032 rumoribus
1803 983 2092 1033 intestinum

263 1067 433 1129 scelus
472 1069 846 1134 obscuraret-ur,
889 1085 951 1121 an
989 1075 1042 1120 ut
1078 1071 1473 1137 magnitudinem
1516 1073 1898 1138 imperatoriam⁴
1934 1074 2093 1126 caede

177 1157 538 1224 24insigni-urn
589 1159 815 1210 virorum
870 1160 1013 1224 quasi
1073 1161 1221 1226 regio
1278 1162 1507 1213 facinore
1569 1168 1860 1215 ostentaret.

1937 1165 2094 1231 Igitur

262 1248 398 1298 omni
439 1248 643 1299 civitate
675 1249 738 1299 ad
777 1249 1129 1314 excipiendum
1150 1251 1429 1315 principem
1458 1253 1886 1318 spectandumque
1916 1269 2091 1320 regem
2111 1272 2156 1307 ιο

261 1338 451 1403 effusa,
491 1339 713 1391 Thrasea
752 1355 971 1392 occursu
1010 1341 1294 1406 prohibitus
1333 1357 1436 1392 non
1475 1343 1676 1393 demisit
1717 1345 1962 1408 animum,
2002 1345 2092 1396 sed

381 1484 425 1525 4.
469 1483 671 1524 seuehere
717 1483 807 1525 Ma:
860 1491 1100 1527 correctum
1144 1487 1189 1526 in
1223 1485 1271 1529 G.

1393 1487 1434 1530 6.
1470 1490 1749 1545 accipiendae
1783 1489 1900 1532 Gltla.
2025 1492 2092 1532 11.

264 1542 421 1589 dimisit
452 1541 544 1584 M':
577 1544 711 1585 tacite
745 1545 934 1586 correxit
966 1544 1217 1588 Rhenanus.

260 1699 400 1741 altero
452 1698 527 1740 ubi
585 1705 652 1742 est
701 1701 876 1741 interim
929 1699 1136 1754 Ostorius,

260 1758 430 1812 syllaba
461 1759 542 1799 rim
574 1758 791 1812 absorpsit
820 1761 1057 1813 proximam
1093 1774 1138 1801 os

174 1864 184 1871 „
262 1819 622 1873 (interimstorius,
639 1818 742 1859 hinc
758 1819 932 1860 interim
957 1820 1136 1871 torius),-

262 1877 392 1919 tertio
435 1877 589 1918 similis
636 1879 928 1931 corruptionis
962 1879 1136 1919 occasio

256 1949 347 1983 non
380 1935 519 1977 adfuit
561 1936 765 1991 sinyulis,
806 1937 1016 1993 Ostorio),
1064 1938 1136 1992 qui

257 1997 341 2037 nisi
384 1995 577 2036 feliciter
620 1996 872 2048 accederet,
924 1996 1136 2037 dubitatio

257 2060 503 2096 remaneret
556 2061 599 2095 et
663 2055 861 2096 Thorium
921 2068 1137 2109 reponere

258 2113 455 2168 proclive
475 2113 605 2156 foret.
636 2113 1004 2167 Guelferbytanus
1023 2128 1137 2156 nunc

257 2175 346 2214 iam
376 2172 602 2214 subitarias
634 2173 835 2226 sabinus,
871 2185 972 2214 mox
1004 2175 1138 2215 torius

258 2233 446 2282 sabinus,
479 2237 569 2272 tum
603 2232 759 2274 Ostrio.

343 2291 598 2347 offensiones
625 2291 838 2347 principis
868 2292 1013 2332 auxit.-
1044 2291 1136 2332 Ne-

257 2351 354 2392 roni
387 2349 442 2391 ob
475 2362 618 2392 mores
650 2352 733 2391 iam
767 2356 867 2391 ante
884 2362 969 2390 non
989 2356 1136 2406 gratus

259 2411 513 2467 offensiones
568 2411 659 2451 eius
718 2408 953 2463 proconsul
1004 2410 1136 2451 Asiae

259 2470 404 2521 auxit3
436 2469 690 2524 offensiones
706 2474 806 2510 sunt
824 2469 977 2510 offensi
1004 2470 1135 2509 animi

265 2540 434 2570 sensus.
527 2527 763 2569 Acratum.-
806 2527 860 2569 de
892 2527 1021 2568 huius
1053 2528 1138 2568 im-

265 2587 475 2641 pudentia
511 2588 765 2642 rapinisque
797 2600 839 2628 v.
875 2586 952 2628 XV
984 2587 1056 2629 45.

347 2646 555 2687 avehere.-
588 2646 773 2687 Medicei
804 2647 1002 2687 sevehere
1034 2646 1135 2687 inde

258 2711 423 2758 natum,
456 2704 571 2760 quod
601 2704 799 2747 adhaesit
823 2705 975 2749 ultima
1005 2718 1136 2759 prae-

259 2765 397 2821 gressi
431 2764 619 2806 nominis
650 2765 882 2822 (picturas)
919 2765 1080 2816 littera,
1109 2778 1136 2805 a

258 2829 403 2865 autem
438 2824 596 2866 ceteris
635 2823 759 2865 verbi
804 2824 923 2865 sonis
967 2835 1135 2865 conve..

258 2884 432 2924 nienter
462 2896 488 2924 a
517 2881 661 2923 scriba
691 2882 920 2923 aberrante
953 2895 1135 2936 expres-

258 2954 350 2983 sum
386 2947 465 2983 est.
530 2940 732 2982 Baiterus
769 2941 991 2983 substituit
1036 2956 1134 2982 eve—

258 3000 383 3053 here,
426 3013 575 3054 parum
616 3000 830 3052 feliciter,
871 3002 971 3056 quia
1014 3002 1134 3041 notio

259 3059 487 3114 auferendi
503 3060 578 3100 bic
597 3062 847 3101 necessaria
866 3062 981 3102 inest
999 3060 1134 3100 verbo

260 3118 443 3161 avehere
491 3121 619 3174 (weg
673 3118 858 3175 bolen),
909 3119 1032 3160 abest
1081 3119 1133 3159 ab

261 3177 437 3220 evehere
491 3176 675 3232 (hei-aus
725 3178 919 3234 fabren).
982 3178 1134 3232 Neque

259 3242 358 3290 apta
390 3242 490 3278 sunt
520 3236 808 3279 vindicandae
838 3236 999 3278 Baitcri
1025 3249 1135 3277 con-

259 3297 453 3338 iecturae
475 3294 701 3337 Ciceronis
735 3296 869 3337 verba
895 3296 947 3337 ab
969 3295 1134 3338 Orellio

261 3367 316 3396 ex
357 3353 624 3395 Forcellinio
671 3356 858 3408 ascripta
899 3356 967 3409 (in
1011 3355 1133 3396 Verr.

260 3413 337 3456 lib.
371 3411 388 3454 Ι
418 3414 476 3456 20
508 3414 552 3463 δ.
586 3413 691 3468 53):
724 3427 811 3454 non
844 3413 984 3454 dicam
1011 3413 1136 3454 illinc

259 3472 340 3514 lum
375 3473 543 3526 signum
571 3471 760 3516 ablatam
796 3486 884 3513 esse
935 3479 973 3513 et
1001 3471 1135 3514 illud.-

259 3532 340 3573 Ιιοσ
363 3531 472 3582 dico,
498 3529 663 3572 nullam
689 3538 727 3572 le
744 3530 934 3587 Aspendi
953 3533 1132 3587 siynum,

270 3591 437 3642 Verres,
473 3588 721 3644 reliquisse3
760 3592 904 3632 omnia
920 3605 972 3631 ex
1001 3593 1131 3645 fanis,

257 3664 318 3695 σω.
344 3649 451 3693 lom's
477 3647 683 3705 publicis,
720 3649 894 3705 palam,
931 3657 1133 3706 spectan-

1222 1701 1330 1742 tibus
1360 1702 1574 1754 omnibus,
1605 1703 1809 1758 plaustris
1841 1712 1986 1747 evecta
2017 1720 2095 1748 ecc-

1216 1767 1472 1816 portamque
1530 1776 1631 1803 esse.
1695 1762 1865 1804 Tacitus
1915 1766 2095 1807 verbum

1222 1819 1400 1860 evehere
1433 1820 1636 1862 translata
1662 1822 1983 1878 significatione
2017 1825 2096 1866 ad-

1220 1879 1338 1919 misit
1353 1879 1430 1920 XlI
1448 1880 1529 1923 36:
1561 1883 1681 1935 [ama
1705 1883 1793 1923 eius
1811 1892 1956 1925 evecta
1973 1885 2096 1925 insu-

1221 1937 1286 1978 las
1319 1946 1357 1979 et
1390 1940 1611 1993 proximas
1648 1942 1896 1995 provincias
1933 1957 2096 1998 perva-

1219 2004 1336 2052 9ata.
1373 1997 1469 2038 XIV
1495 1998 1578 2041 52:
1611 2000 1806 2054 inqentes
1824 2008 1860 2041 et
1882 2003 2097 2056 privatum

1219 2070 1352 2111 supra
1381 2058 1548 2099 modum
1581 2066 1746 2100 evectas
1777 2074 1889 2115 opes.
1941 2059 1989 2102 Ο.
2019 2062 2094 2103 13:

1220 2115 1321 2156 licet
1343 2115 1438 2156 illos
1458 2118 1695 2158 certamina
1728 2126 1764 2159 el
1793 2120 1993 2173 pericula
2017 2134 2096 2160 sua

1220 2175 1277 2215 ad
1295 2174 1538 2216 consulatus
1557 2179 1788 2219 evexerint.
1825 2178 1967 2220 Semel
1994 2194 2094 2219 eve-

1220 2241 1330 2274 ctum
1360 2235 1506 2287 posuit
1546 2246 1623 2289 pro
1663 2249 1764 2290 equo
1810 2237 1905 2291 (vel
1943 2242 2092 2294 curru)

1214 2306 1486 2348 progressum
1518 2293 1594 2345 xli
1629 2295 1710 2337 14:
1745 2295 1878 2336 donec
1910 2323 1965 2328 --
1998 2298 2094 2338 lon-

1218 2353 1312 2407 qius
1345 2361 1530 2394 evectum
1563 2354 1730 2409 integer
1760 2368 1788 2395 a
1810 2352 1926 2410 {erqo
1949 2356 2095 2411 globus

1220 2412 1558 2453 circumveniret.

1309 2471 1366 2511 ad
1405 2478 1585 2512 externa
1622 2472 1886 2513 rumoribus:
1934 2485 2094 2514 nomen

1218 2531 1456 2571 rumoribus
1513 2532 1800 2584 postpositum
1855 2538 1944 2584 est,
1993 2533 2092 2586 quia

1218 2588 1318 2629 inde
1351 2589 1511 2643 pendet
1548 2590 1604 2630 acl
1635 2597 1839 2631 externa:
1894 2604 1990 2631 nam
2037 2592 2095 2632 acl

1218 2655 1397 2689 externa
1432 2649 1670 2689 rumoribus
1702 2649 1896 2690 breviter
1931 2649 2091 2691 dictum

1219 2712 1285 2749 est
1319 2719 1396 2762 pro
1431 2708 1483 2749 ad
1520 2714 1699 2749 externa
1734 2709 1872 2749 versis
1905 2711 2093 2750 rumori-

1216 2766 1312 2808 bus.
1374 2766 1624 2808 Waltlterus
1656 2779 1743 2807 non
1774 2768 1887 2809 bene
1914 2779 2093 2822 eompa-

1218 2832 1283 2866 rat
1313 2824 1350 2865 11
1382 2829 1410 2869 2
1448 2825 1656 2866 laetantes
1692 2851 1747 2857 —
1780 2827 1839 2868 ad
1867 2841 1979 2867 nova
2007 2830 2092 2869 im-

1214 2885 1355 2939 peria.
1479 2886 1601 2938 quasi
1634 2885 1752 2939 reyio
1785 2888 2012 2940 facinore.-
2050 2886 2090 2927 h.

1220 2957 1258 2985 e.
1293 2943 1461 2984 facinus
1482 2943 1659 2998 dignum
1695 2945 1872 3000 regibus
1899 2947 2092 2987 externis

1219 3008 1262 3043 et
1285 3001 1416 3043 cruda
1437 3001 1733 3044 dominatione
1761 3005 2089 3057 imperantibus,

1221 3062 1317 3103 Vid.
1355 3067 1502 3103 annot.
1537 3061 1589 3102 ad
1626 3061 1681 3102 VI
1718 3063 1754 3103 1.

1304 3118 1409 3173 Cap.
1430 3122 1500 3162 24,
1554 3121 1611 3160 ad
1643 3119 1936 3175 excipiendum
1963 3122 2090 3176 prin-

1218 3180 1351 3233 cipem
1381 3180 1733 3233 spectandumque
1766 3193 1932 3233 reyem:
1977 3179 2090 3222 Nero

1219 3250 1314 3278 cuin
1357 3250 1462 3292 rege
1508 3251 1533 3278 a
1583 3239 1760 3279 civitate
1806 3238 2092 3292 Neapolitana

1217 3297 1395 3337 Romam
1428 3296 1556 3348 adiit;
1589 3297 1671 3338 Dio
1690 3310 1758 3350 ap.
1780 3297 1942 3351 Xiphil.
1964 3298 2091 3339 anl

1218 3355 1347 3398 2—6.
1469 3369 1647 3397 occursu
1674 3356 1933 3410 prohibitus:
1965 3358 2090 3398 simi-

1218 3413 1303 3455 lem
1338 3414 1643 3455 contumeliam
1685 3416 1753 3455 vir
1793 3421 1966 3456 sanctus
2006 3417 2088 3456 iam

1217 3479 1317 3514 ante
1350 3485 1582 3527 perpessus
1602 3479 1693 3514 erat
1716 3473 1816 3527 (XV
1838 3475 1934 3530 23).
1977 3475 2089 3516 Sue-

1219 3533 1362 3573 tonius
1406 3532 1459 3573 de
1510 3533 1775 3586 Vespasiano
1817 3547 1852 3573 c.
1887 3533 1939 3575 lt:
1979 3547 2089 3589 pro-

1218 3591 1451 3644 hibitusque
1503 3605 1590 3631 non
1641 3592 1922 3633 contubernio*
1965 3593 2086 3634 modo

1216 3650 1291 3692 sed
1321 3652 1447 3692 etiam
1473 3651 1649 3707 publica
1677 3650 1950 3697 sufflatione.
