2222 4022
895 284 1042 329 CArvr
1074 286 1263 333 21—22.
1813 283 1994 328 XXXIII

169 435 447 481 cumactum
495 427 770 479 exercitum
816 427 1030 479 adsidua
1079 428 1246 477 hostes
1291 426 1444 478 caede
1481 426 1794 491 conficerent.
1869 426 2000 477 Nam

169 527 359 587 quanta
402 520 594 587 fuerint
627 518 974 584 Diurpanaei,
1029 517 1286 568 Dacorum
1323 517 1484 584 reqis,
1524 533 1634 567 cum
1674 516 1835 568 Fusco
1875 518 2000 568 duce

164 612 380 678 proelia,
417 616 729 676 quantaeque
751 610 1091 660 Romanorum
1131 610 1315 673 clades,
1354 610 1498 675 lonqo
1535 613 1674 658 textu
1698 609 1998 673 evol-cerem,

169 703 271 754 nisi
309 701 569 754 Cornelius
612 700 830 763 Tacitus,
871 701 956 766 qui
995 700 1127 751 hanc
1164 700 1428 751 historiam
1467 699 1838 766 diliqentissime
1878 714 2002 750 con-

171 793 354 856 texuit,
405 792 466 843 de
506 792 756 842 reticendo
795 792 1170 859 interfectorum
1204 807 1412 842 numero
1467 797 1514 842 et
1555 791 1846 843 Sallustium
1883 790 2003 842 Cri-

170 900 316 950 spum
360 888 409 933 et
443 883 573 934 alios
609 889 844 934 auctores
894 899 1044 949 quam
1089 884 1337 949 plurimos
1388 883 1628 934 sanxisse
1665 888 1713 933 et
1745 897 1802 933 se
1839 882 2004 947 ipsum

171 975 299 1026 idem
330 974 646 1040 potissimum-
680 976 887 1040 eleqisse
925 975 1151 1026 dixisset.
1228 975 1546 1026 Domitianus
1592 980 1756 1025 tamen
1788 974 2004 1038 pravis-

171 1062 302 1139 sima
354 1066 514 1116 elatus
574 1066 818 1116 iactantia
871 1065 964 1115 sub
1014 1065 1213 1115 nomine
1269 1070 1629 1129 superatorum
1679 1063 1894 1115 hostium
1946 1064 2006 1114 de

173 1157 407 1208 extinctis
462 1156 736 1223 leqionibus
786 1156 1127 1221 triumphavit.
1201 1157 1256 1207 In
1303 1155 1463 1207 altero
1502 1156 1660 1207 idem:
1718 1155 2006 1206 Gordianus

170 1248 434 1299 admodum
469 1263 599 1313 puer
640 1248 693 1297 in
737 1247 990 1299 Orientem
1029 1247 1098 1298 ad
1133 1245 1312 1297 bellum
1335 1245 1626 1297 Parthicum
1658 1248 2005 1313 profecturus,

173 1339 309 1389 sicut
343 1338 622 1403 Eutropius
658 1337 850 1399 scribit,
891 1337 1005 1388 Iani
1039 1343 1220 1402 portas
1260 1337 1489 1402 aperuit,
1527 1352 1654 1402 quas
1688 1343 1854 1387 utrum
1891 1342 2011 1402 post

181 1428 542 1494 Vespasianum
594 1434 643 1479 et
694 1428 852 1478 Titum
901 1427 1083 1493 aliquis
1121 1428 1387 1492 clauserit,
1439 1428 1683 1478 neminem
1731 1426 2009 1492 scripsisse

171 1520 384 1584 memini,
420 1536 529 1570 cum
564 1526 728 1570 tamen
766 1535 855 1570 eas
891 1518 954 1569 ab
995 1520 1106 1584 ipso
1140 1517 1449 1584 Vespasiano
1484 1525 1603 1584 post
1630 1535 1816 1569 annum
1849 1533 2007 1583 aper-

175 1618 254 1663 tas
309 1611 572 1663 Cornelius
633 1611 835 1662 Tacitus
896 1611 1100 1675 prodat.
1179 1611 1370 1663 Rursus
1421 1610 1583 1662 idem:
1638 1610 1815 1661 deinde
1869 1615 2010 1676 (post

179 1703 620 1770 quadragesimum
672 1707 907 1754 octavum
967 1701 1165 1768 imperii
1215 1702 1434 1769 Augusti
1488 1702 1723 1753 Caesaris
1778 1713 2008 1765 annum),

176 1799 232 1844 ut
266 1793 437 1844 verbis
475 1793 694 1845 Cornelii
737 1792 895 1844 Taciti
931 1794 1135 1857 loquar,
1162 1792 1304 1842 ‘sene
1343 1792 1566 1858 Auqusto
1607 1792 1765 1843 Ianus
1801 1793 2009 1858 patefa-

183 1890 318 1950 ctu8‚
371 1885 486 1936 dum
533 1885 672 1950 apud
715 1890 966 1934 extremos
1023 1890 1279 1934 terrarum
1331 1883 1568 1934 terminos
1619 1898 1784 1934 novae
1838 1889 2008 1949 qentes

180 1991 335 2041 saepe
374 1992 440 2026 ex
473 1992 569 2026 usu
606 1982 652 2026 et
689 1975 959 2040 aliquando
1002 1972 1127 2026 cum'
1151 1975 1330 2025 damno
1368 1981 1706 2040 quaeruntur,
1748 1989 1908 2040 usque
1946 1975 2015 2025 ad

194 2065 492 2132 Vespasiani
528 2067 734 2118 duravit
764 2065 1058 2131 imperium.‘
1129 2065 1399 2130 Hucusque
1438 2066 1718 2117 Cornelius.

329 2158 463 2209 Haec
508 2158 683 2209 Taciti·
713 2158 868 2209 verba
923 2174 986 2209 ex
1034 2161 1178 2209 sexto
1227 2157 1561 2208 Historiarum
1612 2157 1743 2209 libro
1800 2157 2015 2210 Orosius

186 2249 453 2315 excerpsit.
524 2249 750 2300 Paratam
810 2249 940 2300 enim
996 2253 1045 2300 et
1103 2254 1332 2315 coeptam
1389 2248 1857 2316 Hierosolymorum
1906 2250 2014 2301 Tito

188 2340 316 2392 duce
352 2340 671 2392 obsidionem
706 2340 907 2391 Tacitus
946 2340 998 2390 in
1030 2341 1188 2406 quinti
1225 2340 1342 2391 libri
1380 2340 1629 2407 principio
1688 2355 1799 2391 cum
1853 2340 2017 2391 tradi-

189 2431 343 2496 derit,
394 2431 446 2481 in
482 2431 639 2482 altera
685 2430 910 2482 eiusdem
956 2435 1098 2496 parte
1145 2435 1388 2496 patratam
1427 2431 1715 2497 finitamque
1757 2435 1806 2482 et
1839 2431 2017 2482 urbem

190 2536 301 2572 cum
336 2521 517 2587 templo
558 2522 817 2573 incensam
861 2526 1101 2572 executus
1142 2526 1233 2573 est.
1299 2522 1400 2572 Iam
1434 2536 1562 2587 quae
1586 2526 1859 2573 consecuta
1886 2525 2017 2582 sunt,

189 2612 489 2678 triumphum
525 2612 824 2678 Vespasiani
863 2617 912 2664 et
943 2613 1036 2663 Titi
1069 2612 1172 2676 filii,
1206 2628 1383 2678 pacem
1420 2613 1573 2664 totius
1615 2613 1753 2664 orbis
1789 2627 2020 2679 pronun-

187 2703 375 2768 tiatam,
422 2704 591 2755 lanum
614 2703 836 2754 clausum
874 2704 924 2753 in
962 2708 1106 2755 sexto
1143 2703 1275 2755 libro
1314 2719 1525 2756 narrare
1548 2705 1750 2756 Tacitus
1779 2703 2018 2770 perrexit.

192 2795 404 2847 Orosius
440 2800 607 2846 tamen
648 2795 762 2845 dum
789 2795 1039 2846 Historias
1077 2795 1234 2846 Taciti
1274 2801 1464 2862 septem
1500 2794 1629 2847 locis
1662 2800 1746 2846 aut
1768 2795 2021 2861 excerpsit

192 2890 276 2936 aut
310 2886 532 2951 respexit
567 2891 616 2937 et
665 2900 757 2951 pro
811 2886 888 2937 sui
937 2886 1147 2937 instituti
1192 2888 1392 2938 ratione
1430 2886 1703 2955 diligenter
1752 2886 2018 2951 consuluit,

193 2975 326 3026 idem
365 2975 415 3025 in
455 2975 606 3026 rebus
641 2975 828 3027 Tiberii
863 2975 1072 3042 Gaique,
1111 2975 1306 3028 Claudii
1350 2993 1410 3029 ac
1434 2977 1657 3030 Neronis
1690 2977 1804 3041 (Vll
1834 2974 2018 3042 4—7)‚

195 3080 321 3132 quos
365 3065 644 3117 Annalibus
680 3066 880 3118 Tacitus
917 3067 1175 3133 amplexus
1216 3073 1321 3132 est,
1367 3068 1501 3119 hunc
1542 3069 1722 3120 ducem
1758 3072 1807 3120 et
1844 3072 2028 3118 aucto-

194 3171 300 3208 rem
339 3157 542 3208 omnino
579 3157 806 3225 neglexit
842 3164 890 3210 et
923 3158 1165 3210 Suetonio
1207 3173 1298 3210 suo
1335 3159 1486 3210 unice
1524 3159 1794 3225 acquievit.
1857 3158 1932 3209 Ne
1960 3171 2022 3207 eo

198 3248 397 3314 quidem
436 3249 552 3299 loco
594 3263 692 3314 quo
730 3250 1136 3316 persecutionem
1173 3249 1441 3317 religionis
1474 3249 1791 3300 Christianae
1828 3261 2026 3298 memo—

197 3342 276 3389 rat
325 3354 352 3388 a
400 3336 604 3390 Nerone
646 3344 875 3405 coeptam
923 3340 1038 3401 (Vll
1078 3341 1166 3405 7),
1226 3339 1327 3390 ulla
1373 3340 1529 3389 Taciti
1582 3338 1798 3402 mentio,
1859 3352 2024 3403 neque

198 3428 406 3480 verbum
445 3445 509 3480 ex
544 3428 772 3496 diligenti
809 3444 1084 3495 poenarum
1122 3430 1421 3481 Christianis
1471 3429 1807 3496 irrogatarum
1843 3443 2028 3479 narra-

201 3519 340 3571 tione
377 3520 599 3571 Tacitina
640 3520 758 3583 (XV
796 3518 892 3583 44)
932 3520 993 3570 ab
1034 3520 1219 3572 Orosio
1261 3519 1525 3571 delectum.
1603 3520 1711 3582 Qua
1747 3520 1799 3569 in
1835 3534 1892 3570 re
1923 3533 2026 3569 non

202 3615 303 3664 tam
356 3611 668 3680 negligentia
719 3611 891 3666 Orosii
945 3616 995 3664 et
1045 3610 1287 3664 socordia
1334 3611 1595 3680 arguenda
1642 3610 1763 3662 mihi
1807 3609 2025 3676 videtur,

1585 3702 1692 3737 aa*
