2280 4004
163 408 234 457 64

211 21 247 45 «ζ.
319 0 368 95 :f
473 9 502 27 n-
647 0 798 73 may*

251 274 276 304 a
312 259 359 306 c,
393 256 465 306 22.
825 256 991 300 LIBER
1019 253 1092 300 111.
1156 255 1262 301 cn.
1296 238 1486 303 62-65.
1984 235 2076 302 221ss

389 394 489 447 Sub
527 393 660 445 idem
694 396 886 458 tempus
916 391 1070 443 Iuliae
1097 391 1363 459 Augustae
1401 388 1624 442 valitudo
1663 393 1809 440 atrox
1841 389 2076 441 necessi-

250 485 472 536 tudinem
506 484 722 551 principi
767 484 887 535 fecit
916 484 1138 535 festinati
1174 483 1226 532 in
1265 483 1438 534 urbem
1478 482 1700 545 redituS,
1741 481 1942 532 sincera
1979 480 2074 531 ada

250 576 348 627 huc
407 577 539 626 inter
590 580 798 626 matrem
848 574 1099 640 filiumque
1145 573 1456 638 concordia,
1512 573 1620 624 sive
1661 571 1873 623 occultis
1921 571 2070 622 odiis.

249 667 423 732 Neque
464 666 596 717 enim
640 665 793 716 multo
846 670 992 729 ante,
1050 681 1159 715 cum
1203 665 1338 715 haud
1388 663 1566 730 procul
1617 663 1814 715 theatro
1847 662 2073 714 Marcelli

252 757 471 824 effigiem
512 756 630 807 divo
667 755 899 822 Augusto
937 755 1059 806 Iulia
1100 756 1312 820 dicaret,
1351 755 1539 806 Tiberii
1572 769 1757 806 nomen
1795 768 1888 806 suo
1927 754 2112 820 post—5

250 849 549 913 scripserat3
600 846 752 911 idque
788 846 872 897 ille
912 846 1244 910 credebatur,
1298 850 1351 896 ut
1385 845 1597 896 inferius
1633 846 1894 897 maiestate
1928 845 2077 910 prin-¹

251 938 402 1003 qipiS,
454 937 601 1003 gravi
656 940 704 986 et
759 935 1072 987 dissimulata
1120 935 1406 986 offensione
1463 936 1738 987 abdidisse.

1827 935 1924 988 Sed
1973 941 2072 986 tum

249 1027 492 1093 supplicia
543 1026 621 1077 dis
673 1026 879 1092 ludique
930 1026 1101 1092 magni
1156 1026 1217 1077 ab
1284 1031 1462 1077 senatu
1523 1026 1888 1091 decernuntur,
1946 1039 2073 1091 quos

247 1117 510 1184 pontifices
561 1122 610 1168 et
657 1131 877 1183 augures
926 1121 975 1168 et
1024 1116 1412 1181 quindecimviri
1451 1116 1830 1189 septemviris
1837 1116 1989 1183 simul
2025 1120 2075 1165 et
2108 1093 2150 1137 4

247 1208 505 1259 sodalibus
544 1206 909 1274 Augustalibus
964 1206 1190 1257 ederent.

246 1304 299 1349 nt
336 1299 532 1351 fetiales
573 1313 772 1364 quoque
810 1298 872 1348 iis
909 1297 1041 1348 ludis
1075 1297 1443 1363 praesiderent

1279 1184 1557 1257 Censuerat
1594 1206 1776 1257 Lucius
1816 1206 2072 1272 Apronius
2092 1199 2189 1256 ad

1519 1297 1834 1348 Contradixit
1865 1296 2070 1361 Caesar,

249 1390 485 1441 distincto
512 1389 917 1441 sacerdotiorum
940 1389 1050 1439 iure
1088 1394 1137 1439 et
1177 1388 1404 1453 repetitis
1434 1387 1701 1454 exemplis:
1742 1402 1907 1454 neque
1943 1388 2075 1439 enim

247 1494 463 1546 unquam
519 1479 772 1531 fetialibus
827 1479 927 1530 hoc
991 1479 1270 1530 maiestatis
1323 1479 1498 1530 fuisse.

1592 1479 1713 1529 Ideo
1766 1478 2074 1545 Augustales

249 1571 508 1636 adiectos,
566 1570 681 1636 quia
733 1570 991 1635 proprium
1044 1570 1153 1621 eius
1200 1569 1378 1620 domus
1428 1569 1767 1621 sacerdotium
1810 1574 1945 1621 esset
1980 1576 2077 1635 pro

162 1669 233 1718 65
249 1676 343 1727 qua
381 1666 498 1712 vota
533 1661 962 1727 persolverentur.

1037 1661 1233 1726 Exequi
1265 1661 1540 1712 sententias
1575 1660 1708 1712 haud
1749 1660 1938 1712 institui
1974 1659 2138 1711 nisit&

249 1753 475 1819 insignes
507 1767 597 1818 per
622 1752 887 1803 honestum
920 1757 1003 1803 aut
1029 1752 1238 1802 notabili
1271 1752 1528 1803 dedecore
1540 1769 1554 1815 3
1587 1751 1720 1818 quod
1747 1752 2071 1817 praecipuum

247 1858 422 1896 munus
464 1842 715 1894 annalium
754 1858 891 1907 reor,
934 1858 998 1894 ne
1032 1843 1244 1894 virtutes
1283 1842 1555 1907 sileantur,
1596 1848 1749 1909 utque
1781 1844 1952 1909 pravis
1991 1844 2074 1894 di-

247 1935 339 1985 ctis
382 1934 629 2000 factisque
669 1950 732 1986 ex
782 1935 1078 1999 posteritate
1134 1940 1183 1986 et
1235 1934 1439 1985 infamia
1480 1939 1639 2009 metus
1685 1935 1763 1985 sit.

1840 1935 2073 1986 Ceterum

249 2030 472 2090 tempora
511 2025 595 2075 illa
632 2024 761 2076 adeo
798 2024 987 2075 infecta
1027 2030 1075 2076 et
1105 2025 1394 2075 adulatione
1433 2025 1642 2075 sordida
1685 2025 1843 2089 fuere,
1881 2032 1934 2076 ut
1970 2041 2072 2076 non

248 2114 399 2165 modo
433 2115 683 2180 primores
721 2115 965 2179 civitatis,
1012 2115 1192 2180 quibus
1237 2116 1483 2166 claritudo
1527 2131 1616 2166 sua
1655 2116 1913 2182 obsequiis
1948 2133 2137 2183 pro-20

248 2206 466 2273 tegenda
499 2211 633 2270 erat,
674 2205 765 2258 sed
807 2221 980 2257 omnes
1019 2206 1344 2271 consulareS,
1401 2221 1584 2273 magna
1621 2222 1738 2272 pars
1780 2222 1953 2258 eorum
1992 2209 2076 2274 qui

360 2337 401 2379 5.
436 2336 561 2378 tiberi
591 2337 644 2379 Μ.

245 2456 406 2511 precip.
440 2455 494 2497 M.

303 2563 537 2618 propiora:
559 2568 625 2604 est
647 2563 785 2605 minus
807 2577 836 2605 a
859 2570 1008 2606 nostra
1026 2578 1118 2605 me-

249 2622 387 2662 moria
409 2628 590 2665 remota.
631 2621 681 2664 O.
704 2624 784 2666 21:
812 2622 989 2665 Asinius
1012 2637 1118 2678 quo-

250 2694 341 2735 que,
365 2694 615 2735 quamquam
634 2682 904 2737 propioribus
916 2685 1119 2738 tempori-

252 2740 324 2780 bus
343 2747 468 2781 natus
487 2743 554 2782 sit.
608 2739 878 2782 Contrarium
900 2748 965 2783 est
989 2741 1117 2783 altius

250 2798 303 2839 de
319 2798 800 2840 Hierocaesariensibus
819 2806 920 2842 ante
940 2800 1117 2841 dictum.

337 2870 420 2898 neu
458 2858 596 2912 specie
637 2858 859 2912 reliqionis
901 2860 948 2900 in
980 2859 1119 2900 ambi-

252 2915 406 2955 tionem
438 2914 764 2957 delaberemur:
796 2919 1118 2970 provinciarum

254 2974 387 3029 legati
419 2973 616 3030 singulos
647 2981 870 3017 senatores
890 2976 1119 3018 ambiendo

252 3032 398 3085 plnres
448 3045 596 3074 eorum
637 3034 718 3074 sibi
742 3033 1116 3088 conciliaverant,

252 3105 302 3132 ac
342 3097 571 3145 propterea
614 3093 870 3135 consulente
913 3094 965 3135 de
999 3095 1115 3136 cultu

253 3151 471 3191 numinum
504 3157 657 3192 senatu
687 3153 835 3194 studiis
856 3153 1115 3195 certabatur.

255 3207 346 3258 Qua
399 3210 441 3249 in
492 3222 538 3249 ie
586 3223 681 3250 cum
720 3211 842 3252 multi
893 3219 1116 3253 senatores

254 3265 558 3318 offendissent,
611 3269 654 3308 in
694 3276 868 3310 senatus
919 3271 1117 3311 consulto

227 3346 231 3376 l
255 3325 404 3365 moniti
436 3330 534 3365 sunt
551 3327 858 3380 provinciales,
893 3342 946 3369 ne
972 3331 1119 3382 specie

229 3379 482 3438 lieligionis
516 3384 729 3425 iuvandae
771 3392 994 3427 senatores
1027 3401 1120 3427 ειιιι-

230 3442 419 3483 bitione
479 3442 634 3498 (durch
682 3443 1024 3501 vastbultlerei)
1078 3446 1119 3484 in

255 3507 398 3555 partes
430 3513 528 3543 suas
561 3500 732 3542 tiahere
764 3501 1091 3543 contenderi-..nt

342 3558 445 3615 Cap.
479 3559 550 3603 64.
614 3560 854 3602 abdidisse:
895 3560 936 3602 h.
973 3575 1011 3602 e.
1055 3561 1124 3602 al-

257 3617 438 3663 titudine
471 3619 600 3663 animi
636 3619 957 3674 recondidisse;
1008 3619 1121 3664 conf.

710 2337 748 2381 7.
782 2337 857 2379 sed
887 2341 991 2394 tum]
1026 2345 1185 2380 sectum
1218 2339 1270 2381 M.
1336 2338 1376 2381 9.
1403 2338 1704 2392 quidecemviri
1726 2339 1778 2380 M.

254 2397 319 2438 ll.
355 2396 517 2451 fetialis
539 2396 591 2450 M,
616 2402 658 2439 et
678 2397 720 2439 4.
753 2397 987 2452 fetialibus,
1021 2409 1108 2438 non
1139 2396 1286 2452 fecial.
1356 2399 1423 2441 13.
1446 2412 1557 2453 umq.
1582 2398 1637 2440 M.

1848 2339 1914 2382 10.
1940 2338 1988 2380 L.
2018 2339 2072 2381 M.

1708 2398 1775 2440 16.
1811 2405 1998 2440 onestum
2019 2399 2074 2440 M.

1203 2563 1256 2605 ad
1298 2563 1316 2605 I
1355 2565 1379 2606 7
1429 2571 1537 2607 extr.
1585 2564 1874 2620 Arrogantiae
1926 2565 2076 2607 Liviae

1202 2623 1399 2665 meminit
1431 2625 1560 2666 etiam
1590 2623 1673 2664 Dio
1706 2623 1819 2665 LVII
1854 2626 1921 2666 12.

1292 2684 1554 2738 septemviris
1596 2683 1744 2724 simul:
1789 2683 1915 2724 simul
1957 2695 2075 2724 nove
2112 2673 2117 2680 ’

1203 2741 1364 2782 dictum
1398 2742 1550 2783 eodem
1594 2742 1822 2783 intellectu
1862 2754 1947 2797 quo
1986 2755 2102 2800 una:

1203 2815 1310 2842 cum.
1376 2799 1502 2843 Conf.
1534 2801 1593 2842 IV
1633 2802 1712 2844 55:
1749 2801 2005 2841 Laodicenis
2038 2807 2076 2842 et

1205 2859 1473 2914 Magnetibus
1510 2860 1648 2902 simul.
1716 2859 1771 2901 Vl
1806 2860 1858 2901 9:
1909 2863 2075 2901 Scauro

1205 2917 1425 2959 Mamerco
1457 2919 1582 2960 simul
1612 2933 1666 2960 ac
1685 2919 1845 2960 Sabino
1871 2918 2073 2960 Calvisi&

1205 2977 1323 3018 llaec
1356 2991 1379 3018 e
1411 2990 1612 3019 sermone
1645 2984 1870 3032 poetarum
1904 2979 1946 3018 in
1980 2978 2075 3018 An..
2106 3019 2109 3029 ἒ

1202 3035 1373 3077 nalibus
1407 3050 1536 3078 ausus
1570 3043 1658 3090 est,
1707 3049 1794 3077 non
1837 3039 1879 3077 in
1916 3038 2075 3077 ceteris
2104 3037 2113 3090 ζ

1202 3095 1377 3148 scriptis
1410 3097 1514 3137 suis.

1292 3151 1395 3206 Cap.
1420 3154 1491 3195 65.
1541 3155 1690 3206 exequi
1711 3154 1969 3194 sententias:
1993 3151 2076 3192 hoc

1204 3211 1465 3265 aliquotiens
1499 3224 1593 3252 cum
1627 3218 1727 3251 ante
1762 3214 1823 3265 (c.
1846 3211 1903 3252 64
1921 3216 1963 3250 et
1991 3211 2070 3265 57)

1206 3269 1398 3321 fecisset,
1419 3282 1533 3310 nunc
1553 3269 1755 3310 admonet
1776 3282 1860 3323 quo
1891 3268 2074 3309 consilio

1206 3332 1248 3367 et
1280 3339 1364 3380 quo
1403 3327 1595 3368 adhibito
1638 3333 1979 3380 temperamento
2035 3325 2076 3368 id

1207 3386 1479 3427 instituisset.

1277 3445 1385 3497 quod
1397 3445 1671 3500 praecipuum
1691 3459 1838 3486 mimus
1855 3446 2077 3486 ramalium

1208 3516 1328 3543 reor:
1364 3503 1415 3543 (le
1451 3502 1532 3543 hoe
1560 3503 1655 3544 loco
1682 3517 1721 3544 v.
1742 3503 2076 3547 Praefationein.

1300 3561 1405 3602 adeo
1437 3562 1601 3618 insecta
1633 3570 1670 3604 et
1703 3562 1948 3604 adulatione
1980 3577 2078 3605 sor-

1209 3620 1333 3663 dida.-
1364 3619 1604 3667 'l'heodisce
1636 3636 1680 3667 so
1714 3621 1812 3666 sehr
1836 3622 2079 3682 anqesteckt

2194 1079 2220 1097 ‘t

2150 1091 2211 1136 '‘fy
2270 1113 2280 1137 ἕ
