2280 4004
131 1442 201 1492 21
216 1440 352 1492 ritati
392 1445 440 1492 et
472 1439 706 1491 inscitiae
741 1439 996 1506 propiora.

218 297 248 330 α’
274 284 327 330 G.
358 287 430 332 55.

791 285 956 330 LIBER
986 283 1096 329 XIII.
1159 283 1266 330 Gn.
1307 285 1494 332 19-21.

1945 288 2033 332 129

221 432 490 484 Caecinam
519 432 734 485 Tuscum
769 430 1052 496 codicilloS,
1093 430 1329 482 mandata
1361 430 1408 482 ei
1443 429 1811 498 praetoriarum
1849 431 2043 484 cohor-

219 524 341 576 tium
395 539 545 590 cura,
600 524 693 576 sed
756 538 851 590 ope
887 523 1116 576 Senecae
1169 522 1516 590 dignationem
1564 523 1725 575 Burro
1773 528 2038 576 retentam.

218 615 406 667 Plinius
449 621 498 668 et
534 615 736 667 Cluvius
787 615 915 665 nihil
956 614 1233 665 dubitatum
1280 614 1343 665 de
1382 614 1481 666 fide
1515 615 1762 681 praefecti
1796 615 2039 668 referunt.

219 707 351 761 Sane
375 708 558 759 Fabius
591 707 802 758 inclinat
844 706 909 757 ad
946 706 1123 757 laudes
1146 706 1390 772 Senecae,
1419 708 1560 758 cuius
1600 707 1821 759 amicitia
1855 707 2041 760 floruit.

216 801 322 852 Nos
365 815 670 852 consensum
709 803 969 850 auctorum
1008 798 1250 864 secuturi,
1294 812 1423 864 quae
1465 799 1667 852 diversa
1705 800 2081 868 prodiderint,5
2116 816 2117 819 ’

218 893 311 944 sub
350 891 637 943 nominibus
685 891 909 956 ipsorum
944 890 1217 941 trademus,

1307 890 1444 942 Nero
1483 891 1737 957 trepidus,
1795 897 1845 944 et
1880 893 2045 945 inter-

219 982 467 1035 ficiendae
503 982 676 1033 matris
715 981 910 1046 avidus,
953 996 1058 1032 non
1090 981 1227 1047 prius
1264 980 1457 1032 differri
1485 983 1646 1047 potuit
1683 997 1830 1048 quam
1854 984 2043 1037 Burrus

214 1089 392 1126 necem
421 1074 528 1125 eius
555 1073 884 1140 promitteret,
912 1073 956 1124 si
988 1072 1234 1123 facinoris
1264 1078 1655 1139 coargueretur:
1695 1074 1787 1125 sed
1815 1075 2046 1127 cuicum-

217 1179 331 1231 que,
361 1165 545 1216 nedum
577 1164 791 1231 parenti,
822 1164 1172 1215 defensionem
1203 1163 1549 1228 tribuendam3
1585 1179 1681 1216 nec
1715 1172 2043 1219 accusatores

219 1256 433 1322 adesse,
476 1256 567 1308 sed
604 1270 788 1307 vocem
823 1255 971 1307 unius
1013 1271 1077 1306 ex
1107 1254 1314 1306 inimica
1352 1255 1504 1306 domo
1546 1255 1752 1306 adferri.

1825 1257 2040 1325 Refugi-
2060 1274 2108 1312 ιο

216 1352 325 1399 tare
361 1348 598 1399 tenebras
641 1352 691 1399 et
725 1347 986 1414 vigilatam
1025 1346 1263 1398 convivio
1301 1350 1529 1411 noctem,
1574 1346 1842 1413 omniaque
1879 1353 2043 1400 teme-

338 1595 376 1637 1.
410 1594 605 1636 cecinam
636 1591 716 1636 Ma.

215 1651 352 1694 nichil
380 1651 462 1697 Ma.

216 1712 331 1754 unde
363 1715 434 1768 qui
462 1713 591 1766 ABR,
624 1726 731 1768 quae
764 1712 811 1755 G.

216 1772 290 1828 aff.
326 1770 398 1815 Or.

211 1913 383 1958 premo,
427 1900 537 1942 sicut
577 1901 625 1942 in
663 1901 788 1943 rebus
832 1901 921 1943 eius
951 1915 1084 1958 empo-

216 1961 388 2003 suimus.
464 1959 547 2004 106
591 1960 670 2003 sub
724 1960 882 2002 finem:
941 1975 1088 2003 amnes

216 2025 331 2061 retro
373 2020 504 2075 [luere
547 2026 586 2061 et
625 2027 776 2062 nostra
812 2020 918 2063 vidit
966 2028 1089 2062 aetas

219 2079 406 2120 Neronis
441 2080 655 2135 principis
695 2080 823 2121 annis
865 2082 1086 2135 supremis,

217 2138 326 2179 sicut
356 2139 404 2179 in
434 2139 559 2180 rebus
593 2140 682 2180 eius
712 2138 961 2181 rettulimus.
1020 2137 1085 2180 Cf.

216 2196 350 2239 Tacit.
385 2197 463 2239 XV
495 2198 567 2241 53.
604 2198 656 2240 Η.
676 2197 737 2239 111
767 2198 825 2242 28
863 2203 907 2240 et
937 2204 1085 2240 annot.

219 2255 273 2298 ad
302 2255 322 2297 Ι
351 2255 422 2299 69.

309 2315 508 2357 Cluvius:
547 2316 704 2357 iterum
745 2313 799 2357 ad
831 2315 948 2357 hunc
979 2328 1085 2370 pro-

218 2380 348 2416 vocat
389 2374 490 2416 xlv
521 2376 563 2419 2.
627 2375 712 2418 Sed
748 2376 887 2417 virum
923 2387 1086 2416 consu-

218 2433 353 2476 larem
378 2432 580 2476 Cluvium
602 2434 777 2487 Rufum,
805 2434 1086 2490 eloquentiae

218 2492 347 2534 laude
380 2493 645 2535 celebratum
666 2494 717 2535 H.
742 2493 802 2535 IV
825 2494 884 2536 43
911 2494 1086 2551 (eodem

217 2557 386 2622 spectat
418 2553 468 2595 H.
493 2552 560 2595 18
593 2554 662 2594 vir
695 2553 910 2609 facundus
940 2560 979 2594 et
1000 2567 1086 2610 pa-

218 2613 279 2653 cis
321 2613 505 2666 artibus,
558 2612 677 2654 bellis
719 2613 1087 2671 ineoepettus)‚

217 2670 364 2712 'lacito
419 2684 638 2728 nunquam
689 2673 775 2713 nisi
821 2672 1085 2728 cognomine

217 2729 394 2772 addito
417 2731 636 2773 laudatum
691 2734 758 2787 (v.
803 2729 895 2772 Ind.
939 2730 1084 2786 hist),

218 2789 334 2831 hunc
374 2801 518 2832 rerum
563 2803 660 2832 esse
707 2791 964 2844 scriptorem
998 2801 1084 2831 non

217 2850 458 2892 verisimile
490 2849 677 2891 videtur.
731 2850 822 2890 Viri
843 2849 1085 2891 consularis

218 2909 414 2950 meminit
445 2911 707 2964 cognomine
741 2907 855 2949 haud
876 2908 1084 2964 neglecto

218 2967 451 3010 Suetonius
499 2970 545 3008 in
593 2967 765 3009 Nerone
814 2969 868 3010 21
909 2974 953 3008 et
1001 2966 1084 3008 Dio

218 3026 331 3080 apud
364 3026 633 3081 Xiphilinum
654 3026 787 3067 LXlll
814 3028 880 3073 14.
926 3025 1086 3067 Contra

220 3085 415 3126 historici
454 3088 719 3127 mentionem
752 3086 919 3138 iniicit,
961 3085 1084 3126 nullo

219 3150 456 3186 memorato
493 3145 771 3201 cognomine,
804 3151 852 3185 ut
873 3144 987 3198 apud
1001 3143 1085 3185 Ta-

222 3203 378 3255 citum,
428 3203 593 3245 Plinius
624 3203 764 3257 Epist.
797 3202 850 3244 lx
888 3203 965 3256 19,
1010 3203 1085 3244 ubi

222 3260 403 3303 Cluvius
425 3261 534 3303 haec
555 3262 727 3303 locutus
749 3262 954 3304 traditur:
986 3263 1083 3314 scis,

230 3319 420 3376 Vergini,
449 3334 554 3374 quae
578 3321 784 3362 historiae
797 3321 901 3375 fides
928 3320 1086 3361 debea-

222 3385 303 3421 tur.
369 3378 552 3420 Proinde
593 3380 632 3420 si
673 3379 772 3434 quid
811 3380 858 3420 in
896 3379 1086 3420 historiis

219 3439 323 3480 meis
373 3438 477 3494 le9is
528 3438 657 3480 aliter
695 3451 750 3480 ac
798 3438 932 3491 velis,
980 3450 1084 3493 royo

219 3498 432 3553 ignoscas.

308 3558 546 3612 refuqitare
579 3557 775 3599 tenebras
804 3563 843 3597 et
864 3555 1086 3610 viqilatam

220 3617 415 3658 ’convivio
437 3624 625 3658 noctem.-
657 3616 766 3659 haec
784 3615 838 3657 de
854 3627 933 3657 sua
954 3615 1085 3656 animi

220 3677 438 3720 sententia
489 3676 651 3721 Burrus
700 3676 832 3730 dicit,
883 3679 932 3717 ut
970 3674 1085 3718 Nero

310 3770 459 3810 Tacitus
484 3774 531 3812 11.

829 1595 859 1638 2
891 1598 934 1634 et
963 1596 1005 1636 4.
1037 1606 1188 1634 senece
1222 1590 1300 1634 Ma.

554 1654 594 1696 5.
628 1653 818 1695 secuturi
836 1651 951 1705 GMa,
983 1653 1118 1694 secuti
1147 1653 1257 1708 Reg.

904 1712 945 1756 6.
980 1712 1272 1766 interficiende
1302 1710 1384 1755 Ma.

489 1773 728 1829 refuqitare
762 1771 928 1814 editor:
963 1771 1139 1814 codices
1171 1774 1381 1827 refutare.

1070 1438 1156 1492 Sic
1188 1438 1342 1490 lenito
1386 1438 1629 1505 principis
1657 1443 1808 1505 metu,
1845 1444 1894 1491 et
1927 1440 2045 1493 luce

1404 1593 1446 1636 3.
1483 1591 1655 1634 Cluvius
1684 1590 1776 1634 Ma:
1811 1591 1844 1635 G
1876 1594 2039 1637 cliv-ius.

1349 1665 1374 1707 q
1412 1665 1510 1693 cum
1540 1651 1708 1693 lineola
1739 1658 1934 1697 traversa
1957 1652 2039 1707 Ma,

1457 1712 1500 1755 8.
1535 1713 1770 1767 cuicunque
1801 1711 1874 1755 Or.
1971 1715 2038 1758 10.

1169 1899 1271 1941 inde
1311 1904 1433 1953 petat
1480 1899 1597 1955 quod
1637 1899 1857 1952 imitetur3
1910 1898 2039 1941 simul

1167 1961 1236 2001 vir
1268 1960 1414 2015 gravis
1449 1958 1597 2014 eloqui
1639 1959 1893 2000 reformidat
1925 1959 2042 2014 quod

1169 2018 1388 2060 audientis
1422 2024 1466 2060 et
1508 2018 1700 2074 legentis
1743 2031 1866 2060 mens
1906 2018 2041 2060 facile

1167 2077 1358 2131 supplet,
1392 2078 1449 2119 ad
1464 2078 1546 2118 hoc
1566 2079 1741 2132 facinus
1757 2078 2036 2134 patrandum.

1168 2136 1410 2179 'l‘heodisce
1473 2144 1736 2178 convertas:
1807 2137 2039 2178 besondere

1167 2196 1310 2238 Scheu
1339 2196 1448 2238 habe
1480 2211 1528 2238 er
1558 2210 1636 2237 vor
1661 2197 1919 2238 Finsterniss
1949 2197 2039 2238 und

1168 2257 1289 2296 eine-r
1356 2255 1640 2297 schmausend
1706 2255 2039 2298 durchwachten

1168 2315 1334 2368 Nacht,
1376 2315 1466 2356 und
1520 2314 1627 2356 alles
1681 2315 1780 2357 sehe
1821 2316 1877 2367 ja
1921 2316 2038 2357 nach

1175 2373 1544 2416 Unbesonnenheit
1592 2374 1681 2415 und
1730 2373 2038 2416 Unwissenheit

1166 2447 1258 2475 aus.
1324 2433 1469 2475 Verba
1520 2434 1747 2488 omniaque
1807 2435 2038 2476 temeritati

1169 2500 1208 2535 et
1239 2493 1437 2534 inscitiae
1467 2494 1678 2549 propiora
1711 2494 1953 2546 respiciunt
1985 2507 2037 2536 ea

1167 2565 1279 2608 quae
1325 2552 1471 2594 delata
1513 2559 1634 2594 erant
1679 2552 1733 2593 ad
1778 2553 2035 2607 principem.

1168 2613 1434 2655 Structuram
1486 2611 1707 2666 explicavi
1756 2611 1810 2652 ad
1859 2610 1918 2654 ΙΙΙ
1961 2612 2035 2656 40.

1167 2672 1212 2714 Si
1244 2677 1442 2713 tenemus
1475 2674 1684 2726 refutare,
1718 2677 1765 2711 ut
1797 2672 1931 2712 estin
1958 2684 2038 2712 co..

1168 2730 1352 2783 dicibus,
1386 2744 1564 2787 gravem
1587 2731 1868 2772 obscuritatis
1890 2736 2038 2772 notam

1167 2790 1240 2831 hic
1271 2797 1421 2832 noster
1454 2803 1542 2830 non
1575 2791 1773 2846 effugiet.
1835 2789 1884 2831 Id
1914 2789 2037 2831 Hue-

1166 2850 1252 2890 tius
1285 2851 1350 2891 sic
1382 2849 1579 2903 accepit:
1613 2849 1816 2891 tenebras
1851 2855 1894 2891 et
1916 2850 2038 2905 vigi.-

1167 2908 1297 2949 latam
1329 2910 1536 2950 convivio
1570 2915 1744 2950 noctem
1763 2908 1955 2950 refutare
1986 2921 2040 2950 ac

1165 2969 1353 3010 reiicere
1393 2973 1437 3009 et
1466 2968 1675 3010 indicium
1716 2974 1800 3009 tam
1845 2980 2038 3022 praepo-

1167 3033 1284 3068 stero
1309 3033 1507 3081 tempore
1530 3040 1608 3082 per
1624 3027 1804 3069 insidias
1821 3040 1873 3068 ac
1890 3027 2037 3069 dolum

1166 3086 1326 3127 malum
1358 3087 1521 3128 factum
1558 3093 1602 3128 et
1634 3099 1762 3127 omne
1805 3087 2037 3127 consilium

1167 3145 1245 3186 tali
1289 3159 1344 3187 ex
1385 3146 1549 3186 indicio
1593 3151 1780 3198 captum.
1845 3145 1930 3186 Sed
1960 3158 2037 3184 re-

1166 3207 1310 3258 futare
1359 3203 1473 3257 apud
1512 3202 1704 3244 Tacitum
1744 3215 1888 3257 neque
1920 3202 2037 3244 idem

1167 3261 1288 3303 valet
1319 3274 1507 3317 unquam
1540 3262 1653 3316 quod
1675 3262 1875 3314 reiicere,
1891 3274 2036 3316 neque

1168 3321 1390 3361 notionem
1439 3320 1658 3362 refutandi
1708 3326 1752 3362 et
1805 3321 2037 3362 reiiciendi

1169 3378 1402 3432 complecti
1434 3384 1601 3433 potest,
1646 3386 1689 3421 et
1729 3378 1949 3421 obiectum
1981 3378 2035 3420 ab

1168 3438 1326 3479 Huetio
1366 3438 1614 3491 suppletum
1662 3439 1837 3479 omnino
1895 3438 2034 3480 deest.

1166 3496 1319 3551 Neque
1373 3509 1480 3539 vero
1529 3496 1712 3553 vigiliae
1752 3497 1938 3539 Neronis
1992 3503 2037 3539 et

1169 3556 1418 3597 convivium
1479 3557 1671 3598 refutare
1734 3563 1915 3611 possunt
1964 3557 2037 3597 in..

1168 3614 1328 3656 dicium
1384 3615 1563 3660 allatum
1617 3629 1671 3657 ex
1732 3616 1819 3658 alia
1881 3616 2036 3671 domo,

1166 3674 1242 3716 ubi
1292 3674 1443 3720 eadem
1488 3687 1577 3718 non
1644 3675 1867 3722 celebrata
1919 3681 2036 3722 sunt.

1676 3757 1710 3815 9
