2280 4004
236 1719 297 1759 us
315 1712 473 1764 daret.

314 291 407 337 1ae

1009 327 1012 331 .
1078 287 1372 334 nmmum

1888 309 1929 340 ω.
1955 297 2006 342 ἢ.
2028 293 2141 343 811.

319 431 745 488 dissuaderetve‘?
812 431 992 485 Licere
1027 433 1286 500 patribus,
1344 435 1578 501 quotiens
1613 429 1693 489 ius
1732 434 1985 492 dicendae
2006 450 2145 492 sen-

315 526 506 578 tenti-ae
541 522 886 590 accepissent,
927 538 1055 591 quae
1090 525 1281 577 vellent
1317 539 1616 592 expromere
1651 528 2053 597 relationemm
2081 528 2143 582 ‘in

315 631 376 668 ea
410 615 684 682 postulare.

777 615 860 668 An
898 616 1061 667 solum
1111 617 1467 671 emendatione
1517 618 1724 687 dignum
1772 635 1838 673 ne
1874 619 2142 688 Syracusis

314 706 605 771 spectacula
627 706 825 774 vlargius
851 707 1167 774 ederentur?
1211 708 1392 760 Cetera
1419 723 1512 776 per
1547 723 1723 763 omnes
1750 711 1948 778 imperii
1967 716 2142 778 ‘partes

264 797 527 864 sperinde
580 799 796 866 egregia
854 813 1001 864 quam
1051 800 1098 851 si
1154 814 1258 851 non
1306 801 1442 852 Nero
1498 801 1590 853 sed
1637 802 1861 855 Thrasea
1907 803 2143 871 regimen

312 898 491 941 eorum
516 889 753 941 teneret?
793 889 986 951 Quodsi
1009 904 1204 942 summa
1232 891 1636 944 dissimulatione
1668 893 2143 960 transmitterentur,

313 986 500 1048 quanto
531 981 698 1049 magis
732 981 967 1033 inanibus
997 981 1388 1035 abstinendum?
1423 983 1644 1035 Thrasea
1674 988 1868 1050 contra,
1894 984 2144 1037 rationem

298 1072 641 1139 poscentibus
699 1072 908 1139 amicis,
970 1088 1073 1124 non
1122 1074 1464 1140 praesentium
1519 1075 1752 1142 ignarum
1797 1075 2143 1142 respondebat

307 1164 565 1216 eiusmodi
604 1163 834 1216 consulta
874 1164 1157 1232 corrigere,
1197 1165 1290 1216 sed
1325 1171 1520 1232 patrum
1557 1164 1742 1217 honori
1768 1165 1910 1231 dare,
1943 1171 2002 1217 ut
2031 1179 2145 1218 ma·-

236 1265 298 1303 v{uo
311 1256 548 1309 nifestum
587 1256 731 1309 fieret
784 1271 1080 1324 magnarum
1125 1270 1295 1308 rerum
1348 1272 1520 1308 curam
1574 1271 1680 1308 non
1714 1257 2140 1324 dissimultatum,

313 1349 396 1415 qui
432 1347 650 1399 animum
689 1348 839 1400 etiam
874 1347 1148 1399 levissimis
1187 1336 1544 1399 adverterent(

451 1439 645 1491 Eodem
681 1454 814 1491 anno
854 1438 1049 1491 crebris
1085 1437 1257 1504 populi
1294 1438 1721 1506 flagitationibus,
1772 1439 2227 1494 immodestiamffl

310 1529 695 1597 publicanorum
734 1531 1024 1597 arguentis,
1083 1529 1329 1581 dubitavit
1364 1531 1500 1582 Nero
1534 1545 1605 1582 an
1646 1536 1826 1583 cuncta
1869 1531 2143 1600 vectigalia

309 1621 473 1674 omitti
510 1621 737 1687 iuberet,
792 1621 945 1687 idque
991 1620 1381 1687 pulcherrimum
1419 1621 1605 1672 donum
1645 1623 1823 1690 generi
1858 1622 2143 1675 mortalium

550 1713 650 1766 Sed
686 1713 924 1779 impetum
959 1713 1096 1777 eius,
1132 1712 1338 1764 multum
1376 1713 1517 1779 prius
1557 1713 1759 1765 laudata
1797 1714 2144 1782 magnitudine

312 1804 484 1870 animi,
524 1805 772 1856 attinuere
815 1809 1099 1869 senatoreS,
1141 1804 1526 1855 dissolutionem
1562 1804 1760 1870 imperii
1794 1804 2060 1871 docende,
2097 1805 2142 1857 si

309 1893 503 1948 fructus
531 1895 715 1962 quibus
754 1911 838 1947 res
874 1896 1077 1962 publica
1116 1895 1450 1947 sustin-eretur
1480 1895 1921 1947 deminuerentur:
1959 1895 2142 1964 quippe

310 1985 522 2040 sublatis
557 1986 800 2053 portoriis
827 2000 1050 2052 sequens
1080 1991 1133 2037 ut
1155 1986 1456 2038 tributorum
1483 1986 1691 2038 abolitio
1719 1977 2140 2054 expostularetur.

432 2127 503 2171 12.
534 2126 823 2183 flagitionibus
856 2125 943 2169 Ma:
979 2125 1012 2168 G
1042 2127 1391 2184 flagitationibus.

564 2187 911 2229 deminuerentur
941 2185 1021 2241 Ma,
1055 2188 1395 2230 dianinuerentur
1418 2185 1476 2228 ‡G.

299 2199 351 2243 p.
387 2185 469 2229 Ma.

414 2314 519 2371 Gap.
567 2317 641 2360 50.
719 2324 876 2359 cuncta
927 2316 1182 2373 vectiyalia:

308 2376 551 2432 vectigalia
587 2376 692 2417 dicit
736 2390 848 2432 quae
881 2378 1057 2431 proprie
1100 2390 1185 2419 vo-

311 2442 487 2489 cantur3
519 2436 674 2477 eadem
689 2449 793 2477 -mox
810 2438 1009 2492 portoria
1028 2436 1184 2492 (Zc'i‘lle,

306 2498 505 2552 pc'ayes).
571 2494 693 2546 Quae
735 2495 978 2537 succedunt
1011 2496 1184 2549 tributa,

309 2561 410 2596 sunt
453 2567 565 2608 quae
610 2568 664 2595 ex
706 2555 901 2597 decumis
944 2557 1036 2611 agri
1080 2568 1185 2609 pro-

309 2613 514 2654 vincialis
557 2625 760 2669 quaeque
808 2627 863 2655 ex
905 2616 1080 2668 pascuis
1113 2620 1186 2656 aut

307 2672 542 2726 stipendiis
574 2672 782 2714 redirent.
832 2671 888 2713 Et
919 2675 1113 2726 portoria
1142 2680 1186 2714 et

312 2732 517 2774 decumas
551 2737 595 2774 et
623 2744 787 2786 pascua
830 2733 1068 2774 societates
1100 2746 1185 2787 pu-

311 2791 584 2833 blicanorum
646 2791 862 2834 redimere
913 2797 956 2833 et
1004 2793 1185 2848 exigere

310 2850 526 2893 solebant.
561 2848 801 2907 Utrumque
823 2856 1080 2906 quaestuum
1101 2865 1185 2907 ge-

310 2922 392 2951 nus
428 2910 708 2951 coniunctum
741 2910 759 2951 I
794 2912 875 2952 11:
921 2911 1080 2953 tributa
1112 2918 1186 2952 aut

310 2968 555 3024 vectigalia.
677 2983 888 3024 sequens.-
929 2970 1068 3011 forma
1100 2971 1185 3011 mi-

311 3041 393 3070 nus
427 3028 608 3084 vulgata
639 3029 777 3070 utitur
808 3040 886 3084 pro
922 3043 1186 3084 >consequens

277 3107 279 3110 ·
311 3088 385 3134 vel
418 3089 745 3132 consectarium..

408 3148 506 3190 acri
535 3148 664 3190 etiam
697 3147 846 3205 populi
882 3148 1070 3190 Romani
1101 3153 1186 3189 tum

262 3230 269 3239 ·
310 3205 539 3250 libertate.-
595 3206 688 3248 noli
745 3219 841 3249 cum
890 3206 1044 3249 Ursino
1091 3208 1187 3248 aere:

313 3268 443 3309 etiam
473 3274 561 3309 tum
591 3279 835 3321 reponere:
868 3280 967 3308 nam
1001 3266 1085 3308 hoc
1110 3279 1186 3307 re-

314 3332 442 3381 cepto
490 3332 716 3367 senatores
771 3326 1049 3382 significant,
1101 3327 1185 3367 iam

313 3399 400 3427 non
458 3398 556 3427 esse
604 3398 749 3428 acrem
800 3385 951 3439 populi
1002 3386 1185 3427 Romani

312 3445 588 3498 libertatem,
644 3444 760 3500 quod
819 3458 963 3489 coram
1011 3444 1186 3486 Nerone

311 3505 598 3558 pronuntiare
638 3516 767 3545 nemo
810 3504 1021 3556 uudebat3
1064 3504 1120 3545 cf.
1168 3502 1186 3543 I

311 3565 354 3605 3.
391 3564 605 3620 Vulgata,
652 3576 764 3618 quae
800 3570 866 3605 cst
914 3565 957 3603 in
990 3561 1094 3604 BMa
1127 3561 1186 3617 (G

309 3635 365 3662 ac
387 3623 515 3663 etiam
542 3635 641 3678 pop.
675 3623 799 3664 Rom.
834 3636 927 3664 cum
954 3622 1067 3678 liu),
1100 3621 1184 3662 hoc

311 3679 442 3736 dicit,
476 3687 519 3724 et
551 3680 656 3724 olim
688 3681 825 3725 fuisse
861 3688 904 3725 et
934 3694 1050 3724 nunc
1084 3693 1181 3726 esse

1481 2127 1735 2169 innnodestiae
1764 2120 1845 2169 Ma·
1972 2120 2041 2171 137,
2073 2135 2143 2170 res

1271 2330 1415 2359 acrem
1447 2329 1488 2371 p.
1525 2316 1578 2358 R.
1610 2315 1872 2358 libertatem.
1930 2307 2028 2356 Boe
2070 2312 2141 2357 di-

1273 2389 1405 2433 gnum
1440 2381 1506 2418 est
1537 2381 1691 2418 senatu
1723 2374 1844 2416 illius
1866 2374 2050 2416 aetatis.

1355 2435 1516 2492 plane.-
1555 2435 1786 2491 eleganter
1811 2445 1890 2488 per
1902 2431 2140 2487 tancwar-

1271 2495 1450 2537 ticulam
1491 2508 1623 2548 saepe
1655 2495 1716 2535 ita
1748 2506 1837 2535 rem
1878 2491 2140 2544 concedunt,

1271 2561 1318 2595 ut
1364 2553 1484 2609 vquod
1533 2559 1698 2609 negant
1741 2559 1953 2595 concesso
1991 2550 2139 2594 altero

1271 2614 1413 2655 lenire
1454 2613 1609 2654 velint.
1674 2611 1741 2655 Of.
1793 2617 1942 2653 annot.
1972 2609 2036 2653 ead
2076 2608 2140 2652 ³11

1271 2674 1351 2715 34:
1386 2672 1499 2713 bella
1524 2671 1659 2727 plane
1690 2670 1898 2712 accinctis
1929 2668 2138 2711 o'bewnda.

1346 2729 1451 2784 Cap.
1477 2731 1548 2773 51.
1608 2732 1806 2784 cuiusque
1833 2728 2021 2786 publici:
2053 2740 2141 2783 pu-

1270 2789 1434 2832 blicum
1479 2795 1546 2832 est
1591 2784 1642 2834 ἰὸ
1688 2788 1943 2848 δημόσιον,
1993 2787 2140 2829 omnia

1271 2862 1384 2905 quae
1415 2862 1486 2891 res
1517 2849 1695 2903 publica
1725 2847 1948 2903 postulare
1974 2851 2022 2889 οἳ
2041 2845 2139 2888 exi-

1271 2922 1378 2965 gere
1428 2920 1507 2951 suo
1559 2909 1653 2950 iure
1706 2913 1864 2963 potest.
1927 2907 2139 2960 auu-que

1271 2968 1404 3021 addit,
1437 2974 1485 3008 ut
1517 2969 1646 3010 etiam
1677 2967 1836 3009 tributa
1865 2965 2139 3021 complecta·-

1270 3033 1353 3070 tur.
1417 3027 1483 3069 De
1530 3027 1707 3069 nomine
1749 3027 1806 3069 cf.
1839 3024 2138 3068 Foroeflinius

1270 3100 1305 3129 s.
1328 3099 1370 3129 v.
1390 3087 1598 3143 publicus.
1638 3085 2015 3142 proscriberentur
2027 3083 2138 3126 bre-

1270 3146 1386 3189 viter
1416 3146 1579 3188 dictum
1613 3151 1679 3188 est
1699 3157 1776 3201 pro
1805 3145 1970 3201 scriptu
1996 3142 2138 3201 putu-

1273 3212 1492 3249 curentur.

1359 3278 1466 3307 veno
1501 3271 1776 3307 exercerent:
1820 3263 1876 3306 ob
1914 3262 2026 3306 haec
2054 3272 2135 3302 ue*-

1271 3326 1392 3381 gotia
1425 3329 1546 3366 extra
1588 3323 1784 3367 ordinem
1825 3322 2015 3365 exercita
2040 3320 2135 3372 Sy·-

1270 3386 1363 3426 riae
1405 3384 1568 3426 milites
1603 3398 1639 3427 c.
1672 3384 1728 3427 35
1771 3382 1901 3424 nitidi
1928 3386 1970 3422 et
2001 3389 2134 3433 quae-

1270 3444 1403 3485 stuosi
1435 3445 1727 3484 nominantur.

1351 3502 1525 3544 abolitio
1548 3501 1898 3556 quadraqesimae
1922 3495 2133 3551 quinqua-

1269 3564 1562 3617 9esim'aeque:
1609 3560 1723 3616 quod
1755 3558 1858 3599 dicit
1888 3554 2134 3610 quadrage-

1269 3622 1402 3663 simae
1424 3620 1873 3676 quinquaqesimaeque
1902 3614 1984 3656 hoc
1999 3612 2134 3665 valet,

1270 3681 1314 3721 in
1358 3680 1456 3723 aliis
1498 3678 1608 3723 locis
1651 3690 1703 3721 ac
1740 3673 1979 3731 provinciis
2023 3685 2133 3733 quu-
