2222 4022
213 254 272 300 10
933 259 1084 306 ANNA
1090 259 1226 306 LIVM

1692 292 1703 299 ,
1759 274 1818 308 a.
1850 273 1895 308 ι.
1929 262 2032 311 Ἅ67.

349 403 563 458 Primum
601 402 799 456 facinus
848 403 970 456 novi
1021 404 1332 472 principatus
1388 403 1483 456 fuit
1518 402 1743 457 Postumi
1777 403 2085 475 Amce

213 495 400 548 caedes
412 513 426 559 3
486 510 632 562 quem
671 495 904 563 ignarum
952 495 1300 564 inermumque
1341 495 1571 564 quamvls
1605 494 2034 557 &matutinum

214 587 440 638 centurio
480 603 637 655 aegre
675 586 912 638 confecit.
984 587 1120 639 Nihil
1152 588 1222 639 de
1259 604 1319 639 ea
1356 603 1414 639 re
1448 587 1679 643 Tiberius
1713 587 1844 656 apud
1882 603 2040 643 sena-

211 681 314 729 tum
353 677 618 729 disseruit:
675 677 834 744 patris
875 677 1021 730 iussa
1051 678 1345 744 simulabat,
1387 678 1567 746 quihus
1617 678 2039 746 praescripsisset

174 768 422 821 ‘tribuno
455 768 717 821 custodiae
761 769 1024 837 adposito,
1073 753 1151 822 'ile
1191 774 1513 822 cunctaretur
1548 769 1827 838 Agrippam
1873 774 2037 824 morte

210 858 455 924 adficere,
495 860 799 927 quandoque
837 861 946 928 ipse
984 876 1272 929 supremum
1313 861 1446 918 diem
1487 862 1811 929 explevisset.
1881 860 2037 916 Multa

209 951 322 1003 sine
360 950 513 1005 dubio
550 967 809 1020 saevaque
841 952 1102 1021 Augustus
1142 954 1205 1006 de
1243 954 1467 1007 moribus
1517 953 1859 1008 adulescentis
1909 967 2040 1023 que-

208 1046 348 1107 stuS,
387 1048 440 1094 ut
479 1044 683 1097 exilium
734 1045 842 1097 eius
884 1050 1089 1098 senatus
1128 1045 1360 1099 consulto
1399 1046 1686 1100 sanciretur
1719 1044 2036 1112 perfecerat:

211 1138 433 1185 ceterum
491 1135 543 1185 in
589 1135 774 1188 nullius
827 1152 1048 1203 unquam
1103 1153 1310 1190 suorum
1348 1153 1527 1190 necem
1588 1136 1819 1201 duravit3
1872 1149 2039 1204 neque

147 1234 195 1275 to
210 1229 421 1276 mortem
457 1227 628 1293 nepoti
665 1242 758 1294 pro
809 1229 1081 1281 securitate
1117 1229 1341 1297 privigni
1379 1229 1586 1280 inlatam
1623 1226 1871 1283 credibile
1908 1229 2035 1283 erut.

206 1315 415 1384 Propius
450 1332 577 1370 vero
614 1319 869 1372 Tiberium
907 1335 967 1372 ac
1003 1320 1224 1386 Liviam,
1281 1321 1418 1372 illum
1455 1325 1619 1385 metu,
1674 1319 1808 1374 hanc
1843 1331 2038 1375 nover-

207 1406 399 1460 calibus
436 1409 600 1475 odiis,
657 1411 880 1478 suspecti
921 1417 970 1463 et
1004 1412 1156 1465 invisi
1195 1412 1392 1465 iuvenis
1441 1410 1653 1466 caedem
1691 1408 2033 1466 festinavisse.

329 1542 367 1583 1.
401 1543 584 1597 facimus
614 1555 664 1597 pr
687 1543 742 1586 M.
805 1547 848 1589 2.
884 1543 1029 1586 caedis
1060 1545 1116 1587 M.
1188 1547 1230 1589 3.
1263 1560 1316 1587 ea
1347 1548 1414 1603 re]
1438 1539 1540 1587 aere
1561 1545 1623 1598 M,
1657 1545 1702 1586 in
1722 1557 1860 1602 marg.
1895 1557 1949 1587 ea
1969 1555 2032 1586 re.

207 1601 247 1644 5.
282 1601 474 1657 adposito
507 1602 562 1655 M,
595 1614 684 1644 non
720 1618 819 1659 app.

895 1605 1081 1661 agrippa
1109 1604 1165 1646 Μ.

1242 1605 1284 1649 6.
1319 1604 1586 1660 quandoque,
1620 1616 1709 1647 uon
1741 1603 2037 1663 quandocum-

196 1667 295 1717 que,
320 1661 374 1703 Μ.
441 1662 480 1706 7.
516 1669 714 1721 quaestus
745 1663 800 1708 M.
866 1664 906 1710 9.
933 1671 1150 1710 caeterum
1169 1665 1224 1711 M.
1287 1677 1485 1724 umquam
1508 1664 1563 1710 M.

199 1816 289 1847 una
318 1811 480 1847 secr-ceo
499 1819 578 1861 per
601 1813 731 1849 totum
751 1807 873 1850 diem.
941 1805 1068 1849 Conf.

199 1865 315 1907 idem
341 1865 455 1921 Aug.
474 1866 544 1909 98.
569 1866 780 1910 Dubitare
804 1881 901 1910 cum
924 1867 1071 1909 Tacito

198 1924 353 1969 maluit
385 1925 469 1966 Dio
499 1925 593 1968 LVI
625 1927 696 1970 31.
731 1927 887 1969 Forma
917 1941 1073 1983 reppe-

199 1986 308 2027 rerit
342 1984 495 2026 codice
529 1987 683 2028 nititur
716 1993 760 2029 et
789 1989 963 2029 ratione
996 1987 1073 2028 fir-

197 2050 362 2097 matur-3
387 2043 441 2085 de
455 2044 535 2086 hac
550 2045 639 2087 dixi
654 2047 866 2090 Element.
883 2047 1071 2089 Gramm.

198 2104 297 2146 Lat.
333 2116 375 2158 p.
400 2104 455 2147 27
483 2110 526 2146 et
550 2106 631 2148 137
656 2119 720 2162 sq.
763 2106 929 2148 Eadem
961 2107 1072 2148 ratio

197 2164 353 2219 probat
385 2164 555 2220 reppuli
586 2165 732 2208 rettuli
762 2166 933 2209 rettudi.

291 2223 465 2264 acribus
486 2237 668 2279 namque
689 2227 890 2268 custodiis
903 2252 958 2260 -—-
971 2241 1073 2269 sae-

194 2282 512 2340 pseratLivia:
545 2284 804 2340 Agrippina,
829 2291 967 2327 mater
989 2287 1074 2327 im-

199 2343 417 2397 peratoris
438 2342 639 2396 Neronis,
669 2343 852 2386 Claudio
878 2346 1072 2387 extincto

200 2401 285 2444 hoc
337 2402 567 2444 artificium
623 2404 816 2446 rettulit:
882 2403 957 2445 XII
999 2404 1071 2447 68.

200 2460 334 2503 'faciti
370 2461 639 2504 locutionem
671 2466 841 2519 saepire
875 2464 1075 2506 custodiis

201 2521 394 2562 imitatur
427 2520 662 2564 Suetonius
696 2523 811 2581 Aug.
838 2523 923 2566 65:
973 2537 1076 2565 sae-

195 2581 363 2637 psitque
385 2581 561 2636 insuper
578 2583 770 2624 custodia
782 2582 975 2624 militum.
994 2583 1075 2625 Ille

202 2640 319 2682 enim
350 2645 449 2694 post
482 2639 625 2682 editos
659 2655 683 2683 a
704 2642 854 2684 Tacito
880 2642 1076 2684 Annales

201 2710 300 2740 suas
334 2700 645 2754 imperatorum
684 2704 797 2744 vitas
840 2701 920 2742 sub
952 2702 1076 2755 prin-

203 2759 302 2812 cipe
345 2758 562 2801 Hadriano
620 2760 862 2818 evulgavit.
947 2760 1074 2803 Conf.

203 2823 349 2859 annot.
387 2817 439 2859 ad
474 2833 510 2861 c,
536 2820 563 2863 6
597 2825 640 2860 et
671 2822 730 2865 39
762 2827 806 2862 et
836 2820 891 2863 41
928 2826 971 2862 et
1005 2822 1075 2872 72,

202 2875 349 2929 1139,
398 2877 457 2918 lv
502 2878 561 2921 34
594 2884 638 2920 et
668 2881 750 2932 36,
797 2879 912 2922 V16
945 2885 988 2921 et
1020 2880 1077 2923 20

206 2942 249 2977 et
281 2937 363 2989 25,
408 2936 482 2979 XII
515 2939 558 2989 3,
593 2937 691 2982 XIV
727 2939 793 2983 16.
829 2938 923 2981 H.I
959 2940 1011 2982 13
1035 2944 1078 2981 et

204 2997 276 3048 24,
310 2994 437 3048 1179,
465 2997 586 3040 v13.

298 3054 401 3110 Cap.
437 3056 478 3098 6.
550 3057 734 3112 primum
773 3057 945 3111 facinus
979 3057 1082 3098 novi

200 3115 504 3171 principatus.-
539 3117 729 3158 animum
752 3114 947 3169 adverte,
982 3115 1079 3157 lec-

208 3180 301 3227 tor3
351 3174 544 3216 infausto
585 3177 709 3232 quasi
750 3178 897 3218 omine
939 3187 1081 3217 novus

207 3235 476 3289 principatus
499 3236 668 3290 incipit.
727 3235 942 3277 Caedibus
966 3235 1081 3277 enim

210 3299 252 3335 et
284 3293 463 3350 flagitiis
489 3297 693 3350 quoniam
726 3297 866 3352 magis
900 3296 1083 3337 eminuit

211 3355 415 3407 princeps
447 3354 647 3397 Tiberius
682 3368 809 3411 quam
853 3355 1082 3397 beneficiis

213 3417 257 3454 et
282 3413 462 3468 integris
491 3415 699 3467 moribus,
734 3427 819 3455 non
843 3417 938 3457 sinc
973 3426 1083 3456 con-

214 3470 316 3515 sitio
351 3472 432 3511 iam
456 3473 751 3526 admonemur,
788 3475 966 3516 caedem
999 3474 1083 3515 viri

214 3528 444 3576 nobilitate
469 3533 779 3585 praecellentis
811 3535 993 3588 primum
1016 3534 1086 3576 sa-

216 3590 340 3633 einus
363 3589 500 3632 fuisse
525 3592 628 3631 novi
652 3594 937 3646 principatus.
980 3593 1087 3635 Per-

215 3646 318 3695 inde
360 3647 547 3694 Neronis
590 3649 762 3708 imperii
807 3651 1087 3707 primordium

1164 1806 1298 1849 caede
1319 1805 1580 1859 celebratur,
1614 1809 1662 1846 ut
1680 1804 1795 1847 Nero
1821 1800 1972 1845 multis
1990 1802 2036 1845 in

1160 1867 1291 1909 rebus
1323 1866 1479 1908 similis
1514 1871 1607 1908 erat
1628 1865 1831 1917 Tiberi03
1861 1861 1961 1906 xm
1983 1863 2035 1905 1:

1156 1928 1301 1985 prima
1331 1940 1439 1968 novo
1478 1927 1730 1983 prt'ncipatu
1772 1935 1887 1964 mors
1920 1920 2039 1964 Iunii

1161 1985 1307 2028 Silam*
1327 1991 1591 2042 -paratur.
1649 1980 1854 2026 Codicillt
1879 1981 2037 2038 quibus

1161 2058 1277 2088 mors
1320 2044 1544 2102 Agrippae
1596 2045 1810 2099 imperata
1862 2046 1930 2085 est
1979 2054 2034 2084 ex

1160 2106 1268 2148 urbe
1310 2104 1422 2147 Nola
1453 2103 1697 2147 Planasiam
1741 2101 1863 2146 missi
1906 2106 2033 2143 sunt:

1162 2165 1399 2209 Suetonius
1431 2161 1574 2206 Tiber.
1607 2164 1679 2208 22.
1723 2161 1809 2205 Dio
1841 2156 1958 2205 LVII
1988 2161 2032 2206 3.

1163 2225 1390 2276 VelleiuS‚
1442 2236 1586 2279 neque
1635 2234 1788 2265 verum
1836 2217 2034 2276 profiteri

1160 2297 1305 2340 neque
1328 2283 1503 2324 mentiri
1528 2288 1680 2337 aperte
1703 2278 1849 2332 ausus,
1874 2279 1929 2325 de
1952 2277 2035 2320 hac

1159 2357 1207 2385 re
1232 2344 1430 2400 quaesita
1450 2342 1737 2399 ambiguitate
1752 2341 1817 2384 sic
1840 2338 2035 2396 loquitur

1162 2403 1331 2445 11112:
1366 2402 1446 2443 hoc
1476 2403 1570 2456 fere
1605 2408 1790 2456 tempore
1821 2397 2033 2455 Agrippa,

1162 2463 1232 2517 qui
1260 2461 1404 2503 eodem
1429 2461 1496 2502 die
1523 2474 1602 2515 quo
1630 2460 1818 2501 Tiberius
1849 2457 2035 2514 adopta-

1162 2529 1226 2563 tus
1261 2521 1314 2563 ab
1346 2534 1425 2562 avo
1462 2534 1535 2562 suo
1561 2520 1808 2576 (Augusto)
1841 2515 2040 2560 natarat&

1162 2587 1258 2623 erat
1305 2586 1345 2622 et
1384 2580 1474 2621 iam
1503 2586 1608 2622 ante
1650 2578 1866 2621 biennium
1897 2574 2038 2632 quotis

1163 2646 1282 2692 esset,
1307 2653 1520 2696 apparere
1541 2645 1755 2695 coeperat,
1785 2637 1901 2680 miro
1922 2647 2037 2692 pra-

1161 2702 1291 2742 vitate
1321 2700 1456 2740 cmimi
1487 2706 1611 2754 atque
1632 2697 1799 2754 inqenis'
1825 2696 1877 2738 iu
1898 2707 2038 2751 pra·-

1164 2761 1313 2815 cipitia
1345 2772 1574 2802 conversus
1594 2759 1736 2814 patris
1765 2762 1890 2811 atqu
1920 2755 2038 2797 cinn-

1164 2820 1256 2860 dem
1286 2820 1358 2860 avi
1387 2819 1454 2861 sui
1485 2819 1676 2860 animum
1704 2815 1913 2858 alienavit
1941 2812 2038 2865 sibi,

1162 2891 1340 2933 moxque
1376 2876 1662 2920 crescentibus
1706 2877 1755 2918 in
1791 2874 1880 2918 din
1923 2873 2040 2916 vitiis

1164 2939 1337 2994 diynum
1368 2941 1517 2994 lurore
1562 2948 1636 2979 suo
1677 2935 1827 2978 babuit
1865 2933 2038 2976 aima.

1164 2998 1344 3041 Scilicet
1390 2998 1616 3053 legentem
1660 2995 1739 3037 ille
1781 2993 1952 3037 inducti
1991 2996 2043 3034 ut

1165 3056 1339 3109 credat,
1390 3057 1630 3111 Agrippam
1676 3055 1784 3096 vivo
1835 3053 2038 3107 Augusto

1164 3116 1345 3172 dignum
1358 3115 1505 3157 furore
1531 3126 1611 3155 suo
1627 3114 1791 3156 exitum
1814 3110 2038 3154 habuisse.

1255 3176 1445 3217 centurio
1458 3187 1589 3230 aeqrc
1603 3173 1788 3228 confecit
1800 3187 1814 3213 .-
1838 3170 2037 3212 centurio

1166 3248 1190 3277 a
1222 3234 1398 3276 tribuno
1445 3233 1674 3276 custodiae
1719 3231 1920 3287 apposito
1952 3229 2041 3271 in-

1167 3297 1324 3336 missus
1345 3294 1523 3336 caedem
1546 3306 1675 3334 manu
1693 3291 1898 3347 patravit,
1922 3288 2040 3330 idem

1168 3353 1498 3409 praescribente
1524 3352 1699 3394 tribuno
1722 3351 1776 3393 ad
1797 3349 2039 3404 principem

1169 3413 1394 3469 profectus
1447 3414 1646 3454 nuntium
1697 3409 1857 3452 attulit.
1931 3405 2039 3448 Nam

1172 3474 1403 3516 dissentire
1437 3487 1462 3514 a
1493 3471 1640 3515 Tacito
1674 3471 1756 3512 hac
1795 3470 1841 3510 in
1873 3476 1919 3507 re
1951 3475 2039 3533 npn

1172 3533 1346 3576 videtur
1370 3533 1619 3583 Suetonius,
1653 3541 1749 3571 cum
1775 3525 1927 3570 scribit
1945 3522 2038 3566 Tib.

1171 3595 1255 3637 22:
1297 3593 1410 3635 hunc
1453 3591 1644 3633 tribunus
1683 3586 1866 3629 militum
1901 3589 2041 3626 custos

1173 3652 1387 3710 appositus
1418 3649 1573 3693 occidit
1595 3645 1663 3705 (h.
1689 3659 1728 3690 e.
1754 3641 2040 3691 occidendum
