2280 4004
184 295 214 333 a
244 282 293 328 G.
327 285 399 329 50.

186 428 354 481 officia
409 429 461 480 in
513 429 732 482 ludibria
780 432 1038 497 vertebat,
1101 432 1406 500 intellegens
1460 431 1590 484 falsi.

766 284 933 331 LIBER
959 286 1056 332 XII.
1119 285 1225 332 CAP.
1259 287 1450 334 25—27.
1951 293 2008 336 65

1664 432 1839 498 Neque
1877 430 2011 484 enim

182 534 394 591 segnem
433 520 479 571 ei
519 520 678 572 fuisse
714 521 936 573 indolem
977 522 1172 588 ferunt,
1234 523 1347 575 sive
1385 538 1589 588 verum,
1645 537 1737 576 seu
1770 522 2011 589 periculis

97 611 169 660 27
184 610 563 663 commendatus
601 612 807 664 retinuit
842 613 1026 664 famam
1081 615 1193 666 sine
1234 615 1600 681 experimento,

1675 614 1776 668 Sed
1816 605 2012 682 Agrip-

181 701 298 768 pina
336 716 434 768 quo
474 702 576 753 vim
629 718 772 755 suam
830 704 987 757 sociis
1040 719 1240 772 quoque
1277 706 1567 758 nationibus
1609 709 1919 772 ostentaret,
1959 706 2014 756 in

183 792 418 859 oppidum
443 793 702 860 Ubiorum,
746 795 798 846 in
837 809 935 862 quo
971 796 1143 863 genita
1185 802 1309 862 erat,
1349 802 1622 849 veteranos
1662 796 2052 863 coloniamquef·

183 882 367 934 deduci
425 883 691 951 impetrat3
768 886 849 936 cui
904 882 1090 938 nomen
1162 886 1374 938 inditum
1433 903 1461 939 e
1526 887 1777 939 vocabulo
1833 887 2009 954 ipsius.

181 975 260 1026 Ac
297 975 430 1026 sorte
470 975 731 1028 acciderat
766 981 820 1028 ut
856 993 966 1029 eam
1006 983 1209 1046 gentem
1247 978 1425 1032 Rheno
1475 983 1851 1046 transgressam
1887 992 2012 1032 avus

181 1066 407 1134 Agrippa
447 1066 499 1117 in
537 1067 686 1119 fidem
726 1069 997 1135 acciperet.

322 1158 488 1210 Isdem
523 1160 833 1226 temporibus
870 1160 923 1210 in
959 1160 1225 1227 superiore
1263 1160 1532 1213 Germania
1583 1161 1882 1228 trepidatum
1917 1161 2015 1213 ad-

181 1253 336 1302 ventu
383 1249 674 1303 Chattorum
731 1251 1000 1303 latrocinia
1061 1252 1374 1320 agitantium.

301 1441 344 1482 2.
372 1453 446 1480 seu
476 1438 558 1491 Ma,
590 1450 676 1480 non
709 1439 811 1482 sive.

183 1504 231 1539 ut
262 1499 322 1539 ait
355 1499 591 1541 Victorius.

182 1572 278 1600 rum
308 1556 390 1601 Ma.

185 1719 388 1776 Augusti,
446 1734 500 1762 ne
546 1733 700 1761 nomen
741 1719 977 1761 Caesarum
1013 1720 1062 1760 in

186 1780 374 1822 ludibria
423 1787 462 1822 et
510 1779 787 1821 contumelias
828 1785 1058 1831 verterent,

187 1851 394 1881 numerus
447 1838 738 1880 multitudinis
791 1838 845 1879 de
893 1837 1059 1879 duabus

186 1899 318 1941 rebus
349 1899 518 1954 positus
561 1904 682 1940 recte
726 1910 774 1939 se
808 1896 967 1950 habet,
1013 1898 1058 1938 in

189 1957 257 1999 his
290 1957 343 2000 de
377 1956 532 2013 quibus
557 1958 775 2013 loquimur
806 1955 921 1998 haud
953 1969 1057 2010 per-

187 2017 312 2070 inde,
361 2023 404 2059 et
436 2017 666 2059 artificium
703 2016 757 2058 ad
794 2029 892 2056 eum
925 2021 1057 2057 tuen-

188 2076 288 2117 dum
321 2076 374 2118 ab
393 2075 562 2118 Orellio
595 2075 837 2117 adhibitum
873 2087 959 2116 non
989 2075 1060 2117 di-

190 2148 322 2191 gnum
357 2142 422 2177 est
455 2135 570 2191 quod
608 2139 887 2176 memoretur.
950 2133 1060 2175 Per-

187 2196 483 2250 intempestiva
505 2207 620 2236 nove
637 2193 714 2236 sed
735 2199 856 2235 recte
880 2193 1058 2246 dictum,

190 2260 237 2295 ut
271 2253 331 2295 IV
368 2257 422 2298 12
451 2254 720 2310 peridoneus,
754 2253 832 2294 XV
865 2252 923 2295 45
953 2266 1060 2308 per-

189 2312 389 2370 simpleoe,
433 2313 451 2353 Ι
498 2313 554 2355 65
595 2311 840 2368 perviyiles.
905 2311 1062 2367 Officia

190 2373 269 2414 illa
298 2373 669 2428 perintempestiva
698 2384 803 2414 vere
831 2377 1059 2425 vocantur,

192 2433 397 2488 graviore
439 2444 549 2473 voce
597 2431 834 2486 prudenter
872 2429 1058 2483 delecta,

193 2491 309 2546 quod
349 2490 546 2532 Caesaris
591 2492 752 2532 coniux
795 2495 839 2531 et
884 2490 1060 2531 maximi

196 2551 367 2604 imperii
402 2562 580 2591 consors
614 2551 709 2604 ipsa
740 2562 874 2605 agere
906 2554 1062 2590 conata

197 2615 262 2651 est
295 2623 405 2664 quae
438 2622 662 2651 servorum
698 2614 835 2650 erant.
883 2607 1061 2649 Britan..

195 2669 320 2710 nicus
353 2674 496 2710 autem
531 2668 641 2710 haec
673 2667 822 2709 officia
864 2667 909 2708 in
943 2666 1062 2708 ludi..

192 2727 288 2769 bria
318 2728 541 2780 vertebat,
585 2728 684 2769 dum
718 2741 771 2769 ea
803 2732 875 2768 aut
908 2729 1063 2769 remit-

195 2786 315 2828 tebat
346 2800 564 2828 novercae
597 2793 670 2828 aut
701 2785 903 2828 simulata
924 2787 1064 2842 gratia

195 2845 278 2887 sibi
310 2847 520 2900 praestari
554 2846 815 2899 patiebatur.
870 2845 941 2888 Sic
962 2850 1063 2898 apte

195 2904 437 2947 succedunt
479 2905 614 2946 verba
653 2904 906 2959 intellegens
943 2903 1062 2959 falsi,

197 2976 308 3019 quae
349 2965 394 3005 in
432 2964 607 3005 diversa
648 2963 944 3018 explicatione
986 2976 1064 3004 ce-

200 3024 305 3064 teris
338 3023 451 3064 male
486 3024 769 3065 conveniunt.
825 3022 891 3064 De
923 3034 971 3063 re
1003 3022 1060 3064 cf.

197 3081 280 3122 Dio
313 3081 383 3124 LX
415 3083 487 3125 32.

281 3138 386 3193 Cap.
415 3142 485 3183 27.
550 3141 620 3182 cui
648 3153 803 3182 nomen
831 3139 1011 3180 inditum
1043 3152 1065 3179 e

199 3197 401 3239 vocabulo
435 3200 589 3254 ipsius:
636 3197 821 3240 Colonia
851 3198 1065 3254 Agrippi-

200 3257 397 3297 nensium
431 3257 483 3298 ab
515 3258 759 3313 Agrippina
798 3268 957 3297 nomen
988 3269 1066 3297 ac-

202 3316 332 3369 cepit,
353 3327 438 3355 non
462 3315 514 3356 ab
531 3316 742 3370 Agrippa,
768 3321 814 3356 ut
837 3326 1066 3369 perperam

200 3388 224 3415 a
260 3374 407 3415 Tacito
442 3375 484 3414 in
519 3373 744 3414 Germania
788 3387 825 3414 c.
859 3372 916 3416 28
947 3372 1067 3413 rela-

199 3439 290 3474 tum
341 3438 420 3474 est.
483 3432 693 3474 Nimirum
745 3444 840 3473 cum
896 3429 1066 3472 Tacitus

202 3492 413 3534 Historias
441 3497 483 3533 et
508 3491 776 3533 Germaniam
807 3489 1066 3543 composuit,

201 3549 313 3594 hanc
335 3564 423 3592 rem
443 3564 591 3605 parum
606 3550 873 3603 exploratam
892 3547 1065 3589 habuit:

203 3622 298 3652 cum
330 3611 503 3664 scripsit
526 3609 733 3663 AnnaleS,
767 3607 921 3650 melius
958 3606 1068 3650 edo-

202 3673 296 3713 ctus
329 3675 435 3713 erat.

286 3765 435 3805 Tantus
461 3767 507 3805 11.

934 1439 975 1482 5.
1006 1439 1080 1481 ubi
1112 1439 1259 1483 Iorum
1289 1439 1370 1484 Ma.

715 1499 755 1542 7.
790 1505 1063 1553 transyressa
1093 1497 1175 1544 Ma.

513 1557 661 1614 deliqic
691 1558 856 1600 editor:
889 1556 956 1600 Ma
989 1558 1088 1600 dein
1119 1558 1170 1602 L.

1470 1252 1660 1321 Deligit
1708 1253 2011 1320 Pomponius
2029 1266 2078 1312 ιο

1484 1441 1526 1485 6.
1562 1456 1583 1484 e
1615 1440 1683 1485 Ma
1712 1455 1800 1484 non
1834 1443 2012 1498 omittit,

1269 1500 1310 1543 9.
1344 1501 1523 1544 advecta
1554 1501 1633 1546 Ma.
1749 1503 1818 1547 10.
1844 1502 2014 1546 cattho-

1234 1720 1281 1760 in
1317 1718 1444 1772 fidem
1479 1719 1721 1776 acciperet:
1763 1720 1916 1764 Strabo
1956 1719 2016 1763 IV
2066 1754 2069 1756 -

1145 1778 1172 1820 3
1210 1776 1240 1820 4
1278 1790 1379 1833 pag.
1418 1776 1525 1821 194·
1580 1783 1727 1849 πέραν
1775 1780 1824 1824 δὲ
1863 1778 2018 1836 οἴκουν

1140 1835 1304 1909 Οὔβιοι
1351 1853 1469 1880 κατα
1520 1839 1685 1882 τοῦτον
1729 1834 1811 1884 τὸν
1852 1839 2015 1893 τόπον,

1145 1894 1226 1945 οὓς
1252 1897 1516 1967 μετήγαγεν
1536 1897 1802 1955 Ἀγρίππας
1820 1898 2019 1948 ἑκόντας

1145 1959 1207 2001 εἰς
1238 1950 1325 2009 τήν
1358 1952 1489 2005 ἐντὸς
1520 1963 1600 2000 τοῦ
1631 1957 1806 2012 Ῥήνου.
1872 1957 2013 2001 Germ.

1143 2014 1223 2058 28·
1258 2029 1312 2056 ne
1351 2014 1448 2057 Ubii
1479 2016 1658 2069 quidem,
1692 2030 2017 2071 quamquam—-

1145 2073 1344 2115 libentius
1395 2074 1731 2131 Agrippinenses
1783 2076 2017 2118 conditoris

1141 2133 1208 2174 sui
1241 2135 1411 2174 nomine
1431 2141 1650 2187 vocentur,
1667 2135 1834 2190 oriyine
1861 2137 2016 2177 erube-

1140 2199 1277 2233 scunt.
1328 2192 1514 2246 Accepti
1533 2193 1738 2235 videntur
1755 2194 1854 2236 Ubii
1879 2208 1916 2237 a.
1931 2195 2016 2238 716

1141 2250 1213 2293 vel
1227 2252 1325 2303 715,
1343 2264 1438 2292 cum
1449 2251 1644 2308 Agrippa
1655 2253 1855 2295 Rhenum
1871 2259 2018 2295 trans-

1143 2323 1318 2366 gressus
1338 2310 1595 2353 Germaniae
1610 2312 1797 2366 populos
1816 2312 2017 2355 debella-

1142 2371 1231 2411 vit:
1265 2369 1348 2410 Dio
1368 2369 1544 2411 vaul
1566 2371 1640 2414 49.
1696 2370 1802 2413 Cum
1820 2372 2018 2428 Agrippa

1176 2428 1304 2470 ‚735
1329 2427 1474 2470 Gallos
1511 2443 1537 2470 a
1561 2429 1784 2471 Germanis
1818 2430 2016 2473 defendit

1145 2442 1253 2542 (bio
1272 2486 1366 2528 LIV
1395 2489 1487 2545 11),
1522 2490 1606 2529 iam
1642 2490 1829 2546 Augusti
1863 2491 2015 2544 auspi-

1144 2547 1222 2587 ciis
1254 2559 1345 2587 rem
1379 2548 1532 2602 gessit,
1565 2553 1612 2587 ut
1644 2547 1774 2589 huius
1797 2549 2016 2590 beneficio

1143 2606 1288 2660 potius
1331 2607 1374 2646 in
1417 2608 1637 2647 sinistram
1683 2607 1824 2649 Rheni
1876 2609 2016 2663 ripam

1143 2663 1312 2719 recepti
1345 2664 1617 2718 dicerentur,
1667 2667 1703 2707 si
1736 2672 1840 2708 tunc
1870 2674 2016 2708 trans-

1145 2724 1223 2766 lati
1257 2730 1418 2777 essent,
1451 2731 1499 2765 ut
1531 2738 1575 2767 ci
1580 2725 1714 2766 edidit
1746 2726 2014 2768 Walthelus.

1233 2783 1378 2839 deliqit
1393 2785 1662 2840 Pomponius:
1694 2785 1876 2827 verbum
1900 2785 2016 2841 quod

1146 2833 1296 2884 deerat
1331 2856 1385 2883 ex
1408 2849 1637 2898 corruptae
1665 2845 1907 2899 scripturae
1931 2857 2015 2886 ve..

1145 2902 1289 2957 stigiis
1331 2901 1429 2943 dein
1472 2902 1523 2945 L.
1570 2902 1728 2944 elicui.
1774 2917 1873 2945 nam
1915 2904 2015 2945 vitii

1146 2960 1273 3003 sedes
1314 2961 1358 3002 in
1391 2960 1459 3002 his
1499 2961 1749 3017 quaerenda
1789 2968 1876 3015 est,
1918 2975 2015 3004 cum

1146 3019 1407 3074 Pomponius
1441 3022 1722 3074 praenomine
1753 3028 1936 3064 vocatus
1956 3023 2013 3062 sit

1147 3078 1318 3120 Publius
1352 3080 1414 3134 (V
1446 3079 1514 3136 8),
1547 3092 1635 3120 non
1667 3080 1850 3121 Lucius:
1895 3086 1939 3121 et
1970 3083 2015 3120 in

1147 3136 1323 3179 homine
1354 3139 1438 3179 iam
1469 3138 1645 3191 saepius
1687 3139 1731 3178 in
1764 3137 1833 3178 his
1864 3139 2017 3179 Anna-

1147 3195 1262 3237 libus
1294 3202 1532 3236 memorato
1566 3209 1697 3236 unum
1730 3207 1888 3237 nomen
1909 3198 2014 3238 satis

1149 3260 1256 3295 erat.
1320 3253 1401 3294 Cui
1445 3255 1510 3295 rei
1554 3253 1716 3295 delecti
1763 3255 1851 3296 sint
1886 3257 2015 3296 auxi-

1149 3312 1295 3363 liar-es,
1329 3311 1566 3354 indicatum
1587 3318 1652 3353 est
1671 3313 1817 3354 verbis
1835 3316 2015 3356 monitos

1148 3378 1194 3412 ut
1226 3371 1441 3413 anteirent
1466 3370 1742 3427 populatores
1762 3377 1846 3414 cet.
1895 3372 2014 3415 Idem

1149 3429 1254 3470 alibi
1288 3429 1435 3471 dativo
1467 3431 1539 3471 vel
1563 3432 1889 3484 praepositione
1918 3444 2016 3473 cum

1150 3489 1402 3529 accusativo
1443 3489 1739 3544 significatur3
1784 3503 1826 3533 v.
1867 3489 1886 3531 1
1931 3490 2015 3533 64:

1151 3546 1395 3602 deliguntur
1435 3547 1645 3602 leqiones,
1686 3550 1835 3603 quinta
1868 3548 2017 3590 dea-tro

1151 3605 1304 3659 lateri,
1362 3607 1664 3649 unetvicesima
1727 3609 1775 3649 in
1836 3608 2016 3660 laevum,

1144 3664 1338 3726 primani
1360 3666 1596 3712 ducendum
1625 3667 1684 3710 ad
1705 3681 1872 3725 agmen·
1907 3667 1945 3713 V
1964 3667 2018 3714 4:

1665 3748 1697 3804 5
