2280 4004
228 281 339 327 5188
1004 281 1297 361 ANNALJVM

1814 301 1855 332 a.
1868 297 1935 334 fu.
1958 288 2072 337 ⁸12¹.

246 425 472 494 Apollini
508 441 715 493 sacros,
762 426 950 494 talique
998 433 1181 480 ornatu
1219 434 1388 481 astare
1425 444 1529 482 non
1567 430 1721 483 modo
1764 430 1978 485 Graecis
2015 431 2072 486 iu

247 519 456 571 urbibus
495 518 586 569 sed
614 520 839 570 Romana
874 519 1005 585 apud
1038 520 1219 587 templa
1259 535 1443 573 numen
1469 523 1796 589 praecipuum
1834 527 1885 574 et
1917 537 2074 590 prae·-

247 610 424 662 scium.
496 610 603 661 Nec
640 609 738 661 iam
775 610 886 662 sisti
926 616 1140 677 poterat,
1183 627 1295 664 cum
1330 613 1558 667 Senecae
1596 630 1657 666 ac
1693 615 1854 666 Burro
1888 614 2070 680 visum,

245 712 311 750 ne
331 704 544 765 utraque
578 699 918 766 pervinceret,
950 701 1160 773 alterum
1194 703 1497 756 concedere.
1571 705 1907 772 clausumque
1938 703 2072 757 valle
2161 708 2165 711 '

188 790 491 848 25Vaticana
528 792 742 858 spatium
775 792 827 842 in
869 808 967 859 quo
1007 809 1165 860 equos
1200 800 1434 862 regeret,
1486 795 1620 848 haud
1660 797 1915 863 promisco
1950 780 2095 864 spe-⁵

248 883 463 934 ctaculo.
558 885 678 936 Mox
726 884 858 936 ultro
916 887 1095 938 vocari
1147 887 1360 953 populus
1397 888 1682 953 Romanus,
1738 888 2074 955 laudibusque

246 974 522 1039 extollere,
577 981 631 1026 ut
685 981 762 1027 est
800 977 982 1045 vulgus
1027 978 1235 1044 cupiens
1290 979 1598 1045 voluptatum
1655 985 1732 1044 et,
1791 979 1836 1031 si
1890 979 2073 1032 eodem

244 1066 482 1133 princeps
511 1067 691 1132 trahat,
733 1068 935 1119 laetum.
1012 1069 1244 1122 Ceterum
1267 1071 1533 1138 evulgatus
1567 1071 1732 1138 pudor
1770 1086 1874 1123 non
1913 1071 2074 1124 satie-

122 1211 125 1219 ,
245 1161 413 1222 tatem,
439 1162 493 1208 ut
518 1159 778 1225 rebantur,
808 1160 901 1211 sed
926 1160 1300 1213 incitamentum
1326 1162 1501 1214 attulit.
1565 1163 1821 1229 Ratusque
1846 1163 2072 1215 dedecus

116 1230 125 1281 f
186 1248 461 1314 tomolliri,
527 1250 571 1301 si
619 1250 789 1316 plures
843 1252 1128 1317 foedasset,
1190 1253 1435 1304 nobilium
1483 1254 1784 1306 familiarum
1835 1259 2071 1321 posteros

245 1345 474 1408 egestate
507 1342 716 1393 venales
757 1343 809 1393 in
844 1358 1049 1395 scenam
1084 1344 1314 1409 deduxit3
1370 1360 1497 1411 quos
1537 1346 1639 1396 fato
1673 1345 2073 1412 perfunctosne

243 1432 539 1484 nominatim
577 1433 802 1499 tradam,
846 1435 1123 1487 maioribus
1167 1451 1341 1487 eorum
1378 1436 1699 1488 tribuendum
1734 1442 1889 1503 puto.
1946 1437 2074 1490 Nam

245 1527 295 1574 et
330 1525 439 1575 eius
476 1524 719 1592 flagitium
760 1531 865 1591 est,
933 1527 1016 1593 qui
1065 1530 1333 1593 pecuniam
1387 1528 1453 1579 ob
1495 1527 1680 1579 delicta
1729 1528 1895 1595 potius
1932 1527 2074 1580 dedit

244 1629 392 1681 quam
415 1631 484 1667 ne
514 1616 881 1683 delinquerent.
956 1619 1116 1670 Notos
1154 1633 1354 1685 quoque
1378 1620 1572 1685 equites
1601 1621 1859 1672 Romanos
1887 1633 2072 1687 operas

181 1714 228 1758 ³⁵
244 1721 432 1759 arenae
467 1709 762 1775 promittere
799 1710 1001 1778 subegit
1033 1710 1181 1762 donis
1219 1711 1526 1778 ingentibus,
1567 1711 1664 1762 nisi
1702 1711 1838 1778 quod
1875 1724 2074 1763 merces

227 1799 307 1852 ab
348 1814 410 1851 eo
451 1801 534 1869 qui
587 1801 763 1853 iubere
807 1807 975 1869 potest
1014 1803 1115 1853 vim
1163 1803 1484 1855 necessitatis
1522 1803 1703 1855 adfert.
1795 1803 1872 1856 Ne
1906 1807 2073 1855 tamen
2089 1799 2160 1852 15

364 1968 401 2010 1.
442 1969 656 2025 appolinis
687 1969 767 2012 Ma.
1182 1974 1223 2016 2.
1257 1986 1412 2014 nomen
1440 1971 1530 2014 Ma:
1564 1974 1698 2016 tacite
1731 1972 1922 2016 correxit
1951 1971 2076 2016 Rhe-

244 2038 396 2071 nanus.

849 1971 991 2026 9recis
1022 1970 1102 2013 Ma.

483 2043 625 2086 presc.
659 2028 740 2073 Ma.
832 2031 874 2075 3.
908 2045 1059 2074 senece
1092 2029 1171 2074 Ma.

351 2189 621 2244 clausumque
685 2190 798 2232 valle
870 2191 1111 2234 Vaticana.-

240 2246 408 2290 Plinius
449 2249 628 2291 XXXVI
675 2251 752 2292 15:
798 2251 946 2293 tertius
979 2251 1115 2293 obeli-

239 2323 336 2350 scus
377 2309 540 2350 Romae
581 2310 628 2350 in
684 2309 888 2352 Vaticano
935 2311 1018 2353 Gai
1062 2325 1117 2352 ac

241 2368 428 2410 Neronis
454 2369 700 2424 principum
737 2371 870 2412 circo.
933 2370 1112 2414 Sueton.

238 2427 341 2469 Ner.
371 2429 451 2471 22:
484 2442 582 2469 mox
614 2435 652 2469 et
682 2429 771 2485 ipse
803 2431 1011 2485 auriqare
1044 2439 1115 2473 at-

241 2500 318 2542 que
353 2487 481 2528 etiam
524 2490 713 2543 spectari
752 2491 922 2544 saepius
956 2490 1087 2531 voluit
1099 2505 1114 2543 ‚-

234 2547 455 2602 positoque
468 2547 514 2587 in
544 2548 678 2588 hortis
699 2548 927 2604 (intellige
951 2548 1113 2590 vallem

243 2606 521 2661 Vaticanum)
567 2607 680 2646 inter
723 2609 900 2648 servitia
945 2615 984 2648 et
1014 2622 1112 2648 sor-

241 2664 385 2706 didam
412 2664 578 2719 plebem
610 2665 863 2717 rudimenw,
885 2667 1112 2707 universo-

239 2737 336 2765 rum
379 2737 423 2764 se
469 2723 603 2764 oculis
654 2725 702 2765 in
752 2725 879 2766 Circo
925 2727 1110 2766 maximo

235 2782 450 2839 praebuit.
507 2783 599 2824 Hoc
632 2782 815 2825 alterum
843 2783 1008 2837 publici
1030 2783 1111 2826 de..

242 2842 566 2884 honestamenti
602 2856 764 2899 genus,
801 2857 886 2899 quo
919 2843 1033 2884 Nero
1067 2845 1111 2884 in

243 2901 369 2942 Circo
418 2902 604 2942 maximo
648 2903 838 2943 omnium
881 2902 1022 2944 oculis
1064 2916 1112 2945 se

240 2960 470 3014 praebuit,
504 2962 547 3001 in
580 2962 816 3015 superstite
850 2963 995 3015 operis
1028 2961 1111 3003 Ta-

241 3020 363 3061 citini
407 3025 530 3073 parte
582 3033 667 3060 non
722 3027 1109 3062 commemoratur:

239 3079 402 3134 quippe
453 3078 538 3120 hoc
577 3078 748 3120 demum
797 3092 927 3122 ausus
973 3086 1038 3121 est
1070 3093 1108 3122 a.

236 3137 325 3181 819
373 3136 504 3191 paulo
549 3144 650 3180 ante
691 3140 775 3181 iter
822 3140 867 3179 in
898 3138 1110 3180 Achaiam

237 3202 487 3250 susceptum
533 3197 615 3252 (cf.
664 3197 828 3252 Xiphil.
866 3197 999 3239 LXIII
1029 3198 1109 3253 6):

237 3257 315 3298 sed
349 3268 400 3296 eo
435 3268 548 3296 anno
592 3257 686 3298 fere
729 3258 872 3298 medio
906 3257 1111 3298 desinunt

238 3328 349 3370 quae
385 3327 438 3355 ex
470 3315 715 3356 Annalibus
748 3322 921 3358 servata
953 3321 1067 3357 sunt.

325 3387 426 3414 nam
468 3381 507 3415 et
546 3375 634 3415 eius
680 3376 889 3430 flayitivam
921 3382 1005 3427 est,
1040 3377 1111 3429 qui

240 3458 295 3465 --
328 3433 646 3486 delinquerent:
678 3441 777 3488 post
810 3447 983 3475 causam
1015 3435 1108 3488 pri-

236 3492 414 3532 mariam
469 3505 545 3532 cur
605 3492 803 3535 homines
863 3494 964 3534 illos
1018 3494 1107 3535 fato

237 3551 494 3602 perfunctos
529 3553 784 3593 nominatim
820 3553 992 3594 tradere
1024 3565 1108 3593 no-

242 3608 307 3659 lit,
340 3611 424 3650 iam
446 3610 643 3666 adiungit
664 3611 858 3665 alteram,
891 3612 1108 3654 monendo

242 3668 520 3721 praecipuam
585 3670 740 3724 culpae
802 3677 967 3724 partem
1022 3683 1109 3713 non

1266 2033 1334 2076 10.
1357 2033 1576 2089 faedasset
1606 2031 1686 2076 Ma.
1783 2031 1852 2075 16.
1888 2033 1964 2090 “ff-
2000 2030 2073 2075 Or.

1199 2193 1423 2247 pertinere
1473 2192 1526 2234 ad
1573 2192 1694 2234 viros
1737 2197 1826 2234 tum
1864 2190 2074 2236 ‘dehone-

1199 2258 1351 2304 statos,
1384 2252 1463 2293 sed
1494 2251 1547 2293 ad
1579 2252 1822 2308 principem
1852 2251 2073 2299 Neronem

1199 2312 1397 2365 potentia
1455 2316 1499 2353 et
1558 2312 1748 2366 pecunia
1802 2310 2071 2355 abutentem.

1199 2372 1291 2413 Hoc
1351 2383 1447 2412 cum
1502 2370 1634 2424 plene
1690 2373 1754 2413 sic
1805 2371 2074 2414 efferendum

1200 2436 1332 2483 esset,
1367 2430 1534 2472 accedit
1568 2431 1697 2473 etiam
1728 2430 1839 2485 quod
1870 2432 1960 2473 eius
1988 2431 2074 2487 fla-

1197 2492 1348 2545 picium
1387 2495 1473 2541 est,
1515 2489 1692 2532 brevius
1734 2489 1843 2531 dixit
1891 2503 1996 2532 nam
2034 2496 2076 2532 et

1198 2550 1287 2590 eius
1327 2549 1535 2604 flagitium
1575 2556 1648 2591 est.
1713 2549 1879 2590 Primus
1930 2549 2075 2592 editor

1197 2609 1342 2648 omisit
1372 2621 1488 2659 nam,
1523 2609 1593 2649 cui
1625 2607 1701 2650 alii
1734 2620 1821 2649 non
1847 2608 1963 2651 bene
1988 2608 2073 2651 ob-

1196 2667 1336 2708 secuti
1371 2672 1485 2707 sunt.

1288 2724 1392 2779 Cap.
1431 2725 1498 2767 15.
1574 2724 1757 2765 instituit
1787 2722 1908 2767 ludos
1941 2724 2070 2767 Iuve-

1195 2784 1360 2825 nalium
1390 2783 1624 2825 vocabulo.-
1660 2783 1716 2826 cf.
1750 2783 1830 2825 XV
1861 2785 1934 2827 33.
1985 2784 2070 2827 Dio

1196 2857 1266 2898 ap.
1292 2842 1457 2897 Xiphil.
1482 2842 1574 2884 Lx!
1613 2842 1680 2885 19.
1771 2842 1887 2898 apud
1907 2855 2069 2895 nemus,

1196 2903 1306 2957 quod
1339 2907 1448 2943 cet.:
1482 2902 1536 2943 de
1569 2901 1654 2943 hoc
1678 2914 1857 2943 nemore
1884 2901 2071 2944 diximus

1196 2962 1248 3003 ad
1281 2961 1355 3002 XIl
1388 2961 1459 3003 56.

1283 3021 1563 3061 inritamenta
1595 3020 1743 3061 luoeui:
1776 3033 1819 3063 v.
1841 3025 1991 3063 annot.
2017 3021 2071 3063 ad

1194 3079 1211 3120 1
1243 3081 1285 3121 3.
1381 3086 1589 3134 temptans
1621 3081 1836 3121 citharam
1868 3085 1908 3121 et
1934 3092 2071 3136 prae-

1195 3138 1405 3179 meditans
1438 3138 1736 3180 adsistentibus
1766 3151 1913 3180 voces.-
1959 3137 2071 3181 haec

1194 3198 1298 3238 artis
1320 3198 1561 3250 specimina
1579 3197 1767 3239 nondum
1786 3199 1830 3239 in
1850 3197 2069 3252 promisco

1194 3255 1365 3297 theatro
1399 3254 1559 3297 Caesar
1596 3256 1754 3307 edidit,
1800 3256 1878 3299 sed
1924 3269 2069 3298 coram

1192 3314 1376 3357 delectis
1410 3316 1573 3356 cecinit
1606 3315 1818 3357 nobilium
1852 3320 1897 3357 et
1938 3320 2066 3371 equi-

1193 3380 1280 3414 tum
1296 3374 1531 3429 (iuventuti
1555 3376 1668 3415 enim
1685 3375 1876 3430 equestri
1891 3376 2068 3429 proprie

1193 3434 1407 3475 destinata
1431 3439 1554 3475 erant
1569 3434 1812 3490 Iuvenalia)
1840 3439 1882 3476 et
1901 3432 2066 3474 milita-

1192 3493 1317 3546 rium,
1351 3495 1396 3534 in
1429 3493 1586 3547 quibus
1617 3494 1896 3545 centuriones
1923 3491 2065 3532 tribu-

1192 3553 1329 3607 nique
1364 3559 1408 3594 et
1438 3551 1601 3594 Burrus
1635 3552 1897 3606 praefectus.
1960 3548 2064 3591 Fal..

1196 3611 1342 3653 luntur
1374 3613 1661 3665 interpretes,
1714 3610 1846 3651 veluti
1879 3606 2064 3651 Rothius

1196 3676 1239 3712 et
1273 3670 1486 3723 Orellius,
1537 3671 1608 3726 qui
1643 3669 1710 3711 his
1741 3667 1885 3711 verbis
1918 3665 2061 3711 lucem
