2222 4022
251 263 429 311 xxxlv
1048 266 1314 316 PROOEMH

254 423 401 475 quam
442 425 594 462 causa
634 409 922 477 quaerenda
963 410 1012 461 in
1050 412 1222 476 paucis
1262 409 1650 475 exemplaribus,
1693 425 1824 476 quae
1860 413 2080 464 omnium

251 500 410 550 Taciti
449 515 655 566 operum
691 505 810 550 tunc
848 501 1123 565 restabant,
1162 505 1216 551 ut
1247 501 1460 553 Orosius
1486 501 1735 552 Historias
1762 502 1965 567 quidem
2001 504 2085 554 in-

251 591 468 658 spicere,
509 592 601 643 sed
638 591 866 643 Annales
904 592 1175 644 consulere
1216 607 1319 643 non
1360 598 1547 658 posset.

387 683 562 749 Neque
600 688 768 734 tamen
805 683 1030 735 Annales
1071 683 1202 752 adeo
1242 684 1342 734 iam
1395 683 1697 736 delituerant
1748 684 1953 736 ineunte
1996 688 2168 736 sea-23

251 773 364 825 culo
421 774 624 840 quint0,
675 778 728 823 ut
783 778 868 824 aut
913 757 1123 826 nemini*
1155 779 1239 826 aut
1286 775 1606 840 paucissimis
1645 780 1848 841 praesto
1893 780 2080 828 essent.

249 864 303 920 Id
341 864 564 918 ostendit
586 863 837 929 Sulpicius
858 866 1094 930 Severus,
1135 865 1219 931 qui
1246 880 1380 917 anno
1406 872 1418 900 ¹
1455 864 1558 919 401
1583 866 1857 918 Historiam
1883 880 2081 919 sacram

249 954 523 1009 contexuit.
601 954 688 1008 lile
744 955 901 1009 semel
956 961 1104 1022 atque
1160 957 1339 1007 iterum
1399 957 1482 1018 (ΙΙ
1533 957 1600 1009 28
1651 962 1701 1008 et
1750 956 1854 1018 29)
1902 971 1987 1007 res
2052 971 2081 1007 a

245 1047 450 1098 Nerone
490 1051 714 1113 patratas
751 1048 818 1098 ita
860 1047 1085 1112 tradidit,
1118 1053 1180 1101 ¹ut
1217 1048 1371 1100 verba
1411 1063 1501 1099 sua
1541 1048 1605 1099 ad
1641 1048 1866 1100 Tacitina
1902 1046 2084 1097 Anna-

247 1138 366 1189 lium
404 1138 495 1190 XV
529 1137 595 1191 37
636 1143 686 1190 et
719 1135 788 1189 44
824 1138 1076 1191 direxisse
1114 1153 1226 1190 eum
1262 1139 1580 1191 manifestum
1622 1139 1702 1204 sit,
1742 1138 1877 1205 quod
1913 1137 2083 1190 moni-

246 1234 347 1286 tum
384 1229 437 1281 in
477 1229 806 1282 annotatione
832 1230 896 1282 ad
922 1230 1068 1282 locos
1097 1231 1250 1282 modo
1286 1231 1598 1298 designatos.
1650 1230 1857 1297 Sulpicii
1887 1231 2079 1282 amicus

245 1320 479 1372 Paulinus
516 1321 740 1373 Nolanus
783 1321 1144 1388 (353—431)
1184 1323 1341 1374 Taciti
1376 1322 1644 1390 Dialogum
1684 1323 1748 1374 de
1793 1321 2081 1374 oratoribus

244 1412 446 1465 videtur
485 1414 743 1481 cognitum
785 1414 1057 1466 habuisse:
1106 1430 1221 1466 nam
1268 1430 1450 1466 vocem
1485 1430 1746 1481 perraram
1796 1420 1847 1467 et
1881 1414 1945 1465 ab
1977 1428 2079 1465 uno

243 1504 415 1555 Tacito
454 1504 626 1570 (O.8)
653 1505 886 1570 positam,
925 1504 1260 1562 substantiam
1295 1505 1594 1570 facultatum
1627 1521 1719 1571 pro
1757 1504 1936 1570 opibus
1971 1505 2081 1557 sive

239 1595 473 1660 pecunia,
513 1595 598 1647 ille
631 1596 857 1648 adhibuit
888 1596 940 1647 in
980 1596 1194 1662 epistola
1234 1598 1253 1647 I
1289 1597 1352 1648 ad
1392 1597 1664 1662 Sulpicium
1704 1597 1972 1668 Severum:
2011 1601 2082 1659 ιιι,

239 1686 409 1752 frater
455 1687 774 1738 dilectissime
791 1727 805 1753 ,
860 1689 929 1738 ad
983 1688 1233 1740 dominum
1285 1689 1530 1740 miraculo
1574 1688 1770 1739 maiore
1805 1701 2083 1739 conversus

243 1793 314 1843 es,
354 1778 475 1843 quia
501 1784 665 1830 aetate
694 1778 970 1844 florentior,
1008 1780 1245 1830 oneribus
1263 1780 1559 1844 patrimonii
1588 1780 1764 1843 levior,
1799 1778 2084 1830 substantia

240 1869 540 1934 facultatum
580 1886 683 1920 non
724 1871 947 1936 eyentior
969 1899 1036 1910 ·—
1059 1871 1319 1935 repentino
1356 1871 1540 1935 impetu
1579 1869 1864 1921 discussisti
1895 1870 2082 1921 servile

237 1960 441 2024 peccati
475 1960 658 2028 iugum.
733 1962 870 2013 Idem
907 1961 1157 2027 Sulpicius
1194 1962 1434 2014 Historiis
1483 1962 1640 2014 Taciti
1682 1976 1786 2013 non
1826 1966 1903 2014 est
1936 1977 2075 2027 usuS,

244 2066 543 2118 quamquam
603 2052 756 2105 multa
803 2053 1005 2105 inerant
1053 2053 1127 2104 eis
1185 2067 1314 2118 quae
1347 2046 1476 2119 'ipse
1531 2053 1756 2105 narravit
1806 2052 2077 2106 admodum

241 2143 397 2195 utilia.

377 2235 554 2288 Altero
583 2235 791 2287 dimidio
817 2236 976 2287 seculi
1015 2236 1173 2302 quinti
1204 2241 1276 2298 (a.
1300 2234 1608 2301 428-484J
1650 2237 1890 2289 Sidonius
1911 2237 2073 2303 Apol·-
2090 2235 2160 2284 24

245 2327 420 2382 linai-is
465 2328 623 2380 Taciti
691 2327 1029 2392 eloquentiam
1094 2333 1142 2379 et
1189 2333 1420 2378 ornatum
1479 2328 1748 2379 verborum
1799 2328 2072 2380 admiratus

240 2421 292 2472 in
331 2421 430 2473 hoc
479 2419 676 2485 copiam
730 2419 964 2483 dicendi,
1022 2419 1073 2468 in
1130 2418 1366 2470 Sallustio
1424 2419 1723 2472 brevitatem
1779 2419 2070 2471 celebravit.

241 2513 379 2579 Lege
418 2511 666 2563 Carminis
707 2511 870 2563 XXIII
908 2526 961 2560 V.
1001 2510 1304 2562 152—154:

378 2603 445 2654 Et
479 2608 525 2654 te
563 2603 710 2669 (quid
749 2610 954 2666 canam)
993 2602 1078 2667 qui
1114 2601 1380 2666 brevitate,
1422 2600 1629 2667 Crispe,
1665 2602 1854 2668 polles,

380 2695 445 2745 Et
483 2694 569 2758 qui
599 2709 698 2759 pro
739 2694 935 2760 ingenio
966 2692 1148 2758 fluente
1184 2693 1323 2756 nulli,

380 2784 583 2838 Corneli
625 2784 820 2849 Tacite,
857 2801 910 2841 es
950 2785 1192 2837 tacendus
1232 2784 1353 2835 ori?

377 2875 513 2927 Idem
553 2876 716 2927 Garm.
755 2877 797 2929 11
832 2893 878 2927 V.
915 2876 1013 2928 192
1049 2880 1313 2941 postquam
1347 2874 1566 2927 Sallustii
1601 2873 1917 2938 brevitatem,
1940 2874 2074 2925 Var-

239 2965 380 3017 ronis
415 2967 713 3033 gravitatem
757 2967 1027 3031 (pondus),
1063 2967 1322 3032 ingenium
1359 2966 1530 3028 Plauti,
1568 2965 1862 3026 Quintiliani
1900 2964 2073 3031 splen—

240 3056 410 3107 didum
444 3071 731 3110 sermonem
771 3058 1009 3125 (fulmen)
1050 3056 1282 3107 laudibus
1313 3056 1503 3119 extulit,
1545 3057 1709 3106 addit:
1752 3071 1853 3119 qua
1882 3069 2072 3119 pompa

244 3147 446 3198 Tacitus
482 3163 739 3213 nunquam
771 3148 880 3199 sine
916 3148 1064 3198 laude
1094 3147 1384 3211 loquendus.
1438 3147 1581 3197 Conf.
1617 3146 1868 3197 Prooemii
1910 3146 2070 3197 nostri

239 3254 347 3305 cap.
393 3241 423 3293 2
461 3245 632 3293 annot.
705 3240 834 3291 Huic
868 3240 1067 3306 integra
1106 3238 1261 3290 Taciti
1302 3253 1456 3304 opera
1496 3238 1736 3289 historica
1780 3237 1928 3290 etiam
1968 3242 2068 3289 tum

237 3330 299 3380 ad
338 3346 538 3382 manum
581 3330 739 3382 fuisse
780 3329 1026 3381 credibile
1063 3335 1154 3380 est.

340 3451 378 3491 1.
433 3450 524 3490 Hoc
577 3450 858 3505 cognoscitur
900 3462 953 3491 ex
1003 3449 1041 3490 11
1091 3452 1111 3490 1
1200 3447 1299 3490 Chr.
1349 3449 1428 3504 70)
1484 3448 1668 3490 dirutum
1723 3447 1881 3488 abhinc
1930 3459 2069 3488 annos

238 3509 283 3559 δ.
315 3508 369 3560 8,
404 3507 477 3549 ubi
509 3509 659 3549 scribit
691 3510 908 3552 Severus:
951 3510 1014 3550 ita
1047 3508 1115 3550 dei
1200 3514 1414 3549 trecentos
1447 3508 1626 3563 triyinta
1657 3514 1696 3548 et
1729 3520 1872 3548 unum.
1939 3504 2064 3547 Conf.

237 3574 342 3608 nutu
374 3567 569 3607 accensis
602 3569 786 3608 omnium
818 3570 974 3609 animis
1007 3575 1112 3609 tem·
1200 3566 1235 3608 ll
1270 3567 1297 3610 9
1330 3568 1374 3618 δ.
1410 3566 1460 3608 7:
1504 3579 1625 3607 omne
1666 3566 1776 3606 enim
1818 3572 1977 3620 tempus
2020 3565 2067 3605 in

231 3625 354 3683 plum
377 3625 846 3684 (Hierosolymitanum
873 3639 987 3670 anno
1015 3632 1113 3684 post
1199 3625 1450 3670 stiliconem
1469 3623 1683 3668 consulem
1702 3625 1766 3680 (a.
1787 3623 1899 3682 400)
1910 3623 2064 3666 direxi.
