2280 4004
231 261 292 305 40
982 264 985 267 “
1027 255 1321 300 ANNALIVM

232 403 320 456 alii
361 405 568 455 curvata
610 401 756 454 s'enio
795 399 1020 451 membra
1062 397 1414 451 ostendebant.

1811 269 1852 301 a.
1882 261 1930 301 ιι.
1958 255 2064 303 767.

1487 397 1834 452 Adsistentem
1862 399 2068 456 contio-

231 510 366 559 nem,
409 494 524 560 quia
559 492 804 559 permixta
844 490 1143 554 videbatur,
1185 488 1456 540 discedere
1492 488 1545 538 in
1581 489 1865 555 manipulos
1895 490 2065 545 iubet:

234 587 310 637 sic
334 584 514 636 melius
552 584 813 635 audituros
839 596 1168 647 responsum;
1205 579 1390 631 vexilla
1425 579 1692 646 praeferri,
1729 585 1784 631 ut
1810 580 1862 632 id
1889 581 2068 637 saltem

235 676 555 729 discerneret
578 674 834 726 cohorteS.
907 672 1072 724 Tarde
1100 671 1533 737 obtemperavere.
1607 672 1746 724 Tunc
1781 689 1810 724 a
1847 671 2070 724 venera-4

196 768 373 819 stlone
414 766 632 833 Augusti
674 779 821 816 orsus
858 763 998 815 flexit
1049 743 1132 814 ad*
1161 761 1406 814 victorias
1442 763 1824 830 triumphosque
1857 763 2065 829 Tiberii,

231 857 521 924 praecipuis
565 856 799 908 laudibus
839 854 1107 906 celebrans
1153 868 1283 920 quae
1320 853 1450 919 apud
1481 853 1778 923 Germanias
1816 853 1916 907 illis
1956 868 2068 907 cum

231 948 524 1015 legionibus
588 946 931 1013 pulcherrima
989 944 1214 997 fecisset.

1319 944 1494 997 Italiae
1561 944 1681 997 inde
1740 959 2066 1010 consensum,

233 1037 508 1089 Galliarum
546 1037 696 1089 fidem
747 1036 971 1100 extollit3
1032 1035 1104 1086 nil
1149 1050 1361 1102 usquam
1407 1034 1665 1087 turbidum
1714 1040 1799 1088 aut
1849 1035 2101 1112 discors]

231 1129 442 1181 Silentio
475 1130 604 1181 haec
632 1128 714 1181 vel
745 1143 999 1179 murmure
1026 1127 1231 1179 modico
1270 1126 1440 1179 audita
1464 1131 1596 1179 sunt.
1640 1163 1643 1165 -
1670 1128 1734 1179 Ut
1763 1126 2069 1190 seditionem

170 1235 218 1271 ιο
233 1220 426 1287 attigit,
464 1221 551 1271 ubi
594 1219 844 1272 modestia
881 1219 1140 1284 militariS,
1187 1219 1273 1269 ubi
1317 1219 1507 1271 veteris
1546 1218 1850 1284 disciplinae
1891 1218 2067 1284 decuS,
2110 1216 2119 1313 j

233 1326 451 1376 quonam
489 1310 736 1375 tribunOS,
761 1325 860 1377 quo
889 1309 1215 1362 centuriones
1242 1309 1555 1377 exegissent,
1589 1309 1839 1377 rogitans,
1877 1308 2071 1373 nudant

230 1401 457 1453 universi
495 1416 743 1467 corpora,
805 1401 1075 1453 cicatrices
1123 1416 1189 1452 ex
1224 1400 1547 1465 vulneribus,
1609 1400 1882 1452 verberum
1921 1405 2069 1453 notas
2101 1387 2114 1461 'l

231 1493 542 1558 exprobrant
555 1510 570 1556 3
615 1508 734 1545 mox
784 1491 1077 1544 indiscretis
1116 1491 1331 1543 vocibus
1369 1491 1531 1558 pretia
1573 1491 1928 1557 vacationum,
1973 1506 2071 1544 an-

231 1578 426 1650 gustias
465 1583 722 1649 stipendii,
764 1583 1000 1634 duritiam
1039 1598 1265 1651 operum,
1304 1598 1365 1634 ac
1396 1582 1620 1650 propriis
1656 1582 1947 1637 nominibus
1983 1583 2070 1637 in-

169 1679 411 1740 ,5cusant
445 1674 661 1740 vallum,
703 1675 900 1740 fossaS,
935 1674 1106 1741 pabuli
1143 1674 1387 1726 materiae
1421 1674 1678 1742 lignorum
1721 1679 1982 1743 aggestuS,
2019 1679 2070 1727 et

230 1766 274 1817 si
313 1780 410 1831 qua
435 1765 532 1818 alia
561 1781 624 1817 ex
651 1766 960 1817 necessitate
999 1771 1084 1818 aut
1117 1766 1365 1818 adversus
1403 1766 1559 1817 otium
1588 1771 1871 1818 castrorum
1908 1779 2071 1832 quae-

228 1861 422 1909 runtur.

513 1857 881 1909 Atrocissimus
954 1862 1314 1909 veteranorum
1375 1856 1568 1909 clamor
1621 1855 1910 1922 oriebatur,

1983 1857 2068 1922 qui

346 2012 387 2053 5.
423 2010 552 2053 elexit
566 2011 622 2053 M.
686 2010 920 2067 triumphos
942 2010 1158 2066 quitiberii
1183 2012 1239 2054 Μ.
1301 2011 1344 2054 6.
1379 2018 1483 2068 aput
1519 2011 1573 2054 M.
1636 2010 1678 2054 9.
1712 2024 1977 2056 murmurem
2011 2010 2067 2057 M.

234 2071 300 2113 12.
333 2071 539 2112 universa
570 2070 637 2112 M:
671 2071 863 2112 correxit
898 2070 1087 2125 Lipsius.
1154 2072 1223 2114 13.
1259 2072 1497 2127 exprobavit
1517 2071 1767 2127 —praetia
1796 2071 2070 2115 vocationum

226 2129 291 2172 M:
324 2130 514 2172 correxit
543 2129 799 2172 Beroaldus.
867 2131 935 2173 15.
963 2130 1117 2187 papuli
1146 2131 1201 2174 M.

313 2293 418 2348 Cap.
452 2296 523 2337 34.
587 2296 650 2337 sic
688 2296 838 2338 melius
878 2296 1100 2339 audituros

225 2367 499 2409 responsum:
558 2355 839 2396 Germanicus
887 2357 960 2410 qui
1011 2363 1102 2398 erat

227 2412 486 2454 clementior
514 2412 671 2470 (1157)
708 2427 760 2456 eo
779 2415 971 2470 mitigari
1005 2421 1101 2456 tur..

225 2471 350 2512 bidos
383 2472 570 2514 militum
603 2474 772 2515 animos
812 2474 1019 2527 putabat,
1064 2476 1099 2517 si

225 2530 496 2586 significaret
528 2545 576 2573 se
608 2546 695 2573 non
735 2534 936 2574 incusare
969 2547 1100 2588 prae-

227 2591 371 2630 sentia
404 2592 481 2632 sed
512 2591 565 2632 ad
598 2592 800 2647 querelas
841 2605 991 2634 eorum
1024 2607 1100 2635 re-

226 2661 435 2702 sponsum
485 2650 587 2692 dare
635 2651 779 2704 velle;
836 2651 936 2693 ideo
990 2652 1097 2694 dicit

226 2709 483 2762 permixtam
502 2710 754 2752 contionem
786 2710 831 2750 in
850 2711 1097 2765 manipulos

226 2773 431 2821 oportere
464 2768 707 2822 discedere,
740 2774 787 2810 ut
819 2769 972 2811 ordine
1005 2770 1098 2813 dis-

225 2827 358 2879 positi
390 2827 549 2869 melius
591 2829 794 2870 audirent
825 2841 1097 2883 responsum.

224 2884 271 2925 Id
289 2898 385 2926 cum
407 2885 570 2927 factum
597 2893 730 2940 esset,
764 2889 849 2929 iam
868 2888 1101 2930 audentior

226 2943 429 2983 admonet
448 2946 647 2986 militaris
675 2946 935 3000 disciplinae
967 2954 1099 3004 atque

226 3002 390 3044 vexilla
424 3004 636 3056 praeferri
671 3006 807 3046 iubet.

315 3061 476 3102 vexilla
501 3065 748 3118 praeferri,
789 3070 834 3104 ut
874 3062 920 3102 id
949 3063 1100 3106 saltem

225 3120 489 3162 discerneret
506 3122 700 3163 cohortes
714 3136 727 3163 .-
761 3121 828 3163 his
846 3122 991 3163 verbis
1023 3137 1097 3165 re-

225 3180 357 3233 spicit
389 3185 433 3222 et
454 3181 687 3234 exprobrat
714 3181 995 3223 centuriones
1017 3187 1113 3223 oc-'

226 3239 342 3279 cisos
375 3244 449 3279 aut
481 3246 682 3294 exactos,
727 3242 799 3296 qui
842 3253 938 3281 cum
971 3254 1096 3283 suum

226 3299 412 3352 quisque
445 3298 642 3340 ordinem
675 3300 837 3341 ducere
869 3311 956 3341 non
990 3314 1096 3355 pos-

226 3363 337 3407 sent,
372 3357 537 3399 vexilla
557 3359 770 3412 praeferri
790 3359 927 3412 iubet,
962 3367 1008 3401 ut
1040 3363 1094 3402 iis

226 3414 375 3454 saltem
394 3416 596 3459 cohortes
614 3419 830 3460 discretae
849 3420 983 3461 verba
1012 3420 1096 3461 du-

229 3473 290 3512 cis
326 3473 540 3516 audirent.
591 3477 767 3519 Praeter
785 3478 990 3532 aquilam,
1025 3481 1096 3520 in-

227 3532 353 3586 signe
395 3534 527 3573 totins
568 3534 781 3590 legionis,
827 3539 871 3578 in
910 3539 1095 3595 singulis

227 3588 477 3645 legionibus
495 3593 902 3653 inerantsexaginta
915 3598 1094 3651 vexilla,

227 3651 461 3704 sexagenis
504 3654 711 3694 centuriis
753 3655 990 3709 destinata,
1048 3659 1092 3699 in

1293 2130 1392 2187 adq.
1425 2130 1481 2174 M.

1188 2296 1347 2351 quibus
1385 2296 1509 2338 cuius
1536 2294 1746 2351 quodque
1767 2296 1961 2341 cohortis
1993 2312 2068 2343 es..

1186 2361 1267 2407 set,
1289 2355 1578 2409 perscriptum
1606 2361 1713 2397 erat.
1768 2356 1879 2400 Hinc
1901 2359 2067 2402 vexilla

1186 2413 1203 2455 I
1247 2415 1301 2456 18
1340 2417 1466 2470 siqua
1506 2414 1744 2455 cohortium
1786 2419 2068 2461 nominantur

1187 2479 1231 2514 et
1262 2473 1352 2516 137
1385 2475 1511 2530 siyna
1535 2479 1666 2529 atque
1685 2475 1857 2529 aquilae
1882 2476 2064 2521 duarum

1186 2532 1438 2590 legionum,
1473 2547 1510 2575 c.
1544 2533 1603 2576 39
1633 2533 1761 2588 siqua
1793 2534 1987 2592 legionis
2021 2544 2066 2580 et

1187 2591 1335 2646 aquila
1370 2594 1464 2634 eius
1498 2600 1841 2647 componuntur,
1877 2609 1973 2651 cap.
2005 2599 2063 2641 47

1188 2651 1410 2706 aquiliferi
1450 2665 1548 2693 cum
1579 2653 1806 2707 siqniferis
1837 2660 1882 2695 et
1918 2654 1975 2696 111
2006 2657 2065 2700 20

1184 2711 1386 2766 siqniferi
1427 2712 1556 2752 unius
1598 2711 1794 2753 cohortis
1842 2713 2064 2758 Romanae

1186 2776 1592 2812 commemorantur.
1696 2771 1876 2826 Propria
1916 2779 2062 2816 autem

1185 2835 1358 2882 praeter
1389 2830 1556 2872 vexilla
1573 2829 1822 2872 cohortium
1855 2831 2062 2889 legiona-

1184 2889 1345 2930 riarum
1378 2891 1507 2946 signa
1538 2888 1659 2931 nulla
1691 2889 1832 2933 fuere.
1900 2892 2059 2950 Veget.

1183 2946 1219 2987 11
1246 2949 1323 2990 13:
1357 2948 1525 3004 antiqui
1557 2950 1659 3004 quia
1679 2951 1873 2992 sciebant
1893 2951 1940 2994 in
1965 2953 2063 2994 acie

1187 3008 1405 3048 commisso
1467 3007 1574 3049 bello
1638 3009 1838 3052 celeriter
1889 3011 2062 3053 ordines

1184 3067 1381 3119 aciesque
1428 3067 1597 3108 turbari
1644 3075 1769 3122 atque
1837 3071 2058 3124 confundi,

1183 3137 1236 3164 ne
1267 3123 1348 3165 hoc
1375 3133 1517 3180 posset
1538 3126 1753 3179 accidere,
1788 3126 1982 3170 cohortes
2013 3130 2061 3170 in

1185 3184 1402 3225 centurias
1424 3185 1659 3226 diviserunt
1680 3192 1719 3226 et
1740 3185 1921 3242 sinqulis
1952 3201 2058 3229 cen-

1184 3243 1308 3283 turiis
1338 3243 1510 3299 sinqula
1539 3243 1701 3285 vexilla
1732 3246 2057 3300 constituerunt,

1181 3301 1246 3342 ita
1290 3309 1336 3343 ut
1379 3317 1432 3343 ea·
1476 3316 1560 3357 qua
1611 3303 1784 3345 cohorte
1820 3304 1889 3346 vel
1930 3314 2057 3360 quota

1184 3368 1291 3402 esset
1313 3364 1523 3415 centuria,
1555 3364 1602 3404 in
1624 3363 1698 3404 illo
1720 3363 1876 3405 vexillo
1903 3361 2055 3406 litteris

1183 3427 1289 3462 esset
1311 3422 1585 3478 adscriptum,
1619 3423 1729 3476 quod
1748 3424 1957 3464 intuentes
1987 3424 2055 3464 vel

1183 3479 1369 3535 legentes
1391 3480 1545 3523 milites
1563 3484 1609 3523 in
1633 3483 1853 3535 quantovis
1876 3482 2054 3524 tumultu

1181 3553 1210 3579 a
1233 3541 1604 3582 contubernalibus
1628 3541 1715 3582 suis
1735 3540 1943 3581 aberrare
1964 3554 2052 3582 non

1175 3608 1361 3654 possent.
1415 3600 1539 3652 Quod
1564 3599 1775 3654 Vegetius
1799 3599 1929 3654 paulo
1948 3605 2050 3643 ante

1177 3660 1314 3712 ponit,
1350 3660 1561 3701 dracones
1594 3659 1721 3700 etiam
1746 3671 1827 3715 per
1858 3658 2049 3716 singulas

2099 1316 2111 1384 l

2278 745 2280 758 ..
2271 700 2280 734 ,ι
2261 383 2280 687 ..Λ--ιιι--ςι-ί
