2280 4004
134 1324 252 1531 nl

266 299 371 346 αθ.
405 299 478 347 24.

835 300 998 345 LIBER
1028 299 1103 346 IV.
1167 299 1273 345 CAr.
1309 301 1498 346 28-30.

2003 300 2092 346 261

267 445 668 495 accerserentur.
745 440 845 494 Sed
883 440 935 492 hi
973 441 1174 507 quidem
1211 442 1377 492 statim
1413 441 1662 508 exempti:
1705 441 1757 492 in
1797 425 1990 508 patrem
2029 459 2093 493 ex

267 533 432 585 servis
470 532 777 598 quaesitum,
834 536 883 583 et
932 533 1161 598 quaestio
1213 532 1429 584 adversa
1481 533 1767 583 accusatori
1811 532 1920 583 fuit.

1997 532 2094 593 Qui

267 622 466 675 scelere
502 636 715 686 vecorS,
768 622 914 673 simul
948 622 1087 689 vulgi
1124 637 1328 673 rumore
1365 623 1598 687 territUS,
1638 622 1797 674 robur
1830 628 1879 674 et
1916 637 2092 674 saxum

267 719 351 764 aut
385 711 750 779 parrIcidarum
779 728 972 778 poenas
1010 714 1357 778 minitantium,
1400 714 1555 765 cessit
1590 714 1731 766 urbe.

1810 715 1888 766 Ac
1928 721 2095 767 retra-

267 808 376 877 ctus
410 804 651 855 Ravenna
691 804 872 869 exequi
921 805 1298 856 accusationem
1341 804 1587 872 adigitur,
1651 820 1755 856 non
1808 805 2132 864 occultante5

266 893 467 945 Tiberio
503 898 647 945 vetus
699 894 869 945 odium
918 895 1188 947 adversum
1240 895 1436 948 exulem
1472 897 1731 949 Serenum.

1806 898 1931 949 Nam
1976 904 2093 965 post

264 984 553 1037 ‘damnatum
591 985 834 1037 Libonem
871 986 1039 1037 missis
1078 987 1141 1038 ad
1171 987 1440 1039 Caesarem
1475 989 1655 1039 litteris
1697 990 2095 1055 exprobraverat

265 1091 408 1128 suum
435 1080 624 1127 tantum
651 1076 868 1128 studium
898 1077 1009 1128 sine
1035 1078 1198 1128 fructu
1238 1078 1413 1143 fuisse,
1441 1079 1806 1145 addideratque
1846 1081 2094 1146 quaedam

267 1167 612 1219 contumacius
664 1182 810 1234 quam
863 1172 1016 1219 tutum
1069 1169 1199 1235 apud
1248 1183 1396 1220 aures
1437 1170 1681 1236 superbas
1732 1175 1781 1221 et
1819 1170 2092 1222 offensioni

263 1259 550 1325 proniores,

623 1259 696 1310 Ea
721 1260 912 1311 Caesar
950 1265 1066 1311 octo
1100 1266 1217 1326 post
1253 1275 1415 1312 annos
1452 1261 1658 1325 rettulit,
1705 1261 1924 1313 medium
1961 1267 2091 1314 tem-
2109 1280 2157 1316 10

264 1364 357 1417 pus
399 1350 541 1402 varie
588 1365 836 1418 arguenS,
907 1351 1103 1403 etiamsi
1162 1356 1411 1403 tormenta
1475 1352 1766 1418 pervicacia
1826 1367 2092 1404 servorum

267 1444 444 1493 contra
496 1441 802 1492 evenissent.

891 1441 1050 1492 Dictis
1101 1441 1219 1492 dein
1270 1442 1536 1493 sententiis
1589 1447 1642 1492 ut
1681 1442 1902 1494 Serenus
1951 1459 2093 1496 more

267 1532 511 1583 maiorum
546 1532 822 1598 puniretur,
861 1547 960 1598 quo
991 1532 1210 1583 molliret
1246 1532 1503 1597 invidiam,
1539 1533 1844 1585 intercessit.

1923 1534 2093 1586 Gallus

265 1621 482 1674 Asinius'
506 1621 674 1689 Gyaro
712 1627 795 1674 aut
819 1623 1027 1673 Donusa
1063 1622 1399 1674 claudendum
1436 1638 1546 1674 cum
1578 1630 1827 1689 censeret,
1872 1624 1922 1675 id
1964 1639 2095 1691 quo-

267 1727 364 1779 que
395 1718 691 1779 aspernatus
727 1718 818 1778 est,
859 1728 1073 1781 egenam
1114 1727 1276 1779 aquae
1298 1717 1560 1779 utramque
1599 1714 1814 1766 insulam
1840 1716 2159 1781 1·eferenS,¹s

267 1803 563 1870 dandosque
609 1804 744 1855 vitae
793 1819 914 1855 usus
975 1806 1054 1855 cui
1111 1805 1213 1855 vita
1277 1804 1667 1856 concederetur.

265 1896 543 1962 Amorgum
582 1900 884 1961 reportatur.

1763 1806 1832 1856 Ita
1873 1807 2094 1858 Serenus

960 1896 1022 1947 Et
1061 1896 1176 1962 quia
1213 1896 1462 1947 Cornutus
1501 1912 1591 1947 sua
1628 1912 1779 1947 manu
1818 1897 2093 1964 ceciderat,

388 2050 426 2090 1.
459 2056 785 2091 accerserentur
813 2050 868 2101 Μ,
901 2062 988 2091 non
1018 2058 1352 2092 arcesserentur.
1389 2051 1445 2091 cf.
1490 2055 1637 2091 annot.
1671 2050 1724 2091 ad
1756 2051 1806 2091 H.
1845 2051 1865 2092 1
1904 2052 1971 2092 14.
2049 2052 2091 2092 3.

265 2108 457 2150 scaelere
487 2108 542 2150 M.
635 2110 676 2151 5.
711 2123 798 2150 exs,
834 2108 905 2151 Or.

267 2181 426 2209 tersus.
519 2167 560 2210 9.
591 2169 871 2209 contumatius
911 2170 965 2211 Μ.

272 2228 340 2269 14.
375 2240 469 2268 cum
500 2226 722 2280 supplevit
753 2227 959 2270 Muretus.

267 2287 437 2341 ferrens
467 2286 521 2327 M.
618 2287 685 2329 17.
720 2300 841 2327 amor
872 2301 964 2329 cum
999 2287 1051 2330 M.

269 2429 516 2484 proditurus
560 2436 701 2483 esset,
743 2432 872 2472 immo
917 2437 1004 2473 tum
1047 2433 1141 2473 eius

267 2490 506 2531 vanitatem
540 2495 584 2531 et
617 2489 795 2532 Cornuti
829 2504 1038 2547 suamque
1071 2492 1142 2532 in-

268 2550 515 2590 nocentiam
527 2550 727 2591 omnibus
742 2550 835 2592 l‘ore
851 2552 1126 2605 perspicuam

274 2607 421 2649 Verbo
450 2607 578 2664 prodi
607 2621 685 2662 per
720 2610 965 2652 irrisionem
990 2611 1141 2652 utitur.

268 2666 364 2708 Non
399 2672 622 2709 assecutus
643 2672 709 2710 est
735 2668 821 2709 loci
847 2669 934 2709 vim
959 2668 1140 2722 Neuius,

271 2726 342 2781 qui
366 2727 414 2766 ni
441 2725 729 2782 proderentur
747 2727 826 2768 alii
849 2727 1140 2781 scribendum,

271 2790 315 2826 ct
346 2785 600 2838 Seyffertus‚
633 2786 706 2840 qui
735 2787 820 2827 nisi
844 2787 1141 2840 reponendum

275 2843 608 2885 commendavit.

360 2900 465 2955 Gap.
498 2902 569 2946 29.
626 2902 874 2943 Lentulum.-
906 2903 1023 2945 conf.
1057 2904 1139 2945 Dio

272 2958 387 3000 LVII
419 2962 492 3003 24.
537 2960 716 3002 Mortem
749 2962 831 3003 viri
852 2961 1024 3004 Tacitus
1050 2968 1140 3004 tra-

273 3017 334 3059 dit
366 3032 404 3061 c.
436 3019 508 3062 44.
636 3019 793 3062 Tubero
842 3020 1005 3076 desecto
1039 3036 1140 3063 cor-

268 3090 399 3132 pore.-
446 3078 483 3119 is
524 3077 628 3119 olim
677 3078 847 3136 legatus
896 3080 1139 3122 Germanici

273 3135 440 3178 suerat:
473 3135 513 3178 11
544 3139 615 3180 21.

361 3194 491 3236 robur
523 3203 562 3237 et
591 3209 772 3237 saxum:
814 3196 888 3238 alii
932 3203 1140 3254 strangu-

276 3251 408 3293 latum
450 3253 501 3293 iri
548 3260 845 3296 accusatorem
889 3256 932 3296 in
984 3257 1140 3298 robore

274 3310 502 3363 Tulliano,
560 3311 602 3354 h.
654 3326 693 3354 e.
753 3312 899 3354 infimo
950 3316 1138 3356 carceris

275 3370 454 3411 Romani
488 3369 604 3422 loco,
629 3370 703 3411 alii
726 3370 1016 3413 deiiciendum
1042 3387 1138 3414 esse

274 3429 327 3470 de
360 3427 664 3482 saxo'rarpeio
697 3427 988 3472 clamitabant.
1034 3431 1139 3472 'l‘ul-

274 3487 437 3529 lianum
481 3487 688 3529 describit
736 3487 966 3529 Sallustius
1011 3489 1137 3531 Catil.

276 3546 346 3588 55.
390 3546 546 3588 Paulus
580 3545 781 3601 Excerpt.
817 3559 869 3587 ex
889 3546 1004 3589 Fest.
1038 3562 1072 3590 s,
1099 3562 1138 3590 v.

284 3604 437 3647 Rebus.
500 3605 678 3649 Plautus
712 3608 755 3648 in
787 3605 920 3647 Poen.
958 3607 994 3648 V
1025 3609 1052 3650 3
1084 3609 1141 3651 33

279 3662 427 3707 iocose
448 3671 579 3708 vocat
591 3673 763 3724 puteum
781 3671 907 3721 atque
931 3666 1143 3709 robustum

1010 2123 1096 2150 non
1129 2111 1316 2151 calcante
1347 2109 1401 2150 M.
1466 2109 1509 2150 6.
1545 2110 1770 2151 adeersum
1802 2109 1855 2161 M,
1889 2121 1975 2149 non
2009 2109 2091 2150 ad-

1059 2176 1160 2224 aput
1194 2170 1246 2211 M.

1035 2236 1227 2270 censeret
1259 2227 1320 2280 M,
1355 2239 1439 2267 non
1475 2226 1608 2282 Lipsii
1644 2241 1831 2269 censere.

1343 2169 1411 2209 ll.
1435 2168 1588 2209 variae
1616 2168 1671 2210 M.
1766 2169 2011 2224 pervicatia
2037 2168 2092 2210 M.

1920 2228 1987 2270 15.
2020 2241 2096 2269 re-

1229 2430 1430 2472 codicem.
1492 2430 1730 2485 Utrumque
1763 2443 1921 2472 nomen
1943 2432 2099 2485 (robur

1228 2496 1271 2532 et
1314 2494 1487 2546 saxum)
1534 2489 1694 2531 nudum
1735 2503 1899 2544 ponere
1948 2490 2100 2531 debuit

1227 2563 1370 2591 rerum
1415 2549 1624 2604 scriptor,
1672 2562 1768 2590 cum
1811 2550 1928 2603 ipsas
1961 2562 2097 2591 voces

1226 2609 1351 2665 vulgi
1384 2609 1623 2650 minitantis
1658 2608 1889 2662 proferret.
1934 2610 2099 2651 Saxum

1229 2669 1359 2710 etiam
1392 2667 1430 2709 11
1463 2669 1522 2710 32
1554 2680 1630 2722 pro
1657 2680 1762 2708 saxo
1785 2667 1983 2722 Tarpeio,
2032 2668 2098 2710 De

1226 2727 1381 2781 poenis
1424 2726 1733 2780 parricidarum
1777 2741 1818 2768 v.
1872 2725 1964 2769 Cic.
2017 2735 2096 2781 pro

1227 2787 1385 2827 Roscio
1420 2786 1566 2827 Amer.
1602 2787 1683 2829 25:
1728 2787 1843 2827 insui
1874 2786 2098 2828 voluerunt

1226 2846 1272 2885 in
1306 2845 1469 2886 culeum
1503 2846 1620 2886 vivos
1653 2852 1776 2900 alque
1800 2846 1863 2886 ita
1879 2846 1925 2885 in
1942 2846 2099 2900 {lumen

1228 2905 1370 2945 deiici.
1425 2904 1489 2945 De
1523 2906 1666 2958 prisca
1700 2904 1922 2959 parricidii
1954 2916 2097 2958 poena

1226 2963 1494 3005 Modestinus
1532 2963 1605 3006 l.9
1630 2963 1731 3019 Dig.
1766 2964 1816 3005 de
1842 2963 2098 3020 parricidiis

1226 3021 1422 3079 (XLVIlI
1454 3021 1521 3078 9).

1313 3095 1432 3123 suum
1482 3088 1646 3122 tantum
1690 3080 1897 3121 studium.-
1949 3081 2096 3134 itaque

1227 3138 1273 3180 C.
1312 3140 1466 3181 Vibius
1499 3140 1535 3180 11
1569 3140 1627 3182 30
1657 3139 1699 3178 in
1741 3138 1920 3178 Libonis
1961 3151 2095 3179 accu-

1225 3199 1442 3239 satoribus
1457 3201 1717 3239 memoratus
1734 3196 1847 3237 idem
1866 3195 1950 3237 fuit
1964 3201 2096 3250 atque

1228 3257 1289 3308 is,
1340 3258 1462 3297 cuius
1497 3255 1539 3296 h.
1575 3256 1603 3296 l.
1639 3255 1862 3295 accusatio
1896 3254 2093 3295 tradit-ur.

1224 3314 1346 3356 Nunc
1399 3317 1469 3368 (c.
1518 3313 1605 3367 28)
1671 3312 1833 3353 Vibium
1886 3313 2096 3354 Serenum

1227 3373 1419 3421 vocavit,
1453 3372 1553 3426 quia
1588 3371 1696 3411 haec
1729 3372 1901 3412 nomina
1935 3373 1974 3412 ei
1998 3384 2094 3411 cum

1227 3431 1316 3472 lilio
1358 3442 1437 3471 suo
1483 3426 1726 3469 conun'unia
1771 3430 1971 3481 fuerunt,
2025 3431 2094 3470 cui

1226 3500 1488 3544 praenomen
1524 3488 1639 3529 aliud
1674 3487 1799 3528 nobis
1835 3491 2047 3543 ignotum.

1316 3546 1419 3601 Cap.
1442 3547 1514 3589 30.
1557 3546 1787 3603 Amorgum
1819 3553 2092 3603 reportatur.-

1229 3606 1330 3649 hinc
1362 3606 1589 3648 liberatum
1635 3606 1816 3662 urbique
1849 3608 2095 3649 restitutum

1229 3667 1437 3708 Serenum
1491 3678 1587 3708 esse
1636 3665 1807 3709 Tacitus
1848 3667 1890 3708 in
1937 3667 2095 3709 amissa
