2280 4004
177 287 284 335 113.
315 291 390 338 49.
410 304 426 311 ··
730 289 892 335 LIBER
924 289 1015 335 ΧΠ.
1077 289 1184 333 CAP.
1221 289 1407 335 18-22.
1935 284 1996 329 ὅθ

179 435 230 483 et
260 430 424 483 libido
459 430 715 482 vindictae
756 428 1035 496 adigebat:
1084 427 1175 479 sed
1211 425 1558 479 disserebatur
1595 430 1770 479 contra
1807 423 1999 492 suscipi

178 521 361 575 bellum
399 521 514 573 avio
550 522 765 585 itinere,
805 521 1118 587 importuoso
1158 519 1314 582 mari3
1351 519 1413 569 ad
1453 519 1551 570 hoc
1588 533 1738 586 reges
1775 518 1997 583 feroces,

178 627 340 680 vagos
375 612 612 678 populos,
651 611 818 663 solum
859 612 1060 678 frugum
1101 626 1288 678 egens3
1341 616 1441 661 tum
1481 610 1699 662 taedium
1741 626 1805 661 ex
1837 623 1997 677 mora,

177 703 399 770 pericula
437 719 501 754 ex
539 702 879 769 properantia,
916 703 1168 754 modicam
1204 702 1482 754 victoribus
1516 700 1732 765 laudem,
1771 716 1831 751 ac
1868 698 2002 750 mul*

177 799 278 848 tum
313 794 578 858 infamiae,
633 794 677 845 si
727 793 1049 860 pellerentur.
1124 793 1254 860 Quin
1291 794 1541 860 arriperet
1589 792 1756 845 oblata
1800 796 1850 843 et
1885 799 2040 845 ser-5

176 889 320 938 varet
357 884 581 948 exulem3
637 884 717 935 cui
755 885 893 950 inopi
932 889 1117 952 quanto
1156 884 1441 951 longiorem
1479 886 1658 948 vitam,
1718 888 1855 935 tanto
1890 881 2001 948 plus

175 975 405 1042 supplicii
438 976 564 1027 fore.
637 976 726 1029 His
760 980 1016 1041 permotus
1051 975 1255 1041 scripsit
1291 975 1491 1028 Eunoni
1530 975 1760 1027 meritum
1800 973 2001 1040 quidem

176 1066 453 1122 novissima
495 1066 721 1132 exempla
753 1066 1093 1131 Mithridaten,
1133 1081 1231 1117 nec
1270 1067 1367 1120 sibi
1407 1066 1507 1120 vim
1549 1066 1613 1117 ad
1653 1065 2002 1134 exequendum

130 1210 131 1213 ,
175 1156 387 1211 deesse:
439 1172 612 1210 verum
654 1157 722 1207 ita
759 1157 1039 1211 maioribus
1077 1157 1340 1223 placitum,
1405 1162 1586 1225 quanta
1622 1155 1912 1223 pervicacia
1949 1155 2001 1210 in

175 1247 389 1311 hostem,
430 1251 564 1299 tanta
603 1247 937 1300 beneficentia
977 1247 1221 1299 adversus
1259 1247 1510 1313 supplices
1549 1247 1803 1301 utendum.
1875 1246 1999 1298 Nam
2016 1263 2065 1303 w

90 1340 155 1388 21
174 1338 454 1404 triumphos
509 1339 572 1390 de
619 1339 818 1405 populis
873 1339 1148 1406 regnisque
1198 1339 1410 1406 integris
1463 1338 1672 1405 acquiri.
1769 1337 2001 1390 Traditus

178 1429 390 1496 posthac
431 1429 778 1494 Mithridates,
840 1435 1118 1496 vectusque
1158 1432 1366 1482 Romam
1420 1445 1511 1495 per
1544 1430 1734 1480 Iunium
1774 1429 2001 1481 Cilonem

177 1525 558 1586 procuratorem
594 1522 768 1586 Ponti,
827 1520 1051 1576 fero-cius
1103 1537 1250 1588 quam
1308 1537 1400 1588 pro
1455 1522 1656 1573 fortuna
1697 1521 2003 1573 disseruisse
2070 1531 2078 1536 ’

177 1611 308 1678 apud
353 1611 622 1664 Caesarem
661 1612 944 1678 ferebatur,
986 1613 1216 1679 elataque
1252 1629 1354 1664 vox
1394 1613 1502 1664 eius
1532 1613 1582 1663 in
1619 1612 1824 1680 vulgum
1861 1612 2003 1664 hisce

177 1702 348 1754 verbis
382 1699 505 1754 ‘non
552 1719 662 1754 sum
707 1704 951 1755 remissus
992 1704 1055 1755 ad
1109 1710 1187 1768 tc,
1244 1705 1335 1756 sed
1370 1720 1643 1756 reversus:
1701 1704 1782 1755 vel
1820 1704 1865 1756 si
1902 1712 2071 1757 non¹⁵

175 1793 363 1858 crediS,
389 1794 578 1848 dimitte
603 1800 651 1846 et
673 1795 898 1861 quaere.'
934 1795 1081 1847 Vultu
1105 1810 1305 1862 quoque
1327 1797 1556 1848 interrito
1577 1795 1869 1862 permansit,
1894 1810 2006 1847 cum

174 1886 356 1944 Rostra
395 1885 548 1950 iuxta,
578 1886 871 1938 custodibus
901 1887 1256 1952 circumdatuS,
1285 1889 1416 1940 visui
1451 1888 1634 1955 populo
1660 1887 2004 1954 praeberetur.

178 1975 476 2029 Consularia
511 1977 731 2044 insignia
773 1978 953 2042 Ciloni,
997 1979 1212 2044 Aquilae
1246 1980 1500 2047 praetoria
1537 1980 1893 2031 decernuntur.

94 2069 162 2116 22
319 2068 484 2119 Isdem
519 2069 812 2125 consulibus,
844 2074 989 2121 atrox
1016 2071 1122 2121 odii
1148 2070 1427 2137 Agrippina
1474 2087 1534 2122 ac
1562 2071 1752 2122 Lolliae
1786 2070 2003 2134 infensa,

181 2153 314 2219 quod
353 2168 524 2203 secum
564 2152 628 2205 de
665 2154 983 2205 matrimonio
1022 2155 1265 2220 principis
1308 2155 1624 2219 certavisset,
1665 2154 1866 2206 molitur
1901 2154 2005 2208 cri·-
2021 2167 2070 2205 πο

180 2242 313 2294 mina
354 2247 404 2293 et
431 2248 797 2308 accusatorem,
839 2244 922 2310 qui
962 2245 1188 2296 obiceret
1217 2245 1518 2310 ChaldacOS,
1549 2260 1745 2314 magOS,
1783 2246 2007 2297 interro-

178 2338 451 2403 gatumque
473 2333 724 2400 Apollinis
748 2335 900 2387 Clarii
929 2337 1251 2388 simulacrum
1280 2353 1431 2404 super
1457 2337 1639 2404 nuptiis
1667 2337 2004 2404 imperatoris.

296 2489 338 2529 2.
371 2487 458 2543 inp.
491 2485 570 2529 Ma.
661 2488 719 2530 ad
748 2488 828 2531 hoc
850 2489 929 2542 Ma,
964 2501 1050 2530 non
1083 2492 1141 2532 ael
1171 2491 1292 2537 haec.
1414 2492 1456 2533 3.
1491 2505 1642 2547 eqen83
1675 2495 1779 2548 tum]
1816 2497 2009 2547 eqentum

181 2544 302 2600 (add.
336 2560 391 2587 ex
422 2558 534 2588 corr.
567 2551 608 2603 s)
639 2546 718 2590 Ma.
855 2554 896 2592 4.
928 2549 1127 2605 pericula
1158 2550 1238 2603 Ma,
1268 2549 1507 2607 periculum
1538 2550 1584 2592 G.
1740 2551 1780 2593 5.
1816 2551 1918 2605 quin
1950 2550 2006 2592 G:

179 2603 245 2651 illa
277 2605 359 2650 cui.
507 2605 550 2648 8.
584 2607 802 2648 mitridate
839 2607 918 2650 Ma.
1076 2611 1142 2653 10.
1177 2610 1359 2662 hostem,
1394 2614 1534 2667 tanta]
1571 2610 1650 2651 hoc
1680 2616 1884 2666 tenzptata
1916 2609 2006 2651 Ma:

99 2682 101 2684 ·
181 2663 428 2706 emendavit
461 2664 665 2707 Muretus.
821 2668 888 2710 12.
920 2669 1099 2723 posthac
1136 2668 1211 2722 illa,
1247 2683 1333 2710 non
1363 2676 1456 2725 post
1489 2669 1611 2710 haec.
1769 2683 1892 2711 roma
1923 2668 2003 2712 Ma.

181 2721 370 2781 calonem
401 2722 492 2765 Ma:
523 2726 714 2766 correxit
749 2725 920 2780 Lipsius
954 2741 1008 2769 ex
1043 2728 1185 2770 Dione
1219 2729 1277 2774 60
1309 2730 1381 2772 33.
1482 2729 1548 2771 18.
1585 2727 1727 2770 coloni
1757 2728 1837 2771 Ma.
1933 2729 2005 2774 20.

179 2781 370 2826 mollitur
404 2781 486 2824 Ma.
577 2787 648 2827 21.
684 2784 883 2826 chaldeos
917 2785 995 2830 Ma.

269 2903 407 2958 capite
440 2904 720 2958 offenderet.-
753 2903 803 2946 in¹
830 2906 916 2947 tine
946 2919 1052 2949 sen-
1139 2914 1218 2948 ter.
1283 2909 1422 2950 Minor
1454 2908 1635 2950 audacia
1667 2909 1711 2949 in
1748 2907 1804 2949 VI
1844 2909 1898 2952 10
1929 2922 2010 2951 sua

179 2962 342 3005 tentiae
364 2963 570 3016 quoniam
589 2969 631 3004 et
651 2964 833 3006 solveret
860 2971 903 3006 et
919 2965 1053 3007 lueret
1138 2967 1332 3023 exempla
1383 2970 1430 3010 in
1479 2968 1740 3010 consultores
1789 2967 2005 3021 recidisse,

180 3031 266 3062 non
298 3022 404 3062 satis
439 3022 634 3077 graviter
681 3023 734 3064 ad
769 3037 895 3066 aures
928 3027 1050 3067 acci·
1138 3026 1180 3068 h.
1202 3041 1241 3068 e.
1277 3027 1478 3081 exempla
1510 3026 1743 3068 delationis
1776 3040 1800 3067 a
1824 3041 1871 3068 se
1897 3040 2007 3068 con-

180 3077 333 3132 debat,
385 3080 564 3122 verbum
607 3080 745 3138 elegit
789 3083 962 3137 plenius
1008 3091 1051 3126 et
1134 3085 1319 3127 sulendo
1353 3086 1469 3127 edita
1501 3086 1543 3126 in
1579 3087 1696 3139 ipsos
1727 3085 1953 3127 recidisse.

183 3143 414 3192 cognatum
448 3141 717 3195 expenderet.
780 3142 852 3184 Sic
898 3144 1049 3200 virgi·
1227 3144 1331 3197 Cap.
1364 3147 1435 3187 21.
1483 3144 1600 3185 vultu
1621 3171 1673 3176 —-
1694 3144 2003 3198 praeberetur.-

183 3193 267 3236 lius
299 3195 478 3241 11229:
511 3200 646 3242 scetus
678 3201 927 3256 expendisse
956 3216 1048 3245 me-
1135 3202 1188 3244 de
1232 3203 1390 3243 ceteris
1436 3202 1563 3242 huius
1597 3201 1856 3243 Mithridatis
1902 3203 2004 3245 fatis

184 3259 345 3296 rentem
369 3254 618 3298 Laocoonta
647 3260 806 3311 ferunt.
846 3260 902 3304 VI
936 3260 1047 3305 740:
1136 3274 1176 3302 v.
1201 3260 1419 3304 Plutarch.
1447 3260 1567 3302 Galb.
1589 3262 1654 3302 15.
1675 3260 1775 3302 Post
1797 3262 2004 3302 coniura-

182 3319 450 3367 telerumque
480 3315 690 3359 „talorum
728 3318 940 3372 supplicia
972 3333 1049 3360 eoe-
1136 3320 1296 3361 tionem
1319 3318 1568 3372 Nymphidii
1589 3319 1750 3361 Galbae
1771 3326 2003 3373 suspectus

180 3372 386 3428 pendunt.
421 3373 454 3414 Χ
475 3373 585 3416 669:
621 3374 726 3416 tales
757 3375 938 3417 voluisse
971 3392 1049 3418 ex-
1134 3379 1242 3418 mon-i
1277 3379 1454 3420 adactus
1488 3384 1568 3419 est.
1612 3378 1678 3419 De
1703 3377 1826 3420 Iunio
1846 3378 2002 3423 Cilone

178 3431 366 3487 pendere
394 3432 588 3487 poenas?
620 3433 809 3476 x1258:
842 3435 1050 3479 scelerum
1135 3436 1217 3478 Dio
1251 3437 1319 3478 Lx
1353 3438 1425 3479 33.

178 3503 342 3546 poenas
373 3491 645 3546 esqzemlimus
676 3506 833 3535 omnes.
1223 3494 1326 3549 Cap.
1349 3498 1420 3539 22.
1462 3497 1851 3552 intei·r09atumque
1863 3497 2001 3553 Apol-

269 3548 372 3604 Cap.
407 3551 479 3594 20.
553 3552 783 3593 novissima
822 3550 1046 3608 exempla.-
1133 3554 1233 3596 lim’s
1268 3554 1409 3597 Clarii
1438 3555 1741 3598 simulacrum:
1780 3558 2001 3611 interpre-

185 3613 399 3655 extremas
431 3622 594 3664 poenas
627 3610 725 3653 aliis
768 3612 812 3653 in
846 3610 1045 3666 exempla
1132 3618 1222 3656 tare
1253 3614 1344 3656 und
1375 3614 1442 3656 die
1465 3614 1604 3671 Fraye
1631 3630 1708 3657 vor
1726 3617 1862 3658 einem
1879 3616 2000 3660 Bilde

186 3678 394 3714 cessuras.
454 3669 579 3715 Nove
624 3669 784 3715 dictum
818 3676 861 3715 et
890 3671 1044 3717 brevi..
1132 3672 1203 3716 des
1236 3673 1492 3719 Clari'scken
1523 3674 1691 3732 Apollo.
1750 3674 1908 3733 Cogita
1935 3677 1999 3719 si-
