2280 4004
243 280 333 331 140
1003 284 1292 331 ANNALIVM

1803 297 1845 331 a.
1875 292 1923 332 u.
1952 283 2059 338 809.

378 426 650 481 Damnatus
689 427 850 480 isdem
893 428 1186 482 consulibus
1223 429 1492 496 Vipsanius
1533 430 1728 483 Laenas
1778 430 1844 483 ob
1882 429 2144 489 Sardi-ao

238 515 373 571 niam
406 518 718 583 provinciam
757 535 911 571 avare
958 521 1193 573 habitam.
1269 521 1545 574 Absolutus
1586 521 1783 574 Cestius
1818 521 2059 576 Proculus

237 608 656 675 repetundarum,
700 611 996 664 cedentibus
1035 613 1436 667 accusatoribus,
1513 614 1720 669 Clodius
1765 612 2058 678 QuirinaliS,

238 698 374 763 quod
429 700 718 765 praefectus
772 703 1021 771 remigum
1077 704 1160 774 qui
1206 706 1479 757 Ravennae
1527 705 1862 771 haberentur,
1923 703 2062 758 velut

197 786 452 842 sinfimam
495 791 752 844 nationum
807 794 996 847 Italiam
1048 795 1246 848 luxuria
1308 796 1621 864 saevitiaque
1676 796 2057 863 adflictavisset,

232 895 434 934 veneno
479 882 851 938 damnationem
895 888 1083 940 anteiit.
1160 888 1400 941 Caninius
1440 888 1680 955 Rebilus,
1718 905 1783 942 ex
1817 889 2061 956 primori-

230 971 326 1025 bus
363 974 540 1040 peritia
577 976 746 1045 legum
782 984 832 1031 et
865 980 1115 1046 pecuniae
1151 981 1524 1049 magnitudine,
1577 980 1830 1033 cruciatus
1869 995 2059 1048 aegrae

230 1069 470 1118 senectae
522 1068 678 1121 misso
730 1085 821 1138 per
870 1087 1029 1124 venas
1089 1073 1338 1140 sanguine
1388 1072 1592 1141 effugit,
1649 1072 1782 1124 haud
1835 1071 2058 1126 creditus

230 1155 468 1209 sufficere
507 1159 572 1211 ad
610 1162 944 1215 constantiam
980 1164 1255 1217 sumendae
1293 1165 1499 1231 mortiS,
1566 1165 1631 1216 ob
1666 1163 1906 1216 libidines
1943 1177 2058 1216 mu-

166 1246 464 1304 xoliebriter
500 1254 719 1308 infamis.
791 1256 859 1308 At
880 1256 1064 1308 Lucius
1091 1256 1329 1310 Volusius
1364 1256 1576 1325 egregia
1613 1257 1745 1309 fama
1774 1255 2058 1319 concessit3

348 1437 387 1479 1.
427 1450 498 1479 cos
528 1436 609 1480 Ma.
720 1439 843 1481 lenas
873 1438 953 1481 Ma.
1065 1440 1106 1482 2.
1141 1437 1275 1480 abare
1311 1436 1392 1480 Ma.

226 1508 402 1539 rasura:
452 1498 586 1539 tacite
619 1499 811 1541 correxit
841 1497 1092 1540 Rhenanus.

227 1557 520 1599 Puteolanus:
569 1560 759 1600 correxit
789 1558 1047 1600 Beroaldus,
1155 1557 1456 1599 accusantibus
1487 1556 1554 1599 Ma
1586 1558 1693 1617 (non
1735 1557 2055 1616 metantibus).-

229 1616 504 1658 emendatum
537 1617 582 1658 in
616 1616 650 1660 G
683 1625 727 1660 et
757 1632 782 1660 a
814 1617 1071 1660 Puteolano.
1192 1618 1235 1659 4.
1268 1617 1459 1659 rabenne
1492 1616 1573 1660 Ma.
1681 1616 1811 1659 uelud
1838 1616 1920 1660 Ma.
2013 1619 2056 1664 5.

225 1677 457 1731 sevitiaque
489 1675 570 1718 Ma.
663 1679 752 1733 affl.
788 1677 859 1721 Or.
967 1677 1008 1720 6.
1042 1676 1318 1718 damnatione
1351 1676 1503 1719 anteiit
1533 1676 1614 1731 Ma,
1658 1676 1941 1719 damnatione
1971 1691 2058 1720 an-

227 1737 398 1781 teuertit
430 1735 478 1778 G.
632 1737 843 1780 Caninius
875 1736 1050 1780 Rebilus
1082 1736 1275 1791 Lipsius:
1309 1735 1377 1779 Ma
1410 1737 1459 1779 G.
1493 1735 1690 1780 Aminius
1725 1737 1906 1791 Rebius,
1939 1736 1975 1781 G
2007 1737 2056 1782 C.

227 1795 286 1902 (10⁰
315 1797 371 1900 ίιὶ
390 1799 559 1898 Υεῗνῗὲιηι)
596 1797 794 1842 Aminius
825 1797 981 1841 rebius.
1076 1797 1116 1840 7.
1151 1810 1251 1853 cyre
1281 1802 1449 1839 senecta
1483 1794 1561 1839 Ma.
1667 1795 1709 1839 9.
1743 1797 1944 1841 sumendc
1973 1796 2056 1842 Ma.

1498 1444 1636 1480 cestus
1665 1435 1746 1492 Ma,
1779 1438 1916 1481 casius
1947 1438 1982 1482 G
2012 1439 2058 1482 in

1244 1499 1286 1541 3.
1322 1496 1588 1540 credentibus
1621 1496 1745 1551 GMa,
1786 1497 2058 1542 caedentibus

320 2014 425 2069 Cap.
461 2015 533 2058 30.
593 2015 726 2058 isdem
757 2015 1025 2059 consulibus:
1055 2030 1099 2060 v.

230 2074 284 2117 ad
316 2075 332 2116 l
366 2076 437 2118 53.
531 2075 644 2118 velut
673 2076 862 2130 infimam
879 2078 1103 2119 nationum

230 2133 407 2178 Italiam
452 2133 630 2177 luxuria
669 2137 933 2191 saevitiaque
974 2137 1102 2192 adffli-

230 2201 408 2237 orasset.-
458 2193 627 2236 ltaliam
681 2196 887 2253 intellige
934 2195 1102 2239 Galliae

229 2260 405 2310 togatae
444 2260 612 2309 partem
653 2268 766 2311 quae
797 2256 905 2297 mari
941 2268 1101 2310 supero

1183 2015 1270 2058 mel
1303 2020 1469 2059 tantum
1497 2027 1641 2073 neque
1661 2017 1758 2059 sine
1787 2016 1904 2060 iusta
1926 2028 2059 2061 causa

1185 2077 1317 2118 cessit
1351 2077 1460 2133 Agr.
1494 2089 1532 2119 c.
1565 2077 1618 2129 4,
1651 2077 1786 2118 vitam
1818 2076 2058 2134 Agricolae

1183 2137 1327 2178 soceri
1359 2141 1609 2178 narraturus
1652 2141 1697 2178 et
1727 2141 1867 2178 totum
1898 2136 2057 2180 librum

1184 2195 1287 2237 huic
1319 2196 1394 2237 uni
1427 2194 1738 2238 destinaturus.
1798 2195 1942 2238 Aliam
1976 2210 2058 2239 ex..

1185 2257 1433 2310 ceptionem
1460 2255 1649 2297 vidimus
1668 2254 1725 2297 XI
1746 2255 1819 2308 33,
1852 2255 1932 2298 sed
1961 2269 2056 2298 eam

227 2315 428 2369 proxima
479 2320 586 2356 erat.
649 2314 755 2356 Eam
811 2316 1100 2370 provinciam,

230 2375 299 2418 cui
333 2385 492 2415 nomen
528 2372 737 2428 Gallicae,
771 2380 872 2417 ante
904 2387 1016 2417 unus
1047 2388 1102 2418 ex

229 2433 537 2490 quaestoribus
581 2434 718 2487 rexit,
770 2434 848 2477 sed
893 2433 1101 2477 Claudius

229 2493 424 2536 detracta
471 2494 778 2548 quaestoribus
825 2493 1017 2537 Ostiensi
1058 2500 1102 2536 et

230 2552 398 2595 Gallica
454 2554 684 2606 provincia
740 2566 884 2595 curam
943 2555 1100 2596 aerarii

230 2613 404 2655 Saturni
446 2611 717 2664 reddiderat,
768 2626 809 2654 v.
851 2612 905 2654 ad
935 2612 995 2654 IV
1026 2614 1099 2657 27.

229 2672 382 2727 Itaque
431 2670 483 2712 ab
518 2670 596 2712 illo
638 2677 837 2726 tempore
876 2684 1015 2727 usque
1047 2671 1102 2713 ad

230 2731 346 2772 hunc
399 2729 513 2772 diem
562 2731 834 2786 praefectum
885 2732 1101 2788 remigum

230 2792 302 2846 qui
328 2790 564 2832 Ravennae
601 2790 868 2833 haberentur
898 2790 976 2832 illa
1002 2803 1101 2832 mu-

229 2852 302 2893 nia
334 2851 587 2905 quaestoria
622 2851 770 2893 obisse
804 2851 1013 2892 coniicio.

321 2909 532 2951 Caninius
553 2909 753 2952 Rebilus.-
788 2910 904 2966 quod
930 2910 1102 2964 Lipsius

229 2982 307 3025 pro
342 2968 500 3010 tradito
536 2968 583 3010 C.
605 2968 802 3011 Aminius
826 2969 984 3011 Rebius
1019 2967 1102 3009 du-

230 3030 420 3072 bitanter
473 3029 712 3083 prompsit,
773 3029 817 3070 id
870 3041 953 3084 ego
1007 3028 1102 3068 sine

229 3088 523 3132 haesitatione
593 3089 741 3142 recepi
803 3094 846 3129 ct
904 3088 1102 3140 recipere

230 3149 377 3192 debui.
441 3147 613 3190 'l'acitus
677 3147 792 3189 cnim
853 3161 907 3189 ex
967 3145 1102 3187 tribus

229 3208 479 3250 nominibus
512 3208 804 3249 Romanorum
850 3207 929 3248 duo
962 3206 1101 3261 ponit,

230 3268 303 3310 ubi
339 3267 539 3309 homines
579 3267 750 3309 nobiles
796 3267 980 3321 primum
1018 3277 1102 3306 no-

230 3330 388 3380 minat,
446 3339 547 3367 mox
593 3339 680 3367 uno
735 3332 966 3368 contentus
1022 3331 1102 3378 est,

230 3388 313 3429 nisi
351 3393 450 3440 post
482 3387 620 3427 maius
655 3386 934 3427 intervallum
954 3397 1100 3426 rursus

230 3452 550 3498 memorantur-3
570 3457 699 3486 unum
721 3446 959 3500 praebetin
980 3457 1101 3486 com-

232 3507 548 3547 memoratione
585 3512 658 3546 aut
699 3506 980 3546 obscurorum
1017 3503 1100 3544 ho-

232 3566 396 3606 minnm
438 3571 511 3607 aut
557 3570 731 3619 praeter
774 3570 944 3606 ceteros
995 3562 1101 3604 illu-

234 3625 413 3675 strium,
450 3630 495 3665 ut
527 3625 570 3665 in
605 3623 863 3666 Caesaribus
906 3629 948 3666 et
980 3623 1102 3677 priu-

238 3681 421 3737 cipibus.
484 3683 550 3726 Ab
586 3695 638 3726 ea
681 3682 998 3727 consuetudine
1030 3692 1104 3723 se.-

1184 2328 1296 2371 quae
1328 2314 1527 2370 regulam
1555 2314 1824 2369 comprobet.
1875 2314 2058 2358 Restant

1185 2375 1229 2416 in
1253 2373 1498 2416 Annalibus
1531 2374 1735 2417 diversae
1768 2375 2054 2417 consuetudi-

1183 2435 1250 2475 nis
1286 2433 1487 2488 exempla
1523 2439 1698 2488 praeter
1730 2432 1815 2476 hoc
1845 2446 1925 2476 sex
1941 2432 1981 2476 11
2014 2437 2054 2489 1,

1182 2492 1241 2535 ΙΙΙ
1271 2493 1343 2546 49,
1378 2493 1454 2535 XII
1486 2492 1544 2537 29
1577 2499 1620 2534 et
1651 2494 1707 2536 41
1732 2499 1775 2535 et
1790 2493 1864 2546 45,
1886 2492 1966 2535 XV
1984 2494 2055 2547 70,

1184 2565 1296 2608 quae
1328 2565 1426 2594 cum
1459 2550 1667 2594 adversus
1715 2553 1944 2609 ingentem
1978 2565 2056 2596 ce-

1183 2618 1375 2653 terorum
1408 2612 1579 2666 copiam
1606 2612 1747 2653 minus
1770 2610 1935 2665 valent,
1965 2617 2055 2655 tum

1183 2671 1329 2712 omnia
1372 2671 1502 2712 etiam
1545 2669 1645 2711 aliis
1689 2670 1743 2712 de
1782 2671 1926 2712 causis
1955 2671 2056 2714 vitii

1183 2730 1479 2785 suspicionem
1511 2735 1704 2782 movent,
1737 2735 1785 2770 ut
1805 2728 1858 2771 ad
1880 2730 2057 2788 singula

1183 2795 1407 2832 ostensum
1440 2794 1520 2831 est.
1574 2788 1622 2830 ln
1644 2788 1848 2831 Historiis
1881 2791 2056 2834 nonnisi

1183 2851 1228 2891 in
1273 2848 1442 2890 duobus
1487 2848 1736 2891 nominibus
1781 2847 1922 2891 Cluvii
1959 2850 2058 2904 Rufi

1184 2909 1223 2951 11
1259 2908 1315 2951 65
1347 2914 1390 2950 et
1428 2907 1637 2964 Tamphili
1667 2907 1873 2950 Flaviani
1898 2907 2056 2964 (1186,

1184 2967 1241 3010 111
1271 2968 1300 3011 4
1333 2974 1376 3010 et
1403 2968 1481 3024 10)
1516 2967 1600 3009 hoc
1632 2980 1772 3024 genus
1805 2969 2054 3023 corruptio..

1183 3028 1251 3068 nis
1278 3032 1520 3083 grassatum
1539 3032 1620 3079 est,
1654 3026 1732 3069 sed
1757 3028 1818 3068 ita
1841 3032 1888 3069 ut
1912 3040 2057 3083 neque

1185 3086 1371 3128 dubitari
1405 3086 1544 3140 possit
1575 3086 1628 3128 de
1651 3087 1901 3142 corruptela
1921 3092 2057 3142 utque

1184 3145 1434 3187 mendarum
1455 3146 1580 3201 origo
1614 3151 1824 3188 attentum
1844 3146 2056 3188 lectorem

1185 3205 1324 3247 latere
1360 3210 1563 3260 nequeat.
1624 3205 1690 3246 Ex
1722 3204 1860 3247 tribus
1892 3205 2056 3248 Roma-

1184 3277 1336 3306 norum
1370 3263 1620 3306 nominibus
1653 3264 1826 3307 Tacitus
1857 3264 1942 3307 duo
1979 3276 2056 3319 pro

1185 3324 1364 3366 arbitrio
1414 3328 1490 3364 aut
1533 3335 1612 3378 pro
1654 3337 1701 3365 re
1743 3330 1846 3366 nata
1887 3324 2056 3380 eligere

1186 3383 1301 3425 solet
1335 3389 1378 3426 et
1411 3395 1625 3438 persaepe
1646 3383 1793 3439 gentis
1828 3394 1987 3427 nomen
2011 3385 2056 3422 et

1187 3456 1431 3498 cognomen
1475 3442 1636 3494 refert,
1696 3449 1742 3483 ut
1782 3441 1912 3496 paulo
1954 3444 2053 3481 ante

1200 3502 1422 3558 Vipsanius
1440 3501 1628 3553 Laenas,
1650 3502 1813 3543 Cestius
1834 3498 2052 3550 Proculus,

1190 3561 1362 3604 Clodius
1395 3561 1648 3614 Quirinalis.
1703 3560 1776 3603 Sic
1807 3559 1936 3600 etiam
1970 3556 2055 3600 hoc

1190 3622 1288 3663 loco
1344 3620 1602 3663 habebimus
1654 3621 1764 3661 scita
1815 3616 2053 3660 mutatione

1149 3722 1152 3725 Α
1193 3679 1426 3725 Caninium
1456 3677 1662 3724 Rebilum.
1725 3675 1901 3720 Aminia
1940 3676 2054 3721 enim
