2222 4022
964 257 1111 303 Cnvr
1145 257 1338 306 28—29.
1941 252 2055 298 XLV

239 405 403 453 autem
443 414 502 453 ea
540 415 626 453 res
664 400 931 453 admodum
967 401 1190 466 incerta,
1242 399 1395 452 immo
1450 398 1564 451 ficta
1615 401 1665 450 et
1711 397 1810 450 fide
1846 398 2056 465 indigna

236 493 452 558 videtur,
497 509 556 545 ac
596 493 749 545 multo
789 493 950 561 magis
990 493 1180 544 inclino
1217 498 1270 543 ut
1306 508 1416 545 eum
1457 491 1685 543 codicem
1726 507 1788 542 ex
1819 489 2057 542 Fuldensi

236 584 546 635 bibliotheca
602 599 735 635 anno
793 585 924 637 1513
978 589 1259 650 surreptum
1317 589 1366 635 et
1409 585 1617 635 Romam
1669 581 1887 633 delatum
1942 595 2058 632 esse

237 679 449 725 statuam
474 680 516 725 ¹:
557 689 672 725 nam
711 675 779 726 ibi
819 677 977 727 fuisse
1015 682 1152 729 certa
1190 676 1435 727 historiae
1472 674 1689 741 vestigia
1728 674 1929 724 docent.

151 751 222 797 ²9
373 765 516 816 Alter
551 766 709 816 Taciti
748 768 914 819 codex
950 769 1182 835 antiquus
1220 773 1269 820 et
1303 768 1483 835 Poggii
1522 765 1832 833 temporibus
1870 769 1919 816 et
1944 768 2059 815 ante

236 856 399 908 doctis
436 872 527 922 per
567 858 756 909 Italiam
795 859 1081 910 hominibus
1123 860 1357 926 cognitus
1401 863 1525 923 erat,
1556 859 1647 910 sed
1686 857 1859 910 seculo
1893 856 2061 908 unde-

237 949 385 1014 cimo,
425 964 522 1015 quo
559 949 798 1015 scriptum
837 965 952 1001 esse
972 950 1248 1001 Bandinius
1288 950 1425 1014 dicit,
1464 949 1778 1015 simulatque
1805 948 2060 1015 exemplar

234 1040 369 1114 upde
407 1041 516 1106 ipse
556 1040 801 1092 deductus
841 1042 1006 1107 periit,
1044 1057 1173 1092 unus
1205 1057 1297 1107 per
1334 1042 1508 1096 orbem
1545 1046 1792 1092 terrarum
1833 1041 1944 1091 fons
1972 1055 2062 1091 re·-

233 1131 360 1182 stitit
396 1146 494 1197 quo
544 1131 812 1182 Annalium
865 1132 1022 1183 Taciti
1070 1132 1186 1182 libri
1237 1132 1550 1198 posteriores
1601 1137 1650 1182 et
1702 1132 1956 1183 Historiae
1997 1131 2059 1182 ab

234 1222 438 1274 interitu
473 1222 762 1274 vindicatae
811 1228 941 1274 sunt.
1017 1223 1177 1289 Ipsius
1234 1224 1381 1291 origo
1433 1223 1709 1289 repetenda
1757 1223 1959 1274 videtur
1997 1237 2061 1274 ex

234 1315 544 1366 monasterio
593 1315 886 1380 Casinensi,
942 1314 1027 1365 ubi
1066 1320 1326 1381 postquam
1367 1314 1663 1366 Desiderius
1703 1331 1746 1365 a.
1796 1314 1929 1366 1058
1967 1313 2063 1363 ab-

232 1406 365 1458 batis
421 1422 601 1459 munus
654 1409 877 1474 suscepit
926 1413 975 1460 et
1024 1423 1116 1475 per
1169 1424 1330 1460 annos
1386 1410 1566 1477 viginti
1615 1424 1797 1461 novem
1849 1408 2059 1474 amplius

235 1498 486 1550 coenobio
522 1499 770 1565 praefuit,
823 1500 962 1551 multi
1013 1501 1202 1567 antiqui
1247 1501 1365 1553 libri
1406 1502 1647 1568 descripti
1694 1506 1824 1554 sunt.
1898 1500 2061 1552 Testis

234 1594 311 1640 est
346 1589 518 1641 Petrus
555 1591 800 1644 diaconus
839 1608 900 1643 ac
934 1593 1352 1645 bibliothecarius
1395 1594 1717 1658 Casinensis,
1773 1595 1856 1660 qui
1896 1593 2062 1644 Chro-

233 1681 386 1731 nicon
425 1681 704 1734 Casinense
755 1684 889 1750 quod
939 1684 1286 1750 imperfectum
1325 1685 1427 1735 Leo
1478 1685 1754 1751 reliquerat
1794 1699 1955 1750 usque
1997 1683 2060 1735 ad

234 1787 416 1824 annum
466 1774 600 1826 1138
638 1775 965 1839 continuavit,
1004 1780 1149 1827 natus
1189 1776 1326 1827 circa
1363 1791 1546 1827 annum
1591 1777 1739 1828 1107.
1797 1771 2058 1827 IsChr011.

235 1864 401 1914 Casin.
441 1864 525 1915 lib.
568 1865 632 1916 111
668 1881 713 1915 c.
754 1865 821 1917 63
858 1866 910 1916 in
948 1866 1129 1917 Pertzii
1164 1867 1499 1919 Monumentis
1547 1867 1848 1918 Germaniae
1896 1867 2062 1918 histo-

233 1954 354 2006 ricis
396 1960 428 2005 t.
454 1956 523 2007 IX
551 1970 598 2021 p.
621 1953 751 2007 746:
788 1971 889 2005 non
929 1957 1090 2007 solum
1127 1963 1292 2007 autem
1327 1957 1379 2006 in
1422 1957 1678 2023 aedificiis,
1713 1972 1888 2007 verum
1914 1956 2062 2007 etiam

231 2045 285 2094 in
339 2044 481 2095 libris
532 2045 872 2097 describendis
924 2063 1133 2111 operam
1175 2047 1472 2098 Desiderius
1520 2049 1645 2098 dare
1691 2048 2063 2113 permaximam

231 2135 432 2187 studuit.
492 2136 702 2187 Codices
737 2151 950 2202 namque
985 2139 1250 2189 nonnullos
1289 2138 1341 2187 in
1374 2138 1469 2189 hoc
1505 2139 1614 2189 loco
1656 2139 1874 2189 describi
1899 2154 2062 2204 prae-

234 2227 378 2292 cepit,
415 2243 627 2292 quorum
648 2228 852 2278 nomina
889 2229 1015 2279 haec
1049 2236 1195 2279 sunt.-
1230 2229 1562 2295 Auyustinum
1592 2236 1770 2281 contra
1789 2230 2026 2280 Faustum
2041 2245 2060 2290 ,·

231 2348 298 2358 —-
344 2351 400 2358 -
452 2318 720 2383 Iosephum
765 2320 825 2369 de
877 2318 1003 2371 bello
1056 2320 1300 2381 Iudaico;
1359 2320 1622 2372 historiam
1673 2321 1892 2372 Cornelii
1951 2337 2062 2372 cum

233 2408 463 2464 Omer02.
539 2411 714 2463 Codex
763 2412 984 2464 Cornelii
1039 2417 1159 2463 tunc
1214 2413 1476 2464 confectus
1526 2428 1629 2464 non
1678 2414 1805 2464 alius
1862 2414 2062 2465 videtur

232 2503 416 2567 fuisse,
457 2517 604 2569 quam
647 2517 794 2569 quem
829 2519 963 2554 nunc
999 2504 1230 2555 novimus
1268 2504 1609 2555 Florentinum
1648 2504 1874 2556 alterum.
1947 2506 2058 2570 lpse

230 2594 425 2659 pridem
464 2593 687 2645 describi
729 2600 936 2660 coeptus
977 2599 1076 2659 est,
1133 2595 1275 2645 cuius
1328 2595 1405 2646 rei
1454 2595 1648 2646 initium
1685 2595 1853 2646 iudice
1896 2596 2059 2647 Keilio

232 2685 482 2747 (Museum
518 2684 744 2736 Rhenan.
783 2700 827 2736 a.
873 2682 1003 2737 1847
1040 2700 1088 2751 p.
1135 2684 1259 2751 145)
1297 2686 1481 2736 factum
1516 2686 1690 2738 seculo
1734 2686 2057 2751 duodecim0‚

232 2780 380 2841 atque
429 2775 548 2827 inde
592 2775 796 2827 deducti
846 2781 961 2827 sunt
1013 2776 1127 2827 libri
1167 2777 1521 2842 manuscripti,
1578 2778 1661 2844 qui
1695 2778 1746 2827 in
1784 2778 1879 2829 hac
1917 2782 2059 2843 parte

231 2866 386 2919 Taciti
423 2882 628 2933 operum
666 2883 758 2933 per
808 2867 1000 2918 Italiam
1053 2873 1102 2919 et
1155 2868 1587 2936 Francogalliam‚
1647 2869 1954 2921 Britanniam
2011 2873 2060 2919 et

234 2957 577 3024 Germaniam,
620 2959 770 3010 etiam
802 2959 1093 3025 Hispaniam
1134 2965 1487 3025 asservantur,
1527 2960 1595 3029 ita
1633 2965 1799 3012 tamen
1838 2965 1892 3010 ut
1929 2960 2061 3011 inter

327 3085 363 3126 1.
411 3081 524 3124 Casu
557 3083 764 3138 quodam,
805 3097 891 3125 non
925 3088 1027 3140 quia
1059 3086 1103 3127 in
1189 3090 1219 3126 t.
1257 3085 1294 3126 V
1323 3098 1366 3139 p.
1401 3084 1497 3127 XIII
1540 3099 1593 3127 ex
1635 3087 1813 3141 antiquo
1859 3085 2059 3141 catalogo

232 3155 322 3184 rem
385 3144 631 3184 accuratius
694 3145 982 3199 inquisiverat
1031 3150 1105 3186 aut
1189 3143 1398 3185 librorum
1461 3143 1793 3186 corbeiensium
1863 3144 2059 3198 protulit,

231 3203 405 3243 veriora
436 3203 489 3243 ab
522 3201 622 3244 aliis
657 3202 838 3244 edoctus
871 3210 976 3257 erat,
1008 3204 1104 3245 Ma-
1191 3203 1387 3244 Cornelii
1443 3202 1551 3245 liber
1597 3204 1648 3244 de
1698 3203 1802 3244 bello
1859 3203 2057 3256 Troiano,

232 3259 370 3301 billon
403 3262 445 3302 in
488 3262 715 3302 itinerario
756 3261 909 3304 Italico
943 3277 984 3318 p.
1021 3262 1101 3305 167
1187 3262 1264 3303 sed
1298 3262 1382 3303 hoc
1414 3261 1565 3303 bellum
1601 3263 1828 3303 Troianum
1860 3261 2059 3303 Latinum

233 3319 427 3360 codicem
472 3318 712 3361 Mediceum
764 3322 950 3375 priorem
998 3321 1103 3363 Ful-
1187 3320 1290 3373 suit,
1327 3320 1370 3363 h.
1405 3334 1444 3362 e.
1479 3321 1655 3361 Daretis
1686 3320 1862 3376 Phryqii
1897 3321 1947 3362 de
1979 3335 2058 3362 ex-

234 3378 403 3420 densem
420 3378 629 3430 nominat,
644 3379 928 3434 quodipsum,
948 3393 1102 3436 quam·
1189 3380 1299 3420 cidio
1367 3378 1549 3420 Troiano
1605 3378 1788 3421 historia
1856 3379 2057 3422 Cornelio

232 3438 301 3479 vis
335 3435 488 3478 calami
522 3449 669 3478 errore
701 3437 951 3491 admissum,
983 3440 1106 3480 iuxta
1189 3438 1351 3493 Nepote
1393 3438 1640 3493 interprete.
1703 3437 1797 3480 Non
1838 3438 2059 3481 intellexit

232 3497 463 3538 veritatem
495 3495 658 3537 dictum
693 3503 772 3538 est.
1188 3496 1325 3537 Maius
1361 3510 1504 3552 neque
1526 3496 1642 3540 Petri
1667 3497 1809 3540 editor
1828 3499 1873 3539 in
1897 3498 2057 3540 Pertzii

336 3558 378 3600 2.
430 3554 526 3597 Non
580 3554 858 3598 referendum
906 3554 991 3597 huc
1042 3561 1107 3598 est
1193 3555 1501 3599 Monumentis.

234 3614 351 3671 quod
380 3615 496 3673 Aug.
524 3614 618 3659 ⁴Mai
658 3615 705 3658 in
736 3614 948 3673 Spicileg.
981 3613 1106 3659 Rom.
