2280 4004
245 283 337 325 344
999 280 1292 324 ANNALWM
1819 296 1860 328 a.
1890 297 1936 328 u.
1969 285 2098 346 eta,

246 422 644 489 feminarumque
687 426 864 472 coetus
905 421 1198 488 frequentes
1240 427 1432 489 egerat,
1477 423 1694 477 maxime
1728 424 1949 478 intentus
1970 426 2078 481 De-

244 515 424 566 metrio
469 514 691 579 Cynicae
729 512 1056 564 institutionis
1097 513 1326 577 doctori3
1367 530 1478 566 cum
1518 530 1646 582 quo,
1683 522 1740 567 ut
1779 518 2072 572 coniectare

246 610 354 657 erat
390 604 669 654 intentione
700 603 866 654 vultus
904 609 953 655 et
976 603 1177 668 auditiS,
1217 604 1261 655 si
1290 619 1385 671 qua
1413 605 1599 658 clarius
1623 607 2071 676 proloquebantur,

246 696 311 747 de
346 699 524 746 natura
562 694 759 746 animae
794 700 844 746 et
877 694 1244 748 dissociatione
1291 695 1496 762 spiritus
1538 699 1870 766 corporisque
1908 700 2079 768 inqui-

205 787 416 850 srebat,
471 786 636 837 donec
675 786 882 838 advenit
916 786 1165 838 Domitius
1207 787 1526 839 Caecilianus
1559 805 1624 841 ex
1658 790 1846 842 intimis
1881 791 2076 857 amicis,

244 881 294 928 et
348 877 393 928 ei
448 877 566 943 quid
604 882 810 929 senatus
850 878 1133 929 censuisset
1175 879 1422 945 exposuit.
1497 880 1655 947 Igitur
1689 880 1868 934 flentes
1906 882 2081 949 queri-

241 972 508 1035 tantesque
545 969 629 1035 qui
675 969 915 1033 aderant,
959 969 1219 1021 facessere
1256 986 1474 1036 propere
1515 971 1764 1037 Thrasea,
1800 987 1900 1025 neu
1937 974 2079 1040 peri-

244 1059 356 1111 cula
395 1075 486 1111 sua
536 1060 754 1112 miscere
817 1076 927 1111 cum
981 1067 1121 1113 sorte
1177 1061 1397 1112 damnati
1451 1062 1712 1128 hortatur,
1774 1063 2080 1131 Arriamque

245 1156 568 1217 temptantem
607 1152 772 1203 mariti
815 1168 1048 1218 suprema
1090 1158 1140 1203 et
1176 1153 1454 1218 exemplum
1484 1154 1666 1206 Arriae
1703 1155 1876 1206 matris
1915 1155 2078 1222 sequi,

180 1248 414 1293 iomonet
465 1243 688 1294 retinere
742 1243 895 1293 vitam
952 1242 1185 1309 filiaeque
1242 1245 1493 1294 communi
1541 1245 1820 1296 subsidium
1874 1247 2078 1298 unicum

239 1347 343 1384 non
385 1333 625 1384 adimere.
699 1334 818 1384 Tum
855 1348 1161 1401 progressus
1192 1335 1244 1385 in
1284 1335 1551 1400 porticum,
1592 1335 1697 1386 illic
1735 1351 1763 1386 a
1807 1341 2165 1402 quaestore35

239 1425 520 1489 reperitur,
578 1424 802 1475 laetitiae
849 1425 1083 1490 propior,
1139 1426 1254 1490 quia
1303 1426 1589 1476 Helvidium
1640 1441 1886 1493 generum
1934 1442 2077 1478 suum

243 1515 384 1566 ltalia
424 1519 612 1567 tantum
650 1515 817 1565 arceri
859 1521 1191 1582 cognoverat.
1240 1516 1467 1581 Accepto
1504 1516 1688 1567 dehinc
1715 1521 1921 1568 senatus
1951 1533 2081 1569 con-

244 1604 373 1656 sulto
427 1604 710 1656 Helvidium
763 1611 812 1656 et
862 1606 1170 1657 Demetrium
1207 1607 1259 1656 in
1308 1606 1592 1658 cubiculum
1631 1607 1850 1671 inducit3
1897 1623 2082 1675 porre-

359 1782 395 1822 1.
446 1781 820 1835 frequenteeyerat
866 1782 987 1834 (cum
1032 1779 1111 1823 lin.
1157 1793 1288 1834 super
1334 1781 1480 1835 priore
1521 1780 1605 1823 litt.
1641 1784 1678 1837 t)
1714 1779 1802 1822 Μ3.
1832 1783 2078 1836 frequentes

236 1846 382 1894 eqerat
407 1838 455 1882 G.
556 1840 721 1880 intentu
750 1838 838 1881 Μ3·
873 1839 907 1880 G
937 1840 1134 1881 intentus
1258 1842 1301 1883 4.
1335 1848 1521 1882 naturae
1554 1837 1645 1880 Ma:
1677 1838 1711 1881 G
1741 1847 1919 1882 natura.

237 1900 579 1953 queritantesque
615 1898 737 1950 Gala,
773 1907 1074 1955 querentesque
1103 1899 1193 1940 AR.
1321 1901 1361 1942 7.
1394 1902 1615 1953 facescere
1649 1897 1738 1940 Μ3·
1784 1899 1818 1942 G
1845 1901 2076 1954 facessere.

234 1958 277 2000 8.
299 1959 479 2000 miscere
513 1956 629 2010 GMa,
664 1959 893 2000 miscerent
923 1959 976 2000 A.
1093 1958 1323 2000 hortantur
1356 1958 1450 2000 Ma:
1858 1961 1925 2005 11.
1974 1972 2080 2014 que-

234 2024 347 2059 store
379 2019 621 2075 repperitur
653 2016 730 2060 Μ3.
830 2019 897 2061 13.
933 2017 1067 2060 italici
1095 2017 1175 2061 Μ3.

1485 1958 1519 2002 G
1550 1959 1762 2001 hortatur.

235 2188 350 2223 cant.
413 2181 547 2222 Extra
599 2181 796 2223 ordinem
835 2182 997 2224 factum
1048 2188 1114 2224 est

234 2240 344 2282 illud
393 2241 509 2296 quod
555 2241 722 2282 Plinius
762 2241 925 2299 Paneg.
971 2256 1008 2283 c.
1057 2243 1114 2285 70

232 2307 391 2352 narrat,
421 2303 677 2357 praefuerat
698 2302 951 2356 provinciae
979 2314 1113 2356 quae-

232 2368 323 2401 stor
352 2374 462 2401 uvius
494 2375 547 2402 ea:
567 2361 825 2402 candidatis.
864 2360 945 2412 Qui
978 2362 1115 2416 igitur

233 2426 439 2475 quaestor
499 2421 710 2475 principis
770 2421 1013 2461 orationem
1069 2422 1113 2461 in

230 2479 448 2520 Thraseae
481 2479 722 2534 Soranique
771 2479 934 2521 iudicio
968 2479 1115 2520 attulit

235 2539 279 2579 in
315 2538 521 2592 templum
551 2539 749 2580 *Veneris
793 2538 1037 2581 Genetricis
1071 2546 1113 2581 et

233 2599 452 2650 recitavit,
487 2595 600 2639 idem
633 2601 895 2640 sententiam
935 2605 1112 2640 senatus

231 2656 449 2698 Thraseae
482 2657 719 2710 patefecit3
752 2657 941 2699 Thrasea
968 2663 1112 2699 autem

233 2729 359 2772 quam
395 2716 527 2757 animi
562 2715 863 2757 fortitudinem
881 2723 1112 2770 praesente

233 2781 466 2831 quaestore
509 2775 727 2827 ostendit,
779 2775 894 2817 idem
938 2774 1110 2817 Tiberio

232 2835 431 2903 principe
474 2835 543 2875 vir
586 2836 826 2876 constantis
858 2835 990 2876 animi
1024 2834 1112 2876 Ge-

232 2895 391 2935 minius
429 2893 566 2936 Rufus
609 2894 803 2945 fecerat
856 2895 960 2935 item
1004 2894 1113 2934 mori

231 2953 375 2994 iussus
419 2967 443 2994 a
476 2959 707 3008 quaestore
756 2953 982 2994 Caesaris.
1028 2952 1112 2994 Dio

161 3033 165 3043 ι
232 3012 368 3054 Lvul
401 3014 456 3055 4:
498 3017 576 3054 και
616 3006 789 3070 μαθὼν
823 3008 904 3056 τὸν
940 3017 1114 3069 ταμίαν

233 3074 313 3113 ἐπὶ
383 3071 627 3115 δικαιώσει
686 3071 829 3115 αὐτοῦ
880 3071 1111 3128 παρόντα,

235 3130 373 3177 αὐτός
389 3145 438 3174 τε
458 3126 627 3175 ἑαυτὸν
645 3132 835 3204 ἔτρωσε,
854 3135 933 3174 καὶ
954 3134 1112 3189 ἐκείνῳ

235 3184 286 3235 τὸ
337 3190 528 3249 τραῦμα
577 3190 727 3241 δείξας
783 3189 1111 3261 Ἀποῖγγειλον

236 3251 342 3307 ἐφη,
375 3251 427 3308 τῇ
458 3255 684 3307 γερουσίᾳ
717 3246 788 3292 ὅτι
821 3246 937 3304 οἷνὴω
969 3248 1115 3299 οὕτως

237 3308 423 3353 ἅποθνί
403 3323 545 3358 ησκει.
583 3308 687 3351 Loci
707 3308 1011 3364 corrumpendi
1032 3321 1113 3350 an-

234 3381 323 3410 sam
357 3369 558 3422 praebuit
590 3368 837 3423 compendii
876 3374 1001 3421 nota,
1046 3382 1115 3410 ces

238 3428 373 3483 (haec
403 3430 497 3482 ipsa
533 3429 576 3468 in
612 3427 678 3469 Ma
712 3429 787 3470 XV
826 3429 878 3470 14
909 3427 1113 3469 vocabuli

239 3488 449 3529 Caesares
480 3488 623 3528 vicem
658 3488 829 3544 explet)
871 3489 1031 3541 scripta
1070 3489 1115 3527 in

237 3548 415 3602 antiquo
460 3545 572 3588 libro
613 3547 727 3588 unde
775 3547 1002 3589 descendit
1033 3545 1114 3599 Ma,

239 3608 283 3644 et
315 3617 340 3702 εἴ
385 3605 583 3660 proximo
623 3604 767 3648 scriba
806 3618 883 3661 pro
924 3618 996 3649 cos
1038 3618 1114 3648 ac-

240 3672 320 3717 cep
342 3673 381 3704 a.

1286 2182 1503 2224 Demetrio
1556 2181 1746 2237 Cynicae
1798 2181 2077 2223 institutionis

1196 2242 1383 2283 doctori.-
1432 2242 1600 2298 magnis
1634 2239 1836 2283 laudibus
1868 2246 1994 2282 ornat
2029 2245 2073 2282 et

1196 2314 1293 2342 cum
1344 2301 1632 2343 admiratione
1684 2299 1991 2342 abstinentiam
2035 2305 2080 2341 et

1196 2361 1329 2401 animi
1375 2360 1720 2416 magnitudinem
1769 2358 1963 2401 celebrat
1995 2358 2078 2400 Se-

1194 2433 1304 2461 neca
1335 2420 1390 2462 de
1422 2419 1578 2462 Benef.
1611 2418 1686 2460 v11
1716 2417 1905 2470 8—11,
1936 2417 2076 2472 Epist.

1195 2480 1251 2522 20
1296 2485 1339 2520 et
1378 2479 1459 2531 62,
1508 2479 1603 2521 Nat.
1649 2478 1828 2530 Quaest.
1873 2476 1974 2519 libri
2017 2477 2077 2519 lv

1194 2538 1333 2592 praef.
1368 2540 1413 2590 §.
1449 2539 1489 2581 7.
1535 2537 1662 2580 Conf.
1697 2535 1947 2578 Philostrati
1976 2536 2078 2579 Vita

1193 2597 1340 2650 Apoll.
1359 2596 1419 2639 lv
1438 2598 1510 2641 25.
1565 2597 1775 2640 Arrianus
1793 2595 1908 2638 Diss.
1927 2595 2074 2651 Epict.

1192 2655 1210 2696 1
1242 2658 1298 2699 25
1335 2659 1405 2699 22.

1286 2714 1523 2769 exemplum
1555 2714 1716 2755 Arriae
1744 2714 1922 2755 matris:
1956 2714 2067 2756 Plin.

1191 2773 1330 2828 Epist.
1376 2773 1432 2815 111
1479 2774 1558 2817 16:
1605 2772 1920 2815 Scribonianus
1952 2787 2078 2816 arma

1192 2833 1240 2873 in
1276 2833 1452 2887 Illyrico
1487 2839 1641 2874 contra
1667 2831 1898 2874 Claudium
1929 2847 2075 2876 move-

1193 2899 1291 2944 rat,
1334 2894 1480 2947 fuerat
1523 2891 1673 2934 Paetus
1714 2892 1762 2933 in
1798 2892 1994 2947 partibus
2039 2900 2079 2935 et

1195 2952 1335 2992 occiso
1368 2951 1657 2994 Scriboniano
1703 2952 1885 2993 Romam
1926 2952 2078 2994 trahe-

1195 3011 1334 3052 batur.
1408 3011 1538 3063 Tum,
1597 3016 1644 3051 ut
1690 3009 1857 3051 Plinius
1915 3010 2078 3053 ibidem

1195 3076 1365 3122 nairat,
1414 3071 1508 3112 eius
1550 3071 1713 3111 coniux
1757 3069 1883 3110 Arria
1912 3072 2080 3125 ferrum

1194 3130 1423 3185 stringere,
1455 3129 1685 3185 perfodere
1714 3134 1891 3184 pectus,
1925 3136 2073 3171 extra·

1196 3188 1296 3229 here
1343 3191 1593 3244 puyimoeem,
1636 3188 1863 3243 porriqere
1905 3189 2078 3240 marito,

1196 3247 1354 3288 addere
1391 3262 1535 3289 vocem
1565 3246 1846 3290 immortalem
1866 3260 1920 3289 ac
1940 3260 2079 3303 paene

1197 3308 1423 3348 divinam‘
1436 3307 1581 3359 Paete,
1623 3320 1710 3347 non
1744 3305 1884 3347 dolet.'
1946 3305 2073 3348 Conf.

1197 3366 1404 3408 Martialis
1440 3368 1455 3407 1
1493 3369 1559 3409 14.
1632 3365 1715 3406 Dio
1750 3365 1817 3407 Lx
1857 3366 1925 3408 16.
1989 3364 2079 3406 Zo-

1196 3439 1320 3466 naras
1356 3425 1410 3466 x1
1438 3426 1478 3469 9.
1524 3425 1649 3466 Arria
1675 3424 1892 3466 Thraseae
1919 3426 2078 3466 coniux

1198 3492 1385 3541 cognata
1418 3485 1501 3526 suit
1533 3484 1666 3527 Persii
1701 3490 1875 3538 poetae.
1940 3484 2076 3525 Huius

1200 3546 1318 3586 vitae
1356 3545 1562 3599 scriptor:
1614 3543 1726 3585 idem
1769 3544 1897 3585 etiam
1937 3542 2080 3584 decem

1201 3605 1294 3660 fere
1327 3615 1466 3644 annos
1499 3614 1655 3644 summe
1686 3601 1864 3645 dilectus
1893 3613 1922 3642 a
1948 3599 2078 3642 Paeto

1207 3660 1398 3705 Thrasea
1430 3665 1515 3715 est,
1559 3661 1642 3703 ita
1639 3666 1696 3705 ut
1721 3657 2078 3720 pereyrinaretur
