<?xml version="1.0" encoding="UTF-8"?>
<!DOCTYPE html PUBLIC "-//W3C//DTD XHTML 1.0 Transitional//EN"
    "http://www.w3.org/TR/xhtml1/DTD/xhtml1-transitional.dtd">
<html xmlns="http://www.w3.org/1999/xhtml" xml:lang="en" lang="en">
 <head>
  <title>
</title>
<meta http-equiv="Content-Type" content="text/html;charset=utf-8" />
  <meta name='ocr-system' content='tesseract 3.04.00' />
  <meta name='ocr-capabilities' content='ocr_page ocr_carea ocr_par ocr_line ocrx_word'/>
</head>
<body>
  <div class='ocr_page' id='page_1' title='image "./operaadcodicesan01taciuoft_0243.png"; bbox 0 0 2280 4004; ppageno 0'>
   <div class='ocr_carea' id='block_1_1' title="bbox 230 322 442 370">
    <p class='ocr_par' dir='ltr' id='par_1_1' title="bbox 230 322 442 370">
     <span class='ocr_line' id='line_1_1' title="bbox 230 322 442 370; baseline -0.005 -2"><span class='ocrx_word' id='word_1_1' title='bbox 230 334 256 368; x_wconf 85' lang='lat' dir='ltr'>a</span> <span class='ocrx_word' id='word_1_2' title='bbox 272 322 336 367; x_wconf 78' lang='grc' dir='ltr'>Ὀ.</span> <span class='ocrx_word' id='word_1_3' title='bbox 372 325 442 370; x_wconf 78' lang='lat'>20.</span> 
     </span>
    </p>
   </div>
   <div class='ocr_carea' id='block_1_2' title="bbox 900 318 1408 365">
    <p class='ocr_par' dir='ltr' id='par_1_2' title="bbox 900 318 1408 365">
     <span class='ocr_line' id='line_1_2' title="bbox 900 318 1408 365; baseline -0.004 0"><span class='ocrx_word' id='word_1_4' title='bbox 900 318 1060 365; x_wconf 81' lang='lat' dir='ltr'>LIBER</span> <span class='ocrx_word' id='word_1_5' title='bbox 1090 318 1160 364; x_wconf 85' lang='lat' dir='ltr'>Ill.</span> <span class='ocrx_word' id='word_1_6' title='bbox 1223 318 1330 363; x_wconf 62' lang='lat' dir='ltr'>Car.</span> <span class='ocrx_word' id='word_1_7' title='bbox 1369 320 1408 363; x_wconf 86' lang='lat'>1.</span> 
     </span>
    </p>
   </div>
   <div class='ocr_carea' id='block_1_3' title="bbox 1967 317 2097 362">
    <p class='ocr_par' dir='ltr' id='par_1_3' title="bbox 1967 317 2097 362">
     <span class='ocr_line' id='line_1_3' title="bbox 1967 317 2097 362; baseline 0 0"><span class='ocrx_word' id='word_1_8' title='bbox 1967 317 2055 362; x_wconf 75' lang='lat'>165</span> <span class='ocrx_word' id='word_1_9' title='bbox 2095 328 2097 331; x_wconf 57' lang='lat'><strong>⁴</strong></span> 
     </span>
    </p>
   </div>
   <div class='ocr_carea' id='block_1_4' title="bbox 231 459 2053 711">
    <p class='ocr_par' dir='ltr' id='par_1_4' title="bbox 231 459 2053 711">
     <span class='ocr_line' id='line_1_4' title="bbox 395 459 2053 528; baseline -0.001 -12"><span class='ocrx_word' id='word_1_10' title='bbox 395 460 528 516; x_wconf 89' lang='lat' dir='ltr'>Nihil</span> <span class='ocrx_word' id='word_1_11' title='bbox 572 459 858 513; x_wconf 88' lang='lat' dir='ltr'>intermissa</span> <span class='ocrx_word' id='word_1_12' title='bbox 910 459 1235 528; x_wconf 83' lang='lat' dir='ltr'>navigatione</span> <span class='ocrx_word' id='word_1_13' title='bbox 1296 459 1497 511; x_wconf 84' lang='lat' dir='ltr'>hiberni</span> <span class='ocrx_word' id='word_1_14' title='bbox 1562 459 1714 511; x_wconf 88' lang='lat' dir='ltr'>maris</span> <span class='ocrx_word' id='word_1_15' title='bbox 1772 460 2053 528; x_wconf 87' lang='lat' dir='ltr'>Agrippina</span> 
     </span>
     <span class='ocr_line' id='line_1_5' title="bbox 232 550 2051 622; baseline -0.002 -15"><span class='ocrx_word' id='word_1_16' title='bbox 232 555 504 622; x_wconf 80' lang='lat' dir='ltr'>Corcyram</span> <span class='ocrx_word' id='word_1_17' title='bbox 551 553 763 604; x_wconf 91' lang='lat' dir='ltr'>insulam</span> <span class='ocrx_word' id='word_1_18' title='bbox 802 552 1092 616; x_wconf 79' lang='lat' dir='ltr'>advehitur,</span> <span class='ocrx_word' id='word_1_19' title='bbox 1155 551 1303 603; x_wconf 89' lang='lat' dir='ltr'>litora</span> <span class='ocrx_word' id='word_1_20' title='bbox 1346 550 1612 603; x_wconf 81' lang='lat' dir='ltr'>Calabriae</span> <span class='ocrx_word' id='word_1_21' title='bbox 1663 556 1838 603; x_wconf 88' lang='lat' dir='ltr'>contra</span> <span class='ocrx_word' id='word_1_22' title='bbox 1889 553 2051 603; x_wconf 90' lang='lat' dir='ltr'>sitam.</span> 
     </span>
     <span class='ocr_line' id='line_1_6' title="bbox 231 642 2053 711; baseline -0.001 -14"><span class='ocrx_word' id='word_1_23' title='bbox 231 646 338 698; x_wconf 89' lang='lat' dir='ltr'>Illic</span> <span class='ocrx_word' id='word_1_24' title='bbox 375 659 565 711; x_wconf 91' lang='lat' dir='ltr'>paucos</span> <span class='ocrx_word' id='word_1_25' title='bbox 602 643 710 694; x_wconf 90' lang='lat' dir='ltr'>dies</span> <span class='ocrx_word' id='word_1_26' title='bbox 747 643 1098 709; x_wconf 88' lang='lat' dir='ltr'>componendo</span> <span class='ocrx_word' id='word_1_27' title='bbox 1148 642 1315 694; x_wconf 91' lang='lat' dir='ltr'>animo</span> <span class='ocrx_word' id='word_1_28' title='bbox 1356 643 1586 707; x_wconf 80' lang='lat' dir='ltr'>insumit,</span> <span class='ocrx_word' id='word_1_29' title='bbox 1646 644 1869 695; x_wconf 90' lang='lat' dir='ltr'>violenta</span> <span class='ocrx_word' id='word_1_30' title='bbox 1918 644 2053 697; x_wconf 90' lang='lat' dir='ltr'>luctu</span> 
     </span>
    </p>
   </div>
   <div class='ocr_carea' id='block_1_5' title="bbox 232 734 774 789">
    <p class='ocr_par' dir='ltr' id='par_1_5' title="bbox 232 734 774 789">
     <span class='ocr_line' id='line_1_7' title="bbox 232 734 774 789; baseline -0.009 -1"><span class='ocrx_word' id='word_1_31' title='bbox 232 741 281 788; x_wconf 90' lang='lat' dir='ltr'>et</span> <span class='ocrx_word' id='word_1_32' title='bbox 307 737 478 789; x_wconf 88' lang='lat' dir='ltr'>nescia</span> <span class='ocrx_word' id='word_1_33' title='bbox 508 734 774 785; x_wconf 89' lang='lat' dir='ltr'>tolerandi.</span> 
     </span>
    </p>
   </div>
   <div class='ocr_carea' id='block_1_6' title="bbox 844 735 2055 801">
    <p class='ocr_par' dir='ltr' id='par_1_6' title="bbox 844 735 2055 801">
     <span class='ocr_line' id='line_1_8' title="bbox 844 735 2055 801; baseline 0 -16"><span class='ocrx_word' id='word_1_34' title='bbox 844 735 1045 785; x_wconf 80' lang='lat' dir='ltr'>Interim</span> <span class='ocrx_word' id='word_1_35' title='bbox 1076 735 1294 786; x_wconf 88' lang='lat' dir='ltr'>adventu</span> <span class='ocrx_word' id='word_1_36' title='bbox 1328 735 1437 786; x_wconf 87' lang='lat' dir='ltr'>eius</span> <span class='ocrx_word' id='word_1_37' title='bbox 1469 735 1640 786; x_wconf 89' lang='lat' dir='ltr'>audito</span> <span class='ocrx_word' id='word_1_38' title='bbox 1674 735 1877 787; x_wconf 86' lang='lat' dir='ltr'>intimus</span> <span class='ocrx_word' id='word_1_39' title='bbox 1913 736 2055 801; x_wconf 88' lang='lat' dir='ltr'>quis-</span> 
     </span>
    </p>
   </div>
   <div class='ocr_carea' id='block_1_7' title="bbox 229 825 2090 1171">
    <p class='ocr_par' dir='ltr' id='par_1_7' title="bbox 229 825 2090 1171">
     <span class='ocr_line' id='line_1_9' title="bbox 231 825 2090 895; baseline -0.002 -15"><span class='ocrx_word' id='word_1_40' title='bbox 231 844 327 895; x_wconf 87' lang='lat' dir='ltr'>que</span> <span class='ocrx_word' id='word_1_41' title='bbox 362 827 637 878; x_wconf 90' lang='lat' dir='ltr'>amicorum</span> <span class='ocrx_word' id='word_1_42' title='bbox 678 830 726 876; x_wconf 89' lang='lat' dir='ltr'>et</span> <span class='ocrx_word' id='word_1_43' title='bbox 759 825 986 891; x_wconf 85' lang='lat' dir='ltr'>plerique</span> <span class='ocrx_word' id='word_1_44' title='bbox 1021 826 1279 891; x_wconf 82' lang='lat' dir='ltr'>militareS,</span> <span class='ocrx_word' id='word_1_45' title='bbox 1320 832 1374 876; x_wconf 88' lang='lat' dir='ltr'>ut</span> <span class='ocrx_word' id='word_1_46' title='bbox 1410 827 1593 893; x_wconf 89' lang='lat' dir='ltr'>quique</span> <span class='ocrx_word' id='word_1_47' title='bbox 1628 827 1719 878; x_wconf 89' lang='lat' dir='ltr'>sub</span> <span class='ocrx_word' id='word_1_48' title='bbox 1749 827 2090 879; x_wconf 59' lang='lat' dir='ltr'>Germanicos</span> 
     </span>
     <span class='ocr_line' id='line_1_10' title="bbox 229 914 2050 984; baseline -0.002 -13"><span class='ocrx_word' id='word_1_49' title='bbox 229 916 476 984; x_wconf 86' lang='lat' dir='ltr'>stipendia</span> <span class='ocrx_word' id='word_1_50' title='bbox 516 916 759 979; x_wconf 82' lang='lat' dir='ltr'>fecerant,</span> <span class='ocrx_word' id='word_1_51' title='bbox 801 914 1040 980; x_wconf 89' lang='lat' dir='ltr'>multique</span> <span class='ocrx_word' id='word_1_52' title='bbox 1074 917 1221 967; x_wconf 90' lang='lat' dir='ltr'>etiam</span> <span class='ocrx_word' id='word_1_53' title='bbox 1261 917 1422 983; x_wconf 85' lang='lat' dir='ltr'>ignoti</span> <span class='ocrx_word' id='word_1_54' title='bbox 1457 917 1639 969; x_wconf 90' lang='lat' dir='ltr'>vicinis</span> <span class='ocrx_word' id='word_1_55' title='bbox 1683 934 1711 969; x_wconf 90' lang='lat' dir='ltr'>e</span> <span class='ocrx_word' id='word_1_56' title='bbox 1748 918 2050 983; x_wconf 83' lang='lat' dir='ltr'>municipiiS,</span> 
     </span>
     <span class='ocr_line' id='line_1_11' title="bbox 229 987 2051 1076; baseline -0.001 -15"><span class='ocrx_word' id='word_1_57' title='bbox 229 1023 344 1076; x_wconf 83' lang='lat' dir='ltr'>pars</span> <span class='ocrx_word' id='word_1_58' title='bbox 382 987 600 1058; x_wconf 83' lang='lat' dir='ltr'>officium</span> <span class='ocrx_word' id='word_1_59' title='bbox 644 1006 694 1055; x_wconf 88' lang='lat' dir='ltr'>in</span> <span class='ocrx_word' id='word_1_60' title='bbox 729 1006 1008 1071; x_wconf 88' lang='lat' dir='ltr'>principem</span> <span class='ocrx_word' id='word_1_61' title='bbox 1047 1007 1166 1071; x_wconf 87' lang='lat' dir='ltr'>rati,</span> <span class='ocrx_word' id='word_1_62' title='bbox 1205 1007 1375 1072; x_wconf 89' lang='lat' dir='ltr'>plures</span> <span class='ocrx_word' id='word_1_63' title='bbox 1413 1008 1527 1059; x_wconf 90' lang='lat' dir='ltr'>illos</span> <span class='ocrx_word' id='word_1_64' title='bbox 1567 1010 1756 1074; x_wconf 88' lang='lat' dir='ltr'>secuti,</span> <span class='ocrx_word' id='word_1_65' title='bbox 1795 1024 1946 1061; x_wconf 89' lang='lat' dir='ltr'>ruere</span> <span class='ocrx_word' id='word_1_66' title='bbox 1989 1009 2051 1060; x_wconf 92' lang='lat' dir='ltr'>ad</span> 
     </span>
     <span class='ocr_line' id='line_1_12' title="bbox 229 1096 2054 1171; baseline 0 -21"><span class='ocrx_word' id='word_1_67' title='bbox 229 1097 462 1165; x_wconf 89' lang='lat' dir='ltr'>oppidum</span> <span class='ocrx_word' id='word_1_68' title='bbox 489 1096 825 1161; x_wconf 87' lang='lat' dir='ltr'>Brundisium,</span> <span class='ocrx_word' id='word_1_69' title='bbox 863 1097 996 1162; x_wconf 90' lang='lat' dir='ltr'>quod</span> <span class='ocrx_word' id='word_1_70' title='bbox 1026 1098 1285 1165; x_wconf 85' lang='lat' dir='ltr'>naviganti</span> <span class='ocrx_word' id='word_1_71' title='bbox 1314 1099 1632 1171; x_wconf 87' lang='lat' dir='ltr'>celerrimum</span> <span class='ocrx_word' id='word_1_72' title='bbox 1658 1100 2054 1166; x_wconf 87' lang='lat' dir='ltr'>fidissimumque</span> 
     </span>
    </p>
   </div>
   <div class='ocr_carea' id='block_1_8' title="bbox 227 1189 594 1256">
    <p class='ocr_par' dir='ltr' id='par_1_8' title="bbox 227 1189 594 1256">
     <span class='ocr_line' id='line_1_13' title="bbox 227 1189 594 1256; baseline -0.011 -14"><span class='ocrx_word' id='word_1_73' title='bbox 227 1189 437 1256; x_wconf 89' lang='lat' dir='ltr'>adpulsu</span> <span class='ocrx_word' id='word_1_74' title='bbox 472 1193 594 1240; x_wconf 88' lang='lat' dir='ltr'>erat.</span> 
     </span>
    </p>
   </div>
   <div class='ocr_carea' id='block_1_9' title="bbox 669 1187 2055 1254">
    <p class='ocr_par' dir='ltr' id='par_1_9' title="bbox 669 1187 2055 1254">
     <span class='ocr_line' id='line_1_14' title="bbox 669 1187 2055 1254; baseline 0.001 -15"><span class='ocrx_word' id='word_1_75' title='bbox 669 1187 836 1254; x_wconf 88' lang='lat' dir='ltr'>Atque</span> <span class='ocrx_word' id='word_1_76' title='bbox 879 1189 965 1239; x_wconf 88' lang='lat' dir='ltr'>ubi</span> <span class='ocrx_word' id='word_1_77' title='bbox 1002 1189 1213 1254; x_wconf 86' lang='lat' dir='ltr'>primum</span> <span class='ocrx_word' id='word_1_78' title='bbox 1253 1204 1316 1239; x_wconf 85' lang='lat' dir='ltr'>ex</span> <span class='ocrx_word' id='word_1_79' title='bbox 1355 1189 1454 1240; x_wconf 91' lang='lat' dir='ltr'>alto</span> <span class='ocrx_word' id='word_1_80' title='bbox 1493 1190 1602 1241; x_wconf 92' lang='lat' dir='ltr'>visa</span> <span class='ocrx_word' id='word_1_81' title='bbox 1645 1190 1855 1254; x_wconf 86' lang='lat' dir='ltr'>classis,</span> <span class='ocrx_word' id='word_1_82' title='bbox 1910 1205 2055 1241; x_wconf 89' lang='lat' dir='ltr'>com-</span> 
     </span>
    </p>
   </div>
   <div class='ocr_carea' id='block_1_10' title="bbox 224 1280 2118 1530">
    <p class='ocr_par' dir='ltr' id='par_1_10' title="bbox 224 1280 2118 1530">
     <span class='ocr_line' id='line_1_15' title="bbox 224 1280 2118 1348; baseline 0.001 -17"><span class='ocrx_word' id='word_1_83' title='bbox 224 1281 422 1348; x_wconf 83' lang='lat' dir='ltr'>plentur</span> <span class='ocrx_word' id='word_1_84' title='bbox 458 1295 562 1343; x_wconf 13' lang='lat' dir='ltr'>,non</span> <span class='ocrx_word' id='word_1_85' title='bbox 602 1280 753 1331; x_wconf 90' lang='lat' dir='ltr'>modo</span> <span class='ocrx_word' id='word_1_86' title='bbox 795 1285 969 1346; x_wconf 90' lang='lat' dir='ltr'>portus</span> <span class='ocrx_word' id='word_1_87' title='bbox 1010 1284 1058 1331; x_wconf 87' lang='lat' dir='ltr'>et</span> <span class='ocrx_word' id='word_1_88' title='bbox 1109 1280 1339 1345; x_wconf 83' lang='lat' dir='ltr'>proxima</span> <span class='ocrx_word' id='word_1_89' title='bbox 1379 1281 1562 1345; x_wconf 84' lang='lat' dir='ltr'>maris,</span> <span class='ocrx_word' id='word_1_90' title='bbox 1619 1282 1710 1332; x_wconf 88' lang='lat' dir='ltr'>sed</span> <span class='ocrx_word' id='word_1_91' title='bbox 1751 1282 1953 1333; x_wconf 91' lang='lat' dir='ltr'>moenia</span> <span class='ocrx_word' id='word_1_92' title='bbox 1994 1295 2118 1334; x_wconf 79' lang='lat' dir='ltr'>acio</span> 
     </span>
     <span class='ocr_line' id='line_1_16' title="bbox 226 1371 2053 1439; baseline 0.001 -17"><span class='ocrx_word' id='word_1_93' title='bbox 226 1377 371 1436; x_wconf 88' lang='lat' dir='ltr'>tecta,</span> <span class='ocrx_word' id='word_1_94' title='bbox 399 1385 595 1438; x_wconf 90' lang='lat' dir='ltr'>quaque</span> <span class='ocrx_word' id='word_1_95' title='bbox 619 1371 916 1439; x_wconf 84' lang='lat' dir='ltr'>longissime</span> <span class='ocrx_word' id='word_1_96' title='bbox 938 1372 1255 1438; x_wconf 81' lang='lat' dir='ltr'>prospectari</span> <span class='ocrx_word' id='word_1_97' title='bbox 1292 1378 1506 1438; x_wconf 86' lang='lat' dir='ltr'>poterat,</span> <span class='ocrx_word' id='word_1_98' title='bbox 1547 1374 1875 1424; x_wconf 88' lang='lat' dir='ltr'>maerentium</span> <span class='ocrx_word' id='word_1_99' title='bbox 1911 1373 2053 1425; x_wconf 87' lang='lat' dir='ltr'>turba</span> 
     </span>
     <span class='ocr_line' id='line_1_17' title="bbox 224 1462 2054 1530; baseline 0.001 -17"><span class='ocrx_word' id='word_1_100' title='bbox 224 1467 274 1514; x_wconf 91' lang='lat' dir='ltr'>et</span> <span class='ocrx_word' id='word_1_101' title='bbox 311 1462 635 1530; x_wconf 87' lang='lat' dir='ltr'>rogitant-ium</span> <span class='ocrx_word' id='word_1_102' title='bbox 673 1463 805 1514; x_wconf 87' lang='lat' dir='ltr'>inter</span> <span class='ocrx_word' id='word_1_103' title='bbox 843 1479 899 1513; x_wconf 89' lang='lat' dir='ltr'>se</span> <span class='ocrx_word' id='word_1_104' title='bbox 936 1462 1205 1513; x_wconf 80' lang='lat' dir='ltr'>silentione</span> <span class='ocrx_word' id='word_1_105' title='bbox 1233 1478 1294 1512; x_wconf 89' lang='lat' dir='ltr'>an</span> <span class='ocrx_word' id='word_1_106' title='bbox 1332 1478 1461 1514; x_wconf 89' lang='lat' dir='ltr'>voce</span> <span class='ocrx_word' id='word_1_107' title='bbox 1501 1464 1664 1529; x_wconf 90' lang='lat' dir='ltr'>aliqua</span> <span class='ocrx_word' id='word_1_108' title='bbox 1706 1464 2054 1530; x_wconf 83' lang='lat' dir='ltr'>egredientem</span> 
     </span>
    </p>
   </div>
   <div class='ocr_carea' id='block_1_11' title="bbox 225 1553 530 1619">
    <p class='ocr_par' dir='ltr' id='par_1_11' title="bbox 225 1553 530 1619">
     <span class='ocr_line' id='line_1_18' title="bbox 225 1553 530 1619; baseline -0.01 -14"><span class='ocrx_word' id='word_1_109' title='bbox 225 1553 530 1619; x_wconf 76' lang='lat' dir='ltr'>exciperent.</span> 
     </span>
    </p>
   </div>
   <div class='ocr_carea' id='block_1_12' title="bbox 604 1553 2052 1620">
    <p class='ocr_par' dir='ltr' id='par_1_12' title="bbox 604 1553 2052 1620">
     <span class='ocr_line' id='line_1_19' title="bbox 604 1553 2052 1620; baseline 0.001 -17"><span class='ocrx_word' id='word_1_110' title='bbox 604 1554 777 1618; x_wconf 88' lang='lat' dir='ltr'>Neque</span> <span class='ocrx_word' id='word_1_111' title='bbox 827 1554 951 1603; x_wconf 85' lang='lat' dir='ltr'>satis</span> <span class='ocrx_word' id='word_1_112' title='bbox 1006 1553 1270 1603; x_wconf 80' lang='lat' dir='ltr'>constabat</span> <span class='ocrx_word' id='word_1_113' title='bbox 1326 1553 1442 1618; x_wconf 91' lang='lat' dir='ltr'>quid</span> <span class='ocrx_word' id='word_1_114' title='bbox 1486 1568 1577 1619; x_wconf 89' lang='lat' dir='ltr'>pro</span> <span class='ocrx_word' id='word_1_115' title='bbox 1626 1555 2052 1620; x_wconf 83' lang='lat' dir='ltr'>tempore-foret,</span> 
     </span>
    </p>
   </div>
   <div class='ocr_carea' id='block_1_13' title="bbox 227 1644 2052 1714">
    <p class='ocr_par' dir='ltr' id='par_1_13' title="bbox 227 1644 2052 1714">
     <span class='ocr_line' id='line_1_20' title="bbox 227 1644 2052 1714; baseline 0 -18"><span class='ocrx_word' id='word_1_116' title='bbox 227 1661 337 1696; x_wconf 86' lang='lat' dir='ltr'>cum</span> <span class='ocrx_word' id='word_1_117' title='bbox 375 1644 553 1696; x_wconf 89' lang='lat' dir='ltr'>classis</span> <span class='ocrx_word' id='word_1_118' title='bbox 578 1644 814 1710; x_wconf 87' lang='lat' dir='ltr'>paulatim</span> <span class='ocrx_word' id='word_1_119' title='bbox 847 1645 1112 1709; x_wconf 83' lang='lat' dir='ltr'>successit,</span> <span class='ocrx_word' id='word_1_120' title='bbox 1153 1659 1254 1695; x_wconf 92' lang='lat' dir='ltr'>non</span> <span class='ocrx_word' id='word_1_121' title='bbox 1284 1644 1457 1709; x_wconf 86' lang='lat' dir='ltr'>alacri,</span> <span class='ocrx_word' id='word_1_122' title='bbox 1484 1650 1535 1694; x_wconf 85' lang='lat' dir='ltr'>ut</span> <span class='ocrx_word' id='word_1_123' title='bbox 1562 1645 1776 1709; x_wconf 91' lang='lat' dir='ltr'>adsolet,</span> <span class='ocrx_word' id='word_1_124' title='bbox 1814 1646 2052 1714; x_wconf 85' lang='lat' dir='ltr'>remigi0,</span> 
     </span>
    </p>
   </div>
   <div class='ocr_carea' id='block_1_14' title="bbox 224 1735 1308 1801">
    <p class='ocr_par' dir='ltr' id='par_1_14' title="bbox 224 1735 1308 1801">
     <span class='ocr_line' id='line_1_21' title="bbox 224 1735 1308 1801; baseline -0.003 -13"><span class='ocrx_word' id='word_1_125' title='bbox 224 1735 317 1788; x_wconf 91' lang='lat' dir='ltr'>sed</span> <span class='ocrx_word' id='word_1_126' title='bbox 360 1735 554 1787; x_wconf 87' lang='lat' dir='ltr'>cunctis</span> <span class='ocrx_word' id='word_1_127' title='bbox 598 1735 660 1786; x_wconf 88' lang='lat' dir='ltr'>ad</span> <span class='ocrx_word' id='word_1_128' title='bbox 708 1735 957 1786; x_wconf 88' lang='lat' dir='ltr'>tristitiam</span> <span class='ocrx_word' id='word_1_129' title='bbox 999 1736 1308 1801; x_wconf 89' lang='lat' dir='ltr'>compositis.</span> 
     </span>
    </p>
   </div>
   <div class='ocr_carea' id='block_1_15' title="bbox 1383 1736 2119 1801">
    <p class='ocr_par' dir='ltr' id='par_1_15' title="bbox 1383 1736 2119 1801">
     <span class='ocr_line' id='line_1_22' title="bbox 1383 1736 2119 1801; baseline 0.001 -15"><span class='ocrx_word' id='word_1_130' title='bbox 1383 1737 1649 1801; x_wconf 89' lang='lat' dir='ltr'>Postquam</span> <span class='ocrx_word' id='word_1_131' title='bbox 1697 1736 1894 1788; x_wconf 90' lang='lat' dir='ltr'>duobus</span> <span class='ocrx_word' id='word_1_132' title='bbox 1943 1745 2119 1788; x_wconf 64' lang='lat' dir='ltr'>cumis</span> 
     </span>
    </p>
   </div>
   <div class='ocr_carea' id='block_1_16' title="bbox 225 1826 2053 1985">
    <p class='ocr_par' dir='ltr' id='par_1_16' title="bbox 225 1826 2053 1985">
     <span class='ocr_line' id='line_1_23' title="bbox 225 1826 2053 1894; baseline 0.002 -17"><span class='ocrx_word' id='word_1_133' title='bbox 225 1827 429 1891; x_wconf 80' lang='lat' dir='ltr'>liberiS,</span> <span class='ocrx_word' id='word_1_134' title='bbox 493 1826 698 1878; x_wconf 88' lang='lat' dir='ltr'>feralem</span> <span class='ocrx_word' id='word_1_135' title='bbox 736 1841 913 1877; x_wconf 88' lang='lat' dir='ltr'>urnam</span> <span class='ocrx_word' id='word_1_136' title='bbox 958 1832 1168 1891; x_wconf 87' lang='lat' dir='ltr'>tenens,</span> <span class='ocrx_word' id='word_1_137' title='bbox 1232 1842 1441 1894; x_wconf 87' lang='lat' dir='ltr'>egressa</span> <span class='ocrx_word' id='word_1_138' title='bbox 1491 1829 1608 1878; x_wconf 90' lang='lat' dir='ltr'>navi</span> <span class='ocrx_word' id='word_1_139' title='bbox 1649 1829 1821 1880; x_wconf 84' lang='lat' dir='ltr'>defixit</span> <span class='ocrx_word' id='word_1_140' title='bbox 1858 1829 2053 1894; x_wconf 81' lang='lat' dir='ltr'>ocuIOS,</span> 
     </span>
     <span class='ocr_line' id='line_1_24' title="bbox 227 1918 2053 1985; baseline 0.001 -14"><span class='ocrx_word' id='word_1_141' title='bbox 227 1918 359 1971; x_wconf 90' lang='lat' dir='ltr'>idem</span> <span class='ocrx_word' id='word_1_142' title='bbox 397 1918 614 1969; x_wconf 91' lang='lat' dir='ltr'>omnium</span> <span class='ocrx_word' id='word_1_143' title='bbox 653 1918 906 1985; x_wconf 82' lang='lat' dir='ltr'>gemitus3</span> <span class='ocrx_word' id='word_1_144' title='bbox 960 1933 1124 1983; x_wconf 85' lang='lat' dir='ltr'>neque</span> <span class='ocrx_word' id='word_1_145' title='bbox 1168 1918 1491 1970; x_wconf 83' lang='lat' dir='ltr'>discerneres</span> <span class='ocrx_word' id='word_1_146' title='bbox 1541 1920 1801 1984; x_wconf 84' lang='lat' dir='ltr'>proximos</span> <span class='ocrx_word' id='word_1_147' title='bbox 1841 1920 2053 1985; x_wconf 84' lang='lat' dir='ltr'>alienoS,</span> 
     </span>
    </p>
   </div>
   <div class='ocr_carea' id='block_1_17' title="bbox 227 2085 1753 2201">
    <p class='ocr_par' dir='ltr' id='par_1_17' title="bbox 227 2085 1753 2201">
     <span class='ocr_line' id='line_1_25' title="bbox 342 2085 1236 2140; baseline -0.001 -12"><span class='ocrx_word' id='word_1_148' title='bbox 342 2088 381 2128; x_wconf 86' lang='lat' dir='ltr'>l.</span> <span class='ocrx_word' id='word_1_149' title='bbox 414 2085 479 2128; x_wconf 76' lang='lat' dir='ltr'>Ab</span> <span class='ocrx_word' id='word_1_150' title='bbox 510 2099 682 2127; x_wconf 68' lang='lat' dir='ltr'>excessu</span> <span class='ocrx_word' id='word_1_151' title='bbox 706 2086 795 2126; x_wconf 70' lang='lat' dir='ltr'>diui</span> <span class='ocrx_word' id='word_1_152' title='bbox 824 2088 1006 2140; x_wconf 51' lang='lat' dir='ltr'>augusti.</span> <span class='ocrx_word' id='word_1_153' title='bbox 1043 2086 1163 2128; x_wconf 69' lang='lat' dir='ltr'><em>Nihil</em></span> <span class='ocrx_word' id='word_1_154' title='bbox 1185 2087 1236 2127; x_wconf 75' lang='lat' dir='ltr'>M.</span> 
     </span>
     <span class='ocr_line' id='line_1_26' title="bbox 227 2144 1753 2201; baseline 0.001 -15"><span class='ocrx_word' id='word_1_155' title='bbox 227 2144 376 2186; x_wconf 84' lang='lat' dir='ltr'>aldus:</span> <span class='ocrx_word' id='word_1_156' title='bbox 408 2144 447 2187; x_wconf 83' lang='lat' dir='ltr'>M</span> <span class='ocrx_word' id='word_1_157' title='bbox 474 2146 635 2199; x_wconf 66' lang='lat' dir='ltr'>cecique.</span> <span class='ocrx_word' id='word_1_158' title='bbox 700 2145 742 2188; x_wconf 87' lang='grc'>9.</span> <span class='ocrx_word' id='word_1_159' title='bbox 768 2144 947 2201; x_wconf 79' lang='lat' dir='ltr'>adpulsu</span> <span class='ocrx_word' id='word_1_160' title='bbox 970 2158 1066 2185; x_wconf 92' lang='lat' dir='ltr'>cum</span> <span class='ocrx_word' id='word_1_161' title='bbox 1101 2145 1179 2187; x_wconf 88' lang='lat' dir='ltr'>lin.</span> <span class='ocrx_word' id='word_1_162' title='bbox 1200 2145 1261 2187; x_wconf 77' lang='lat' dir='ltr'>M:</span> <span class='ocrx_word' id='word_1_163' title='bbox 1295 2145 1475 2200; x_wconf 75' lang='lat' dir='ltr'>adpulsu</span> <span class='ocrx_word' id='word_1_164' title='bbox 1498 2146 1753 2189; x_wconf 83' lang='lat' dir='ltr'>Beroaldus.</span> 
     </span>
    </p>
   </div>
   <div class='ocr_carea' id='block_1_18' title="bbox 226 2274 1101 3444">
    <p class='ocr_par' dir='ltr' id='par_1_18' title="bbox 226 2274 1101 3211">
     <span class='ocr_line' id='line_1_27' title="bbox 578 2274 1094 2315; baseline 0.004 -2"><span class='ocrx_word' id='word_1_165' title='bbox 578 2274 686 2315; x_wconf 68' lang='lat' dir='ltr'>nihil</span> <span class='ocrx_word' id='word_1_166' title='bbox 742 2275 986 2315; x_wconf 71' lang='lat' dir='ltr'>interim‘ssa</span> <span class='ocrx_word' id='word_1_167' title='bbox 1040 2298 1094 2305; x_wconf 86' lang='lat'>——</span> 
     </span>
     <span class='ocr_line' id='line_1_28' title="bbox 226 2332 1095 2375; baseline 0 -2"><span class='ocrx_word' id='word_1_168' title='bbox 226 2338 379 2374; x_wconf 79' lang='lat' dir='ltr'>contra</span> <span class='ocrx_word' id='word_1_169' title='bbox 419 2332 570 2373; x_wconf 76' lang='lat' dir='ltr'>sicam.-</span> <span class='ocrx_word' id='word_1_170' title='bbox 621 2333 664 2374; x_wconf 90' lang='lat' dir='ltr'>in</span> <span class='ocrx_word' id='word_1_171' title='bbox 718 2332 844 2373; x_wconf 85' lang='lat' dir='ltr'>huius</span> <span class='ocrx_word' id='word_1_172' title='bbox 895 2333 993 2375; x_wconf 82' lang='lat' dir='ltr'>libri</span> <span class='ocrx_word' id='word_1_173' title='bbox 1045 2346 1095 2373; x_wconf 86' lang='lat' dir='ltr'>ac</span> 
     </span>
     <span class='ocr_line' id='line_1_29' title="bbox 226 2391 1094 2433; baseline 0 -1"><span class='ocrx_word' id='word_1_174' title='bbox 226 2392 327 2433; x_wconf 88' lang='lat' dir='ltr'>novi</span> <span class='ocrx_word' id='word_1_175' title='bbox 360 2392 460 2432; x_wconf 88' lang='lat' dir='ltr'>anni</span> <span class='ocrx_word' id='word_1_176' title='bbox 484 2391 663 2433; x_wconf 88' lang='lat' dir='ltr'>exordio</span> <span class='ocrx_word' id='word_1_177' title='bbox 687 2391 859 2433; x_wconf 88' lang='lat' dir='ltr'>solitam</span> <span class='ocrx_word' id='word_1_178' title='bbox 880 2393 963 2433; x_wconf 91' lang='lat' dir='ltr'>sibi</span> <span class='ocrx_word' id='word_1_179' title='bbox 986 2391 1094 2432; x_wconf 86' lang='lat' dir='ltr'>alias</span> 
     </span>
     <span class='ocr_line' id='line_1_30' title="bbox 227 2449 1101 2506; baseline 0.001 -15"><span class='ocrx_word' id='word_1_180' title='bbox 227 2449 423 2493; x_wconf 83' lang='lat' dir='ltr'>narrandi</span> <span class='ocrx_word' id='word_1_181' title='bbox 458 2451 571 2491; x_wconf 90' lang='lat' dir='ltr'>viam</span> <span class='ocrx_word' id='word_1_182' title='bbox 604 2451 664 2492; x_wconf 87' lang='lat' dir='ltr'>ita</span> <span class='ocrx_word' id='word_1_183' title='bbox 695 2450 895 2506; x_wconf 88' lang='lat' dir='ltr'>reliquit,</span> <span class='ocrx_word' id='word_1_184' title='bbox 931 2458 977 2491; x_wconf 94' lang='lat' dir='ltr'>ut</span> <span class='ocrx_word' id='word_1_185' title='bbox 1008 2458 1101 2492; x_wconf 72' lang='lat' dir='ltr'>non⁴</span> 
     </span>
     <span class='ocr_line' id='line_1_31' title="bbox 226 2508 1094 2552; baseline -0.001 -1"><span class='ocrx_word' id='word_1_186' title='bbox 226 2523 249 2551; x_wconf 91' lang='lat' dir='ltr'>a</span> <span class='ocrx_word' id='word_1_187' title='bbox 290 2508 514 2550; x_wconf 83' lang='lat' dir='ltr'>consulum</span> <span class='ocrx_word' id='word_1_188' title='bbox 564 2512 977 2552; x_wconf 83' lang='lat' dir='ltr'>commemoratione</span> <span class='ocrx_word' id='word_1_189' title='bbox 1023 2512 1094 2551; x_wconf 83' lang='lat' dir='ltr'>in-</span> 
     </span>
     <span class='ocr_line' id='line_1_32' title="bbox 228 2568 1094 2624; baseline 0.002 -14"><span class='ocrx_word' id='word_1_190' title='bbox 228 2569 468 2620; x_wconf 84' lang='lat' dir='ltr'>choaverit,</span> <span class='ocrx_word' id='word_1_191' title='bbox 486 2568 563 2610; x_wconf 89' lang='lat' dir='ltr'>sed</span> <span class='ocrx_word' id='word_1_192' title='bbox 587 2581 662 2611; x_wconf 89' lang='lat' dir='ltr'>eos</span> <span class='ocrx_word' id='word_1_193' title='bbox 684 2570 806 2624; x_wconf 88' lang='lat' dir='ltr'>quasi</span> <span class='ocrx_word' id='word_1_194' title='bbox 822 2571 1094 2624; x_wconf 88' lang='lat' dir='ltr'>praeteriens</span> 
     </span>
     <span class='ocr_line' id='line_1_33' title="bbox 229 2627 1094 2685; baseline 0.001 -16"><span class='ocrx_word' id='word_1_195' title='bbox 229 2643 265 2669; x_wconf 85' lang='lat' dir='ltr'>c.</span> <span class='ocrx_word' id='word_1_196' title='bbox 287 2630 316 2671; x_wconf 79' lang='grc'><strong>2</strong></span> <span class='ocrx_word' id='word_1_197' title='bbox 333 2627 645 2683; x_wconf 84' lang='lat' dir='ltr'>designaverit.</span> <span class='ocrx_word' id='word_1_198' title='bbox 699 2627 906 2670; x_wconf 87' lang='lat' dir='ltr'>Nimirum</span> <span class='ocrx_word' id='word_1_199' title='bbox 930 2630 1094 2685; x_wconf 86' lang='lat' dir='ltr'>Agrip-</span> 
     </span>
     <span class='ocr_line' id='line_1_34' title="bbox 227 2686 1091 2741; baseline 0 -14"><span class='ocrx_word' id='word_1_200' title='bbox 227 2687 356 2741; x_wconf 85' lang='lat' dir='ltr'>pinae</span> <span class='ocrx_word' id='word_1_201' title='bbox 412 2686 728 2740; x_wconf 80' lang='lat' dir='ltr'>proficiscentis</span> <span class='ocrx_word' id='word_1_202' title='bbox 784 2701 838 2729; x_wconf 88' lang='lat' dir='ltr'>ex</span> <span class='ocrx_word' id='word_1_203' title='bbox 891 2689 995 2730; x_wconf 85' lang='lat' dir='ltr'>Asia</span> <span class='ocrx_word' id='word_1_204' title='bbox 1051 2689 1091 2728; x_wconf 91' lang='lat' dir='ltr'>in</span> 
     </span>
     <span class='ocr_line' id='line_1_35' title="bbox 228 2745 1093 2804; baseline 0.001 -18"><span class='ocrx_word' id='word_1_205' title='bbox 228 2745 375 2787; x_wconf 87' lang='lat' dir='ltr'>urbem</span> <span class='ocrx_word' id='word_1_206' title='bbox 410 2747 490 2786; x_wconf 86' lang='lat' dir='ltr'>iter</span> <span class='ocrx_word' id='word_1_207' title='bbox 522 2746 605 2786; x_wconf 87' lang='lat' dir='ltr'>iam</span> <span class='ocrx_word' id='word_1_208' title='bbox 630 2748 671 2788; x_wconf 93' lang='lat' dir='ltr'>in</span> <span class='ocrx_word' id='word_1_209' title='bbox 700 2746 812 2788; x_wconf 90' lang='lat' dir='ltr'>libro</span> <span class='ocrx_word' id='word_1_210' title='bbox 835 2760 1093 2804; x_wconf 84' lang='lat' dir='ltr'>praegresso</span> 
     </span>
     <span class='ocr_line' id='line_1_36' title="bbox 229 2804 1094 2861; baseline 0.002 -15"><span class='ocrx_word' id='word_1_211' title='bbox 229 2807 291 2858; x_wconf 88' lang='lat' dir='ltr'>(c.</span> <span class='ocrx_word' id='word_1_212' title='bbox 325 2805 379 2847; x_wconf 80' lang='lat'>75</span> <span class='ocrx_word' id='word_1_213' title='bbox 401 2810 444 2846; x_wconf 82' lang='lat' dir='ltr'>et</span> <span class='ocrx_word' id='word_1_214' title='bbox 470 2804 547 2860; x_wconf 86' lang='lat'>79)</span> <span class='ocrx_word' id='word_1_215' title='bbox 582 2806 728 2860; x_wconf 87' lang='lat' dir='ltr'>coepit</span> <span class='ocrx_word' id='word_1_216' title='bbox 759 2806 941 2858; x_wconf 81' lang='lat' dir='ltr'>referre,</span> <span class='ocrx_word' id='word_1_217' title='bbox 963 2806 1094 2861; x_wconf 88' lang='lat' dir='ltr'>idque</span> 
     </span>
     <span class='ocr_line' id='line_1_37' title="bbox 228 2863 1093 2920; baseline 0.002 -16"><span class='ocrx_word' id='word_1_218' title='bbox 228 2876 322 2904; x_wconf 86' lang='lat' dir='ltr'>cum</span> <span class='ocrx_word' id='word_1_219' title='bbox 358 2863 515 2917; x_wconf 85' lang='lat' dir='ltr'>exequi</span> <span class='ocrx_word' id='word_1_220' title='bbox 538 2876 651 2905; x_wconf 88' lang='lat' dir='ltr'>nunc</span> <span class='ocrx_word' id='word_1_221' title='bbox 674 2871 842 2920; x_wconf 84' lang='lat' dir='ltr'>pergat,</span> <span class='ocrx_word' id='word_1_222' title='bbox 875 2878 962 2906; x_wconf 91' lang='lat' dir='ltr'>non</span> <span class='ocrx_word' id='word_1_223' title='bbox 993 2871 1093 2918; x_wconf 86' lang='lat' dir='ltr'>apte</span> 
     </span>
     <span class='ocr_line' id='line_1_38' title="bbox 227 2920 1094 2973; baseline 0.006 -13"><span class='ocrx_word' id='word_1_224' title='bbox 227 2920 418 2962; x_wconf 86' lang='lat' dir='ltr'>scribere</span> <span class='ocrx_word' id='word_1_225' title='bbox 451 2922 590 2973; x_wconf 90' lang='lat' dir='ltr'>potuit</span> <span class='ocrx_word' id='word_1_226' title='bbox 611 2923 762 2964; x_wconf 85' lang='lat' dir='ltr'>Marco</span> <span class='ocrx_word' id='word_1_227' title='bbox 795 2923 965 2965; x_wconf 77' lang='lat' dir='ltr'>Valerio</span> <span class='ocrx_word' id='word_1_228' title='bbox 987 2924 1094 2965; x_wconf 73' lang='lat' dir='ltr'>Gaio</span> 
     </span>
     <span class='ocr_line' id='line_1_39' title="bbox 227 2978 1095 3024; baseline 0.003 -3"><span class='ocrx_word' id='word_1_229' title='bbox 227 2978 403 3021; x_wconf 79' lang='lat' dir='ltr'>Aurelio</span> <span class='ocrx_word' id='word_1_230' title='bbox 435 2980 674 3022; x_wconf 80' lang='lat' dir='ltr'>consulibus</span> <span class='ocrx_word' id='word_1_231' title='bbox 712 2982 821 3023; x_wconf 74' lang='lat' dir='ltr'><em>nihil</em></span> <span class='ocrx_word' id='word_1_232' title='bbox 850 2983 1095 3024; x_wconf 72' lang='lat' dir='ltr'>intermissa</span> 
     </span>
     <span class='ocr_line' id='line_1_40' title="bbox 229 3039 1094 3096; baseline 0.007 -19"><span class='ocrx_word' id='word_1_233' title='bbox 229 3063 282 3069; x_wconf 92' lang='lat'>-—</span> <span class='ocrx_word' id='word_1_234' title='bbox 316 3045 467 3079; x_wconf 79' lang='lat' dir='ltr'>contra</span> <span class='ocrx_word' id='word_1_235' title='bbox 500 3039 637 3081; x_wconf 75' lang='lat' dir='ltr'>sitam.</span> <span class='ocrx_word' id='word_1_236' title='bbox 702 3040 781 3083; x_wconf 87' lang='lat'>1110</span> <span class='ocrx_word' id='word_1_237' title='bbox 823 3043 936 3083; x_wconf 86' lang='lat' dir='ltr'>enim</span> <span class='ocrx_word' id='word_1_238' title='bbox 972 3043 1094 3096; x_wconf 90' lang='lat' dir='ltr'>prin-</span> 
     </span>
     <span class='ocr_line' id='line_1_41' title="bbox 228 3097 1094 3155; baseline 0.007 -18"><span class='ocrx_word' id='word_1_239' title='bbox 228 3097 342 3150; x_wconf 86' lang='lat' dir='ltr'>cipio</span> <span class='ocrx_word' id='word_1_240' title='bbox 403 3109 563 3139; x_wconf 90' lang='lat' dir='ltr'>novum</span> <span class='ocrx_word' id='word_1_241' title='bbox 624 3100 836 3155; x_wconf 89' lang='lat' dir='ltr'>quoddam</span> <span class='ocrx_word' id='word_1_242' title='bbox 906 3099 1094 3143; x_wconf 87' lang='lat' dir='ltr'>lectores</span> 
     </span>
     <span class='ocr_line' id='line_1_42' title="bbox 227 3156 720 3211; baseline 0.01 -16"><span class='ocrx_word' id='word_1_243' title='bbox 227 3156 368 3197; x_wconf 72' lang='lat' dir='ltr'>afferri</span> <span class='ocrx_word' id='word_1_244' title='bbox 401 3163 720 3211; x_wconf 81' lang='lat' dir='ltr'>expectassent.</span> 
     </span>
    </p>

    <p class='ocr_par' dir='ltr' id='par_1_19' title="bbox 228 3216 1096 3444">
     <span class='ocr_line' id='line_1_43' title="bbox 312 3216 1094 3272; baseline 0.006 -17"><span class='ocrx_word' id='word_1_245' title='bbox 312 3216 510 3269; x_wconf 71' lang='lat' dir='ltr'>pro-rima</span> <span class='ocrx_word' id='word_1_246' title='bbox 558 3219 692 3260; x_wconf 77' lang='lat' dir='ltr'>maris</span> <span class='ocrx_word' id='word_1_247' title='bbox 744 3224 844 3258; x_wconf 88' lang='lat' dir='ltr'>sunt</span> <span class='ocrx_word' id='word_1_248' title='bbox 899 3219 1094 3272; x_wconf 80' lang='lat' dir='ltr'>proxima</span> 
     </span>
     <span class='ocr_line' id='line_1_44' title="bbox 228 3272 1094 3331; baseline 0.007 -19"><span class='ocrx_word' id='word_1_249' title='bbox 228 3274 355 3313; x_wconf 71' lang='lat' dir='ltr'>»uaris</span> <span class='ocrx_word' id='word_1_250' title='bbox 397 3272 515 3326; x_wconf 84' lang='lat' dir='ltr'>loca,</span> <span class='ocrx_word' id='word_1_251' title='bbox 560 3289 671 3331; x_wconf 87' lang='lat' dir='ltr'>quae</span> <span class='ocrx_word' id='word_1_252' title='bbox 716 3289 799 3317; x_wconf 89' lang='lat' dir='ltr'>una</span> <span class='ocrx_word' id='word_1_253' title='bbox 840 3291 933 3318; x_wconf 88' lang='lat' dir='ltr'>cum</span> <span class='ocrx_word' id='word_1_254' title='bbox 970 3284 1094 3331; x_wconf 87' lang='lat' dir='ltr'>portu</span> 
     </span>
     <span class='ocr_line' id='line_1_45' title="bbox 228 3330 1093 3390; baseline 0.005 -18"><span class='ocrx_word' id='word_1_255' title='bbox 228 3330 395 3384; x_wconf 82' lang='lat' dir='ltr'>cymbis</span> <span class='ocrx_word' id='word_1_256' title='bbox 445 3345 497 3373; x_wconf 88' lang='lat' dir='ltr'>ac</span> <span class='ocrx_word' id='word_1_257' title='bbox 538 3335 725 3390; x_wconf 87' lang='lat' dir='ltr'>navigiis</span> <span class='ocrx_word' id='word_1_258' title='bbox 772 3337 1093 3377; x_wconf 87' lang='lat' dir='ltr'>occurrentium</span> 
     </span>
     <span class='ocr_line' id='line_1_46' title="bbox 229 3388 1096 3444; baseline 0.008 -15"><span class='ocrx_word' id='word_1_259' title='bbox 229 3388 579 3444; x_wconf 82' lang='lat' dir='ltr'>complebantur,</span> <span class='ocrx_word' id='word_1_260' title='bbox 616 3398 661 3433; x_wconf 87' lang='lat' dir='ltr'>ut</span> <span class='ocrx_word' id='word_1_261' title='bbox 693 3400 758 3434; x_wconf 86' lang='lat' dir='ltr'>est</span> <span class='ocrx_word' id='word_1_262' title='bbox 789 3394 831 3433; x_wconf 84' lang='lat' dir='ltr'>in</span> <span class='ocrx_word' id='word_1_263' title='bbox 866 3394 916 3435; x_wconf 87' lang='lat' dir='ltr'>H.</span> <span class='ocrx_word' id='word_1_264' title='bbox 951 3395 1003 3435; x_wconf 87' lang='grc' dir='ltr'>ΙΙΙ</span> <span class='ocrx_word' id='word_1_265' title='bbox 1038 3397 1096 3436; x_wconf 78' lang='lat'>42</span> 
     </span>
    </p>
   </div>
   <div class='ocr_carea' id='block_1_19' title="bbox 314 2271 506 2327">
    <p class='ocr_par' dir='ltr' id='par_1_20' title="bbox 314 2271 506 2327">
     <span class='ocr_line' id='line_1_47' title="bbox 314 2271 506 2327; baseline 0 -13"><span class='ocrx_word' id='word_1_266' title='bbox 314 2271 418 2327; x_wconf 84' lang='lat' dir='ltr'>Cap.</span> <span class='ocrx_word' id='word_1_267' title='bbox 469 2275 506 2314; x_wconf 88' lang='lat'>1.</span> 
     </span>
    </p>
   </div>
   <div class='ocr_carea' id='block_1_20' title="bbox 227 3449 1096 3746">
    <p class='ocr_par' dir='ltr' id='par_1_21' title="bbox 227 3449 1096 3746">
     <span class='ocr_line' id='line_1_48' title="bbox 227 3449 1095 3504; baseline 0.005 -15"><span class='ocrx_word' id='word_1_268' title='bbox 227 3449 362 3489; x_wconf 71' lang='lat' dir='ltr'>missis</span> <span class='ocrx_word' id='word_1_269' title='bbox 389 3462 470 3504; x_wconf 80' lang='lat' dir='ltr'>per</span> <span class='ocrx_word' id='word_1_270' title='bbox 502 3451 705 3504; x_wconf 68' lang='lat' dir='ltr'>proxima</span> <span class='ocrx_word' id='word_1_271' title='bbox 735 3451 903 3493; x_wconf 72' lang='lat' dir='ltr'>litorum</span> <span class='ocrx_word' id='word_1_272' title='bbox 937 3452 1095 3493; x_wconf 76' lang='lat' dir='ltr'>Libur-</span> 
     </span>
     <span class='ocr_line' id='line_1_49' title="bbox 227 3507 1094 3564; baseline 0.006 -18"><span class='ocrx_word' id='word_1_273' title='bbox 227 3508 359 3547; x_wconf 76' lang='lat' dir='ltr'>uicis:</span> <span class='ocrx_word' id='word_1_274' title='bbox 377 3507 574 3561; x_wconf 84' lang='lat' dir='ltr'>prolocis</span> <span class='ocrx_word' id='word_1_275' title='bbox 590 3511 692 3551; x_wconf 85' lang='lat' dir='ltr'>mari</span> <span class='ocrx_word' id='word_1_276' title='bbox 708 3512 913 3564; x_wconf 83' lang='lat' dir='ltr'>proximis</span> <span class='ocrx_word' id='word_1_277' title='bbox 927 3513 1094 3564; x_wconf 80' lang='lat' dir='ltr'>accepit</span> 
     </span>
     <span class='ocr_line' id='line_1_50' title="bbox 228 3564 1096 3620; baseline 0.005 -14"><span class='ocrx_word' id='word_1_278' title='bbox 228 3564 504 3620; x_wconf 69' lang='lat' dir='ltr'>Wahhcrus,</span> <span class='ocrx_word' id='word_1_279' title='bbox 557 3568 632 3610; x_wconf 86' lang='lat' dir='ltr'>scd</span> <span class='ocrx_word' id='word_1_280' title='bbox 688 3576 788 3610; x_wconf 88' lang='lat' dir='ltr'>tunc</span> <span class='ocrx_word' id='word_1_281' title='bbox 840 3570 954 3611; x_wconf 74' lang='lat' dir='ltr'>mari</span> <span class='ocrx_word' id='word_1_282' title='bbox 996 3582 1096 3610; x_wconf 84' lang='lat' dir='ltr'>usus</span> 
     </span>
     <span class='ocr_line' id='line_1_51' title="bbox 229 3622 1096 3687; baseline 0.009 -23"><span class='ocrx_word' id='word_1_283' title='bbox 229 3622 364 3666; x_wconf 63' lang='lat' dir='ltr'>{faciti</span> <span class='ocrx_word' id='word_1_284' title='bbox 381 3628 636 3682; x_wconf 78' lang='lat' dir='ltr'>postularet,</span> <span class='ocrx_word' id='word_1_285' title='bbox 660 3642 746 3671; x_wconf 90' lang='lat' dir='ltr'>non</span> <span class='ocrx_word' id='word_1_286' title='bbox 776 3630 933 3681; x_wconf 71' lang='lat' dir='ltr'>maris,-</span> <span class='ocrx_word' id='word_1_287' title='bbox 954 3643 1096 3687; x_wconf 89' lang='lat' dir='ltr'>neque</span> 
     </span>
     <span class='ocr_line' id='line_1_52' title="bbox 231 3689 1094 3746; baseline 0.009 -23"><span class='ocrx_word' id='word_1_288' title='bbox 231 3690 475 3737; x_wconf 82' lang='lat' dir='ltr'>opportuno</span> <span class='ocrx_word' id='word_1_289' title='bbox 501 3690 710 3746; x_wconf 78' lang='lat' dir='ltr'>propiora</span> <span class='ocrx_word' id='word_1_290' title='bbox 741 3690 924 3744; x_wconf 73' lang='lat' dir='ltr'>fluminis</span> <span class='ocrx_word' id='word_1_291' title='bbox 957 3703 1011 3731; x_wconf 86' lang='lat' dir='ltr'>ex</span> <span class='ocrx_word' id='word_1_292' title='bbox 1043 3689 1094 3731; x_wconf 87' lang='lat' dir='ltr'>H.</span> 
     </span>
    </p>
   </div>
   <div class='ocr_carea' id='block_1_21' title="bbox 963 3828 984 3836">
    <p class='ocr_par' dir='ltr' id='par_1_22' title="bbox 963 3828 984 3836">
     <span class='ocr_line' id='line_1_53' title="bbox 963 3828 984 3836; baseline 0 0"><span class='ocrx_word' id='word_1_293' title='bbox 963 3828 984 3836; x_wconf 65' lang='grc' dir='ltr'><strong><em>ο</em></strong></span> 
     </span>
    </p>
   </div>
   <div class='ocr_carea' id='block_1_22' title="bbox 1314 2088 2054 2143">
    <p class='ocr_par' dir='ltr' id='par_1_23' title="bbox 1314 2088 2054 2143">
     <span class='ocr_line' id='line_1_54' title="bbox 1314 2088 2054 2143; baseline 0.004 -15"><span class='ocrx_word' id='word_1_294' title='bbox 1314 2089 1355 2128; x_wconf 73' lang='lat'>3.</span> <span class='ocrx_word' id='word_1_295' title='bbox 1391 2100 1512 2142; x_wconf 77' lang='lat' dir='ltr'>conp.</span> <span class='ocrx_word' id='word_1_296' title='bbox 1548 2088 1602 2128; x_wconf 86' lang='grc' dir='ltr'>Μ.</span> <span class='ocrx_word' id='word_1_297' title='bbox 1667 2090 1707 2130; x_wconf 83' lang='grc' dir='ltr'>ῦ.</span> <span class='ocrx_word' id='word_1_298' title='bbox 1744 2090 1894 2143; x_wconf 73' lang='lat' dir='ltr'>quique</span> <span class='ocrx_word' id='word_1_299' title='bbox 1912 2089 2054 2131; x_wconf 88' lang='lat' dir='ltr'>Bero-</span> 
     </span>
    </p>
   </div>
   <div class='ocr_carea' id='block_1_23' title="bbox 1820 2146 2051 2192">
    <p class='ocr_par' dir='ltr' id='par_1_24' title="bbox 1820 2146 2051 2192">
     <span class='ocr_line' id='line_1_55' title="bbox 1820 2146 2051 2192; baseline 0.009 -3"><span class='ocrx_word' id='word_1_300' title='bbox 1820 2146 1976 2190; x_wconf 83' lang='lat' dir='ltr'>class&#39;es</span> <span class='ocrx_word' id='word_1_301' title='bbox 2000 2149 2051 2192; x_wconf 84' lang='grc' dir='ltr'>Μ.</span> 
     </span>
    </p>
   </div>
   <div class='ocr_carea' id='block_1_24' title="bbox 1179 2275 2055 2734">
    <p class='ocr_par' dir='ltr' id='par_1_25' title="bbox 1179 2275 2055 2734">
     <span class='ocr_line' id='line_1_56' title="bbox 1188 2275 2055 2321; baseline 0.008 -7"><span class='ocrx_word' id='word_1_302' title='bbox 1188 2275 1219 2314; x_wconf 89' lang='lat' dir='ltr'>V</span> <span class='ocrx_word' id='word_1_303' title='bbox 1257 2275 1310 2317; x_wconf 82' lang='lat'>16</span> <span class='ocrx_word' id='word_1_304' title='bbox 1342 2276 1486 2317; x_wconf 87' lang='lat' dir='ltr'>attulit</span> <span class='ocrx_word' id='word_1_305' title='bbox 1520 2276 1734 2319; x_wconf 89' lang='lat' dir='ltr'>Orellius:</span> <span class='ocrx_word' id='word_1_306' title='bbox 1769 2290 1866 2319; x_wconf 87' lang='lat' dir='ltr'>nam</span> <span class='ocrx_word' id='word_1_307' title='bbox 1899 2279 1959 2320; x_wconf 91' lang='lat' dir='ltr'>ibi</span> <span class='ocrx_word' id='word_1_308' title='bbox 1989 2287 2055 2321; x_wconf 88' lang='lat' dir='ltr'>est</span> 
     </span>
     <span class='ocr_line' id='line_1_57' title="bbox 1180 2334 2053 2391; baseline 0.002 -17"><span class='ocrx_word' id='word_1_309' title='bbox 1180 2334 1306 2375; x_wconf 74' lang='lat' dir='ltr'>laeva</span> <span class='ocrx_word' id='word_1_310' title='bbox 1337 2348 1390 2377; x_wconf 80' lang='lat' dir='ltr'>ac</span> <span class='ocrx_word' id='word_1_311' title='bbox 1420 2337 1627 2391; x_wconf 79' lang='lat' dir='ltr'>propiora</span> <span class='ocrx_word' id='word_1_312' title='bbox 1669 2337 1856 2391; x_wconf 59' lang='lat' dir='ltr'>noctuinis</span> <span class='ocrx_word' id='word_1_313' title='bbox 1893 2337 2053 2380; x_wconf 82' lang='lat' dir='ltr'>Trans..</span> 
     </span>
     <span class='ocr_line' id='line_1_58' title="bbox 1179 2393 2053 2452; baseline 0.008 -19"><span class='ocrx_word' id='word_1_314' title='bbox 1179 2393 1367 2435; x_wconf 46' lang='lat' dir='ltr'>‘rhenani</span> <span class='ocrx_word' id='word_1_315' title='bbox 1387 2402 1582 2447; x_wconf 79' lang='lat' dir='ltr'>tenuere,</span> <span class='ocrx_word' id='word_1_316' title='bbox 1609 2401 1651 2436; x_wconf 88' lang='lat' dir='ltr'>et</span> <span class='ocrx_word' id='word_1_317' title='bbox 1680 2396 1903 2451; x_wconf 88' lang='lat' dir='ltr'>genitivus</span> <span class='ocrx_word' id='word_1_318' title='bbox 1923 2411 2053 2452; x_wconf 83' lang='lat' dir='ltr'>prae-</span> 
     </span>
     <span class='ocr_line' id='line_1_59' title="bbox 1181 2453 2051 2508; baseline 0.006 -14"><span class='ocrx_word' id='word_1_319' title='bbox 1181 2453 1308 2506; x_wconf 83' lang='lat' dir='ltr'>cipue</span> <span class='ocrx_word' id='word_1_320' title='bbox 1353 2468 1406 2495; x_wconf 80' lang='lat' dir='ltr'>ex</span> <span class='ocrx_word' id='word_1_321' title='bbox 1449 2453 1575 2495; x_wconf 76' lang='lat' dir='ltr'>laeva</span> <span class='ocrx_word' id='word_1_322' title='bbox 1619 2454 1806 2508; x_wconf 80' lang='lat' dir='ltr'>pendet3</span> <span class='ocrx_word' id='word_1_323' title='bbox 1858 2456 2051 2499; x_wconf 81' lang='lat' dir='ltr'>Sallustii</span> 
     </span>
     <span class='ocr_line' id='line_1_60' title="bbox 1180 2512 2054 2571; baseline 0.007 -19"><span class='ocrx_word' id='word_1_324' title='bbox 1180 2518 1323 2553; x_wconf 86' lang='lat' dir='ltr'>autem</span> <span class='ocrx_word' id='word_1_325' title='bbox 1347 2513 1465 2568; x_wconf 83' lang='lat' dir='ltr'>(lug.</span> <span class='ocrx_word' id='word_1_326' title='bbox 1484 2512 1564 2570; x_wconf 81' lang='lat'>48)</span> <span class='ocrx_word' id='word_1_327' title='bbox 1598 2515 1783 2569; x_wconf 73' lang='lat' dir='ltr'>{luminis</span> <span class='ocrx_word' id='word_1_328' title='bbox 1810 2516 2054 2571; x_wconf 80' lang='lat' dir='ltr'>propinqua</span> 
     </span>
     <span class='ocr_line' id='line_1_61' title="bbox 1180 2569 2052 2627; baseline 0.007 -16"><span class='ocrx_word' id='word_1_329' title='bbox 1180 2569 1276 2612; x_wconf 80' lang='lat' dir='ltr'>loca</span> <span class='ocrx_word' id='word_1_330' title='bbox 1338 2572 1390 2613; x_wconf 82' lang='lat' dir='ltr'>ab</span> <span class='ocrx_word' id='word_1_331' title='bbox 1455 2572 1607 2614; x_wconf 88' lang='lat' dir='ltr'>eodem</span> <span class='ocrx_word' id='word_1_332' title='bbox 1670 2573 1878 2627; x_wconf 87' lang='lat' dir='ltr'>producta</span> <span class='ocrx_word' id='word_1_333' title='bbox 1940 2576 2052 2617; x_wconf 87' lang='lat' dir='ltr'>alius</span> 
     </span>
     <span class='ocr_line' id='line_1_62' title="bbox 1179 2632 2052 2689; baseline 0.006 -18"><span class='ocrx_word' id='word_1_334' title='bbox 1179 2632 1355 2672; x_wconf 87' lang='lat' dir='ltr'>omnino</span> <span class='ocrx_word' id='word_1_335' title='bbox 1382 2633 1557 2687; x_wconf 82' lang='lat' dir='ltr'>generis</span> <span class='ocrx_word' id='word_1_336' title='bbox 1577 2639 1692 2684; x_wconf 91' lang='lat' dir='ltr'>sunt,</span> <span class='ocrx_word' id='word_1_337' title='bbox 1711 2646 1807 2673; x_wconf 86' lang='lat' dir='ltr'>cum</span> <span class='ocrx_word' id='word_1_338' title='bbox 1830 2635 2052 2689; x_wconf 81' lang='lat' dir='ltr'>genitivus</span> 
     </span>
     <span class='ocr_line' id='line_1_63' title="bbox 1179 2690 1841 2734; baseline 0.005 -3"><span class='ocrx_word' id='word_1_339' title='bbox 1179 2690 1233 2731; x_wconf 86' lang='lat' dir='ltr'>ad</span> <span class='ocrx_word' id='word_1_340' title='bbox 1264 2691 1580 2732; x_wconf 87' lang='lat' dir='ltr'>substantivum</span> <span class='ocrx_word' id='word_1_341' title='bbox 1614 2692 1841 2734; x_wconf 85' lang='lat' dir='ltr'>referatur.</span> 
     </span>
    </p>
   </div>
   <div class='ocr_carea' id='block_1_25' title="bbox 1178 2778 2052 3585">
    <p class='ocr_par' dir='ltr' id='par_1_26' title="bbox 1178 2778 2052 3585">
     <span class='ocr_line' id='line_1_64' title="bbox 1266 2778 2052 2821; baseline 0.003 -3"><span class='ocrx_word' id='word_1_342' title='bbox 1266 2778 1425 2819; x_wconf 80' lang='lat' dir='ltr'>duobus</span> <span class='ocrx_word' id='word_1_343' title='bbox 1457 2793 1550 2819; x_wconf 79' lang='lat' dir='ltr'>cum</span> <span class='ocrx_word' id='word_1_344' title='bbox 1591 2778 1760 2820; x_wconf 73' lang='lat' dir='ltr'>liberis.-</span> <span class='ocrx_word' id='word_1_345' title='bbox 1805 2792 1900 2820; x_wconf 91' lang='lat' dir='ltr'>cum</span> <span class='ocrx_word' id='word_1_346' title='bbox 1942 2779 2052 2821; x_wconf 87' lang='lat' dir='ltr'>Iulia</span> 
     </span>
     <span class='ocr_line' id='line_1_65' title="bbox 1180 2836 2050 2893; baseline 0.005 -17"><span class='ocrx_word' id='word_1_347' title='bbox 1180 2842 1222 2876; x_wconf 86' lang='lat' dir='ltr'>et</span> <span class='ocrx_word' id='word_1_348' title='bbox 1263 2836 1493 2893; x_wconf 80' lang='lat' dir='ltr'>Caligu1a3</span> <span class='ocrx_word' id='word_1_349' title='bbox 1538 2851 1577 2879; x_wconf 90' lang='lat' dir='ltr'>v.</span> <span class='ocrx_word' id='word_1_350' title='bbox 1621 2838 1746 2880; x_wconf 72' lang='lat'>1154</span> <span class='ocrx_word' id='word_1_351' title='bbox 1796 2845 1837 2880; x_wconf 91' lang='lat' dir='ltr'>et</span> <span class='ocrx_word' id='word_1_352' title='bbox 1871 2838 2050 2880; x_wconf 86' lang='lat' dir='ltr'>Sueton.</span> 
     </span>
     <span class='ocr_line' id='line_1_66' title="bbox 1181 2894 2052 2951; baseline 0.005 -16"><span class='ocrx_word' id='word_1_353' title='bbox 1181 2894 1321 2951; x_wconf 81' lang='lat' dir='ltr'>Calig.</span> <span class='ocrx_word' id='word_1_354' title='bbox 1360 2897 1427 2939; x_wconf 89' lang='grc'>10.</span> <span class='ocrx_word' id='word_1_355' title='bbox 1491 2896 1635 2939; x_wconf 82' lang='lat' dir='ltr'>Ceteri</span> <span class='ocrx_word' id='word_1_356' title='bbox 1672 2898 1835 2939; x_wconf 86' lang='lat' dir='ltr'>Romae</span> <span class='ocrx_word' id='word_1_357' title='bbox 1875 2911 2052 2939; x_wconf 85' lang='lat' dir='ltr'>reman-</span> 
     </span>
     <span class='ocr_line' id='line_1_67' title="bbox 1179 2956 2051 3009; baseline 0.005 -15"><span class='ocrx_word' id='word_1_358' title='bbox 1179 2961 1339 2997; x_wconf 82' lang='lat' dir='ltr'>serant.</span> <span class='ocrx_word' id='word_1_359' title='bbox 1463 2956 1604 3009; x_wconf 70' lang='lat' dir='ltr'>defiaeit</span> <span class='ocrx_word' id='word_1_360' title='bbox 1636 2956 1807 2998; x_wconf 81' lang='lat' dir='ltr'>ocutos.-</span> <span class='ocrx_word' id='word_1_361' title='bbox 1857 2956 1900 2998; x_wconf 85' lang='lat' dir='ltr'>h.</span> <span class='ocrx_word' id='word_1_362' title='bbox 1935 2970 1973 2998; x_wconf 86' lang='lat' dir='ltr'>e.</span> <span class='ocrx_word' id='word_1_363' title='bbox 2008 2958 2051 2998; x_wconf 91' lang='lat' dir='ltr'>in</span> 
     </span>
     <span class='ocr_line' id='line_1_68' title="bbox 1179 3015 2050 3067; baseline 0.002 -13"><span class='ocrx_word' id='word_1_364' title='bbox 1179 3019 1336 3055; x_wconf 84' lang='lat' dir='ltr'>terram</span> <span class='ocrx_word' id='word_1_365' title='bbox 1370 3015 1571 3067; x_wconf 88' lang='lat' dir='ltr'>demisit,</span> <span class='ocrx_word' id='word_1_366' title='bbox 1605 3016 1682 3058; x_wconf 91' lang='lat' dir='ltr'>sed</span> <span class='ocrx_word' id='word_1_367' title='bbox 1714 3015 2050 3057; x_wconf 86' lang='lat' dir='ltr'>additamentum</span> 
     </span>
     <span class='ocr_line' id='line_1_69' title="bbox 1178 3075 2051 3130; baseline -0.001 -15"><span class='ocrx_word' id='word_1_368' title='bbox 1178 3075 1224 3115; x_wconf 80' lang='lat' dir='ltr'>in</span> <span class='ocrx_word' id='word_1_369' title='bbox 1256 3081 1419 3115; x_wconf 84' lang='lat' dir='ltr'>terram</span> <span class='ocrx_word' id='word_1_370' title='bbox 1454 3076 1594 3116; x_wconf 88' lang='lat' dir='ltr'>omitti</span> <span class='ocrx_word' id='word_1_371' title='bbox 1627 3076 1794 3129; x_wconf 87' lang='lat' dir='ltr'>potuit,</span> <span class='ocrx_word' id='word_1_372' title='bbox 1840 3075 1941 3130; x_wconf 83' lang='lat' dir='ltr'>quia</span> <span class='ocrx_word' id='word_1_373' title='bbox 1972 3086 2051 3128; x_wconf 84' lang='lat' dir='ltr'>per</span> 
     </span>
     <span class='ocr_line' id='line_1_70' title="bbox 1179 3134 2050 3187; baseline 0 -14"><span class='ocrx_word' id='word_1_374' title='bbox 1179 3134 1548 3187; x_wconf 84' lang='lat' dir='ltr'>praepositionem</span> <span class='ocrx_word' id='word_1_375' title='bbox 1566 3134 1688 3175; x_wconf 87' lang='lat' dir='ltr'>verbi</span> <span class='ocrx_word' id='word_1_376' title='bbox 1704 3134 1932 3186; x_wconf 86' lang='lat' dir='ltr'>compositi</span> <span class='ocrx_word' id='word_1_377' title='bbox 1945 3135 2050 3174; x_wconf 81' lang='lat' dir='ltr'>satis</span> 
     </span>
     <span class='ocr_line' id='line_1_71' title="bbox 1180 3191 2048 3233; baseline 0 -1"><span class='ocrx_word' id='word_1_378' title='bbox 1180 3192 1413 3233; x_wconf 86' lang='lat' dir='ltr'>indicatum</span> <span class='ocrx_word' id='word_1_379' title='bbox 1449 3198 1528 3232; x_wconf 88' lang='lat' dir='ltr'>est.</span> <span class='ocrx_word' id='word_1_380' title='bbox 1591 3193 1690 3233; x_wconf 88' lang='lat' dir='ltr'>Alia</span> <span class='ocrx_word' id='word_1_381' title='bbox 1723 3198 1788 3233; x_wconf 89' lang='lat' dir='ltr'>est</span> <span class='ocrx_word' id='word_1_382' title='bbox 1820 3192 1929 3232; x_wconf 83' lang='lat' dir='ltr'>ratio</span> <span class='ocrx_word' id='word_1_383' title='bbox 1963 3191 2048 3232; x_wconf 89' lang='lat' dir='ltr'>loci</span> 
     </span>
     <span class='ocr_line' id='line_1_72' title="bbox 1181 3249 2051 3304; baseline 0.001 -14"><span class='ocrx_word' id='word_1_384' title='bbox 1181 3251 1222 3290; x_wconf 93' lang='lat' dir='ltr'>in</span> <span class='ocrx_word' id='word_1_385' title='bbox 1257 3250 1418 3291; x_wconf 88' lang='lat' dir='ltr'>Histor.</span> <span class='ocrx_word' id='word_1_386' title='bbox 1452 3249 1510 3290; x_wconf 87' lang='lat' dir='ltr'>lv</span> <span class='ocrx_word' id='word_1_387' title='bbox 1546 3251 1622 3293; x_wconf 80' lang='lat'>72:</span> <span class='ocrx_word' id='word_1_388' title='bbox 1660 3251 1758 3304; x_wconf 60' lang='lat' dir='ltr'>fucis</span> <span class='ocrx_word' id='word_1_389' title='bbox 1803 3252 1849 3291; x_wconf 78' lang='lat' dir='ltr'>in</span> <span class='ocrx_word' id='word_1_390' title='bbox 1890 3255 2051 3291; x_wconf 78' lang='lat' dir='ltr'>terram</span> 
     </span>
     <span class='ocr_line' id='line_1_73' title="bbox 1180 3308 2049 3362; baseline 0.001 -13"><span class='ocrx_word' id='word_1_391' title='bbox 1180 3308 1338 3350; x_wconf 76' lang='lat' dir='ltr'>oculis:</span> <span class='ocrx_word' id='word_1_392' title='bbox 1388 3322 1482 3348; x_wconf 89' lang='lat' dir='ltr'>nam</span> <span class='ocrx_word' id='word_1_393' title='bbox 1531 3322 1627 3349; x_wconf 87' lang='lat' dir='ltr'>cum</span> <span class='ocrx_word' id='word_1_394' title='bbox 1673 3308 1744 3349; x_wconf 86' lang='lat' dir='ltr'>hic</span> <span class='ocrx_word' id='word_1_395' title='bbox 1776 3308 1889 3349; x_wconf 85' lang='lat' dir='ltr'>absit</span> <span class='ocrx_word' id='word_1_396' title='bbox 1920 3321 2049 3362; x_wconf 86' lang='lat' dir='ltr'>prae-</span> 
     </span>
     <span class='ocr_line' id='line_1_74' title="bbox 1181 3367 2050 3421; baseline 0.002 -15"><span class='ocrx_word' id='word_1_397' title='bbox 1181 3367 1356 3420; x_wconf 81' lang='lat' dir='ltr'>positio,</span> <span class='ocrx_word' id='word_1_398' title='bbox 1391 3368 1665 3408; x_wconf 76' lang='lat' dir='ltr'>accusativus</span> <span class='ocrx_word' id='word_1_399' title='bbox 1685 3368 1912 3407; x_wconf 80' lang='lat' dir='ltr'>interram</span> <span class='ocrx_word' id='word_1_400' title='bbox 1942 3380 2050 3421; x_wconf 85' lang='lat' dir='ltr'>sup-</span> 
     </span>
     <span class='ocr_line' id='line_1_75' title="bbox 1183 3424 2048 3480; baseline 0.002 -15"><span class='ocrx_word' id='word_1_401' title='bbox 1183 3425 1291 3479; x_wconf 86' lang='lat' dir='ltr'>pleri</span> <span class='ocrx_word' id='word_1_402' title='bbox 1325 3438 1409 3465; x_wconf 91' lang='lat' dir='ltr'>non</span> <span class='ocrx_word' id='word_1_403' title='bbox 1443 3426 1598 3478; x_wconf 87' lang='lat' dir='ltr'>potuit.</span> <span class='ocrx_word' id='word_1_404' title='bbox 1662 3424 1729 3468; x_wconf 75' lang='lat' dir='ltr'>Cf.</span> <span class='ocrx_word' id='word_1_405' title='bbox 1776 3425 1898 3480; x_wconf 85' lang='lat' dir='ltr'>Virg.</span> <span class='ocrx_word' id='word_1_406' title='bbox 1939 3426 2048 3467; x_wconf 85' lang='lat' dir='ltr'>Aen.</span> 
     </span>
     <span class='ocr_line' id='line_1_76' title="bbox 1188 3482 2049 3539; baseline 0.003 -16"><span class='ocrx_word' id='word_1_407' title='bbox 1188 3482 1241 3523; x_wconf 86' lang='lat' dir='ltr'>Vl</span> <span class='ocrx_word' id='word_1_408' title='bbox 1261 3482 1373 3527; x_wconf 83' lang='lat'>469:</span> <span class='ocrx_word' id='word_1_409' title='bbox 1399 3484 1477 3525; x_wconf 68' lang='lat' dir='ltr'>illa</span> <span class='ocrx_word' id='word_1_410' title='bbox 1500 3485 1588 3525; x_wconf 79' lang='lat' dir='ltr'>solo</span> <span class='ocrx_word' id='word_1_411' title='bbox 1605 3485 1712 3539; x_wconf 61' lang='lat' dir='ltr'>fixos</span> <span class='ocrx_word' id='word_1_412' title='bbox 1738 3485 1880 3526; x_wconf 73' lang='lat' dir='ltr'>ocutos</span> <span class='ocrx_word' id='word_1_413' title='bbox 1897 3497 2049 3527; x_wconf 76' lang='lat' dir='ltr'>aversa</span> 
     </span>
     <span class='ocr_line' id='line_1_77' title="bbox 1183 3543 2041 3585; baseline 0.006 -3"><span class='ocrx_word' id='word_1_414' title='bbox 1183 3543 1365 3585; x_wconf 73' lang='lat' dir='ltr'>tenebat.</span> <span class='ocrx_word' id='word_1_415' title='bbox 2038 3556 2041 3558; x_wconf 79' lang='grc'><strong>’</strong></span> 
     </span>
    </p>
   </div>
   <div class='ocr_carea' id='block_1_26' title="bbox 1186 3631 2050 3750">
    <p class='ocr_par' dir='ltr' id='par_1_27' title="bbox 1186 3631 2050 3750">
     <span class='ocr_line' id='line_1_78' title="bbox 1267 3631 2050 3688; baseline 0.001 -17"><span class='ocrx_word' id='word_1_416' title='bbox 1267 3632 1486 3687; x_wconf 74' lang='lat' dir='ltr'>proximos</span> <span class='ocrx_word' id='word_1_417' title='bbox 1524 3631 1711 3682; x_wconf 71' lang='lat' dir='ltr'>alienos,</span> <span class='ocrx_word' id='word_1_418' title='bbox 1752 3633 1940 3673; x_wconf 63' lang='lat' dir='ltr'>virorum</span> <span class='ocrx_word' id='word_1_419' title='bbox 1980 3634 2050 3688; x_wconf 73' lang='lat' dir='ltr'>se-</span> 
     </span>
     <span class='ocr_line' id='line_1_79' title="bbox 1186 3689 2048 3750; baseline 0.003 -21"><span class='ocrx_word' id='word_1_420' title='bbox 1186 3690 1477 3746; x_wconf 75' lang='lat' dir='ltr'>minarumque</span> <span class='ocrx_word' id='word_1_421' title='bbox 1504 3690 1727 3750; x_wconf 79' lang='lat' dir='ltr'>planctus:</span> <span class='ocrx_word' id='word_1_422' title='bbox 1762 3704 1803 3734; x_wconf 86' lang='lat' dir='ltr'>v.</span> <span class='ocrx_word' id='word_1_423' title='bbox 1839 3690 1892 3732; x_wconf 81' lang='lat' dir='ltr'>ad</span> <span class='ocrx_word' id='word_1_424' title='bbox 1916 3689 1974 3733; x_wconf 78' lang='lat' dir='ltr'>XI</span> <span class='ocrx_word' id='word_1_425' title='bbox 2005 3690 2048 3733; x_wconf 87' lang='lat'>6.</span> 
     </span>
    </p>
   </div>
  </div>
 </body>
</html>
