2280 4004
229 292 255 335 a
285 289 333 335 C.
367 292 439 337 25.
465 304 469 306 ’
798 291 961 336 LIBER
992 291 1065 337 tv.
1133 291 1238 336 CAP.
1269 285 1461 336 43-44.
1961 292 2053 336 2¹⁷7

227 432 451 485 Atidium
483 431 743 483 Geminum
778 438 1063 500 praetorem
1098 432 1325 483 Achaiae
1366 431 1675 484 decrevisse.
1754 433 1823 484 Ita
1860 447 2052 484 secun-

230 523 344 576 dum
383 523 663 576 Messenios
703 523 886 574 datum.
959 524 1021 574 Et
1051 523 1317 590 Segestani
1352 523 1531 574 aedem
1562 523 1792 587 Veneris,
1829 528 2050 575 montem

230 613 359 680 apud
396 614 628 680 Erycum,
669 619 917 665 vetustate
955 614 1198 679 dilapsam
1237 615 1513 664 restaurari
1555 614 1893 680 postulavere,
1931 619 2051 665 nota

229 709 567 755 memorantes
599 703 663 754 de
699 704 902 770 origine
935 704 1043 755 eius
1083 709 1132 756 et
1164 704 1294 755 laeta
1320 705 1540 756 Tiberio.
1612 705 1845 782 S‘gscepit
1879 720 2052 777 curam

223 793 927 871 EQQIREP99„¹.¹..S.Ql¹g.¹1..l¹.¹ssUS:
1002 795 1138 845 Tunc
1172 799 1414 847 tractatae
1436 775 1824 847 Massiliensium
1850 810 2049 862 preceS‚
2069 815 2093 851 ⁵

228 871 592 951 probatumque
627 885 786 935 Publii
820 885 988 938 Rutilii
1041 886 1337 952 exemplum.
1432 888 1658 953 Namque
1697 903 1809 939 eum
1851 887 2051 955 legibus

229 975 422 1042 pulsum
461 976 622 1027 civem
658 976 754 1026 sibi
793 976 1058 1043 Zmyrnaei
1095 978 1414 1028 addiderant.
1480 979 1598 1038 'Quo
1648 977 1756 1029 iure
1794 977 2052 1030 Vulcatius

228 1066 464 1119 Moschus
504 1067 619 1118 exul
661 1067 713 1117 in
754 1068 1112 1120 Massilienses.
1138 1073 1372 1134 receptus
1411 1069 1544 1119 bona
1582 1084 1672 1119 sua
1708 1070 1782 1120 rei
1822 1069 2054 1135 publicae

232 1172 405 1209 eorum
441 1161 496 1207 ut
530 1158 725 1223 patriae
761 1157 1052 1224 reliquerat.

368 1248 555 1300 Obiere
604 1263 666 1300 eo
718 1263 850 1299 anno
889 1249 985 1300 viri
1025 1249 1224 1300 nobiles
1265 1249 1467 1301 Gnaeus
1510 1250 1747 1301 Lentulus
1785 1256 1834 1302 et
1870 1251 2054 1302 Lucius
2075 1264 2121 1300 ιο

230 1337 494 1389 Domitius.
567 1339 794 1404 Lentulo,
835 1354 988 1405 super
1025 1340 1338 1390 consulatum
1378 1345 1426 1390 et
1463 1340 1781 1406 triumphalia
1823 1341 1887 1392 de
1920 1341 2057 1393 Gae-

230 1429 373 1494 tulis,
429 1430 628 1496 gloriae
679 1431 842 1482 fuerat
892 1431 1023 1482 bene
1067 1431 1279 1482 tolerata
1317 1435 1614 1497 pauperum,
1670 1432 1787 1483 dein
1842 1448 2057 1499 magnae

148 1253 217 1304 44

344 1584 387 1626 3.
422 1589 524 1639 aput
554 1583 610 1624 Μ.
674 1583 893 1639 delapsam
924 1584 988 1625 M:
1024 1584 1213 1625 correxit
1231 1582 1474 1626 Ernestius.
1537 1584 1580 1627 6.
1615 1585 1661 1626 Ρ.
1695 1582 1750 1628 Μ.
1816 1584 1971 1627 rutillii
2002 1586 2056 1628 Μ’

700 1643 743 1685 8.
779 1657 865 1685 ems.
903 1641 973 1684 Or.

692 1702 742 1744 L.
780 1702 835 1744 M.

232 1643 271 1686 7.
305 1643 493 1698 smyrnei
523 1642 576 1683 M.

235 1703 304 1746 10.
341 1702 479 1750 cxlv.
513 1702 568 1743 M.

1079 1650 1269 1698 receptos
1300 1642 1354 1684 M.

966 1705 1029 1744 11.
1065 1703 1118 1744 de
1153 1701 1346 1743 Gaetulis
1379 1703 1446 1744 ed.
1481 1703 1597 1757 Lips.
1637 1704 1773 1756 1607,
1808 1703 1862 1746 de
1898 1704 2058 1746 Getulis
2089 1722 2093 1724 ·

1483 1643 1740 1694 bonasuarie
1769 1644 1969 1700 publicae
2000 1645 2056 1687 Μ·

232 1761 491 1805 Rhenanus:
525 1761 562 1802 M
598 1761 776 1817 deqetes,
811 1774 960 1817 margo
994 1767 1036 1803 et
1065 1761 1304 1802 Beroaldus
1339 1761 1389 1802 de
1428 1761 1555 1803 Getis.

235 1896 424 1939 editores
459 1902 556 1950 post
587 1896 778 1950 Lipsium
823 1898 894 1939 hic
934 1896 1099 1939 tolera..

235 1962 334 1997 runt
374 1957 528 1998 vitium
570 1955 667 1998 aliis
707 1955 816 1998 locis
859 1969 965 1998 vere
999 1969 1100 1997 cor-

235 2022 415 2066 rectum,
449 2014 573 2056 velut
605 2028 627 2055 a
652 2014 862 2057 Rhenano
885 2016 934 2058 H.
970 2016 1004 2056 V
1033 2018 1099 2068 10,

236 2088 260 2115 a
292 2088 361 2116 ine
402 2074 453 2115 H.
488 2074 524 2115 V
556 2073 627 2117 24.
688 2073 899 2116 Nimirum
938 2089 1102 2130 parare

236 2146 342 2187 opes
374 2145 451 2187 pro
475 2133 700 2186 acquirere
725 2139 844 2175 reete
867 2133 951 2174 dici
974 2146 1102 2174 nemo

237 2198 384 2247 negat,
418 2191 494 2233 sed
527 2205 624 2247 opes
644 2198 829 2247 paratae
852 2194 973 2233 iuxta
1004 2205 1103 2234 cer-

238 2257 402 2292 tumet
433 2257 703 2292 constantem
737 2265 860 2292 usum
891 2253 1104 2292 sermonis

238 2309 379 2351 Latini
412 2322 518 2363 opes
560 2315 683 2361 sunt,
731 2323 843 2365 quae
880 2318 1104 2366 promptae

240 2375 282 2410 et
316 2369 536 2425 expeditae
569 2375 613 2410 et
655 2370 890 2410 instructae
931 2370 1104 2426 (verbe-

237 2429 414 2480 reitete‚
458 2429 505 2468 in
546 2427 829 2483 Bereitschas't
875 2429 1102 2484 lieqende).

237 2486 301 2528 Ea
331 2488 375 2528 vi
409 2486 649 2541 praeditum
682 2486 854 2528 Tacitus
892 2500 1104 2542 persaepe

239 2558 398 2587 nomen
429 2553 608 2601 paratus
647 2548 820 2601 posuit,
867 2553 914 2588 ut
950 2546 987 2588 ll
1019 2547 1103 2589 79:

241 2604 432 2659 ducitque
465 2604 653 2647 *validam
683 2619 853 2647 manum
881 2614 920 2647 et
938 2606 1104 2662 proelio

235 2671 453 2720 paratam.
516 2664 569 2705 llI
617 2664 699 2707 65:
750 2679 772 2705 ο
821 2665 1010 2706 homines
1050 2665 1107 2705 ad

239 2724 479 2764 servitutem
507 2727 701 2779 paratos.
753 2724 814 2765 IV
849 2725 934 2767 54:
963 2737 1106 2780 para-

243 2789 328 2823 tum
372 2784 411 2823 ei
454 2796 675 2823 venenum.
738 2783 794 2824 xl
825 2784 906 2828 35:
944 2790 1107 2839 parata

244 2842 453 2881 contione.
518 2840 611 2881 XIII
645 2842 734 2883 39:
766 2842 923 2882 hostem
954 2856 1108 2897 vayum

243 2913 376 2952 neque
423 2899 524 2954 paci
571 2906 644 2939 atet
682 2900 846 2954 proelio
888 2908 1104 2956 paratum.

246 2957 342 2998 XIV
375 2960 424 3000 2:
464 2959 624 2998 incesto
666 2966 880 3014 paratam.
943 2960 1020 3001 XV
1054 2959 1107 3001 5:

245 3023 282 3056 et
314 3014 430 3056 aliae
463 3015 711 3073 (legiones)
752 3032 831 3073 pro
864 3019 994 3072 Syria
1022 3032 1108 3073 pa-

246 3081 368 3116 ratae
408 3073 520 3116 ultro
561 3076 821 3131 inrumpere.
883 3079 962 3120 37:
1006 3091 1109 3132 quas

249 3133 445 3189 (epulas)
502 3147 530 3174 a
583 3134 784 3189 Tiyellino
833 3144 1015 3191 paratas
1047 3138 1108 3177 'ut

247 3191 464 3246 exemplar
488 3194 691 3246 reseram.
740 3195 822 3236 55:
857 3195 982 3236 telum
1004 3210 1110 3249 qno-

249 3263 325 3302 que
353 3251 400 3289 in
422 3263 567 3291 necem
589 3251 676 3292 eius
695 3260 897 3306 paratum.
914 3254 1107 3294 ostendit.

251 3307 299 3347 ll.
327 3308 342 3349 1
366 3307 447 3350 26:
475 3316 638 3363 parata
658 3311 770 3365 apud
790 3311 922 3352 :italos
946 3313 1109 3353 seditio.

249 3366 327 3409 27:
360 3366 614 3420 siqnificatio
648 3371 886 3411 coeunt-ium
917 3371 1004 3410 iam
1028 3371 1111 3410 mi-

249 3425 367 3466 litum
400 3431 437 3464 et
466 3432 650 3480 paratae
669 3429 992 3470 coniurationis.
1028 3429 1108 3469 51:

244 3484 412 3540 paratis
443 3485 650 3538 utrimque
684 3487 1016 3540 corruptorilms.
1062 3486 1109 3527 ΙΙ.

249 3543 286 3584 11
317 3543 372 3586 9:
400 3543 551 3599 parati
582 3545 729 3586 animi.
780 3547 856 3586 14:
891 3544 1111 3586 elassis——

248 3615 416 3657 pugnae
430 3609 608 3659 parata.
659 3604 734 3646 19:
767 3611 1007 3659 parataque
1028 3616 1113 3643 non

253 3669 375 3708 arma
408 3662 544 3704 inodo.
592 3663 674 3708 27:
702 3661 867 3720 proelio
896 3670 1110 3720 paratum.

1186 1898 1266 1940 74:
1310 1896 1429 1938 miles
1459 1898 1543 1953 ipsi
1574 1897 1680 1938 adeo
1708 1902 1905 1953 paratus.
1969 1896 2058 1938 75:

1181 1963 1384 2012 paratum
1416 1971 1469 1997 ex
1486 1957 1651 1998 diverso
1669 1956 1924 2013 praemium.
1975 1955 2057 1999 79:

1184 2029 1272 2056 non
1320 2023 1486 2071 parata
1533 2017 1755 2066 contione,
1813 2027 1902 2055 non
1949 2028 2058 2056 con-

1184 2075 1340 2115 iunctis
1373 2073 1622 2130 legionibus.
1686 2075 1737 2116 ll.
1778 2073 1837 2115 IV
1870 2076 1923 2117 2:
1969 2088 2055 2129 pa-

1186 2140 1306 2174 ratus
1341 2134 1526 2174 servitio.
1578 2134 1662 2177 32:
1691 2139 1875 2189 paratus
1906 2132 1953 2172 in
1987 2146 2056 2173 res

1185 2205 1333 2234 novas.
1386 2193 1491 2248 Agr.
1527 2193 1579 2236 6:
1607 2193 1836 2248 provincia
1866 2191 1980 2233 dives
2003 2205 2057 2232 ac

1182 2258 1345 2307 parata
1373 2252 1663 2307 peccantibus.
1715 2251 1762 2293 G.
1787 2251 1872 2293 44:
1900 2252 2056 2292 utrim-

1188 2324 1263 2364 que
1293 2323 1430 2366 prora
1446 2318 1649 2367 paratam
1678 2323 1843 2366 semper
1860 2309 2059 2365 adpulsui

1186 2372 1371 2425 frontem
1411 2371 1514 2426 aqit.
1567 2369 1615 2412 Ο.
1648 2371 1728 2412 31:
1758 2374 1916 2425 parato
1943 2370 2058 2410 omni

1186 2429 1481 2471 instrumento.
1545 2429 1611 2471 De
1645 2429 1839 2470 exercitu
1868 2431 2058 2482 pecunia

1188 2495 1456 2543 congregato
1491 2487 1650 2530 dicitur
1681 2488 1698 2529 1
1736 2488 1811 2531 1οε
1855 2494 2058 2542 paratum

1190 2549 1335 2603 (esse)
1384 2548 1436 2589 ab
1477 2547 1745 2589 adolescente
1772 2546 1943 2601 privato
1977 2560 2056 2586 ex-

1188 2606 1379 2647 ercitum.
1430 2606 1591 2648 Contra
1622 2606 1852 2661 acquisitus
1880 2617 1968 2646 non
1991 2611 2058 2646 est

1184 2671 1390 2720 paratus,
1424 2666 1500 2707 sed
1530 2674 1697 2722 partus.
1759 2665 1776 2706 1
1809 2663 1857 2706 9:
1904 2678 2058 2705 nomen

1187 2725 1460 2780 imperatoris
1506 2751 1562 2757 —-
1605 2732 1793 2782 partum.
1857 2722 1917 2764 IV
1972 2723 2054 2766 51:

1185 2789 1342 2838 partae
1372 2785 1594 2827 victoriae.
1648 2784 1731 2827 66:
1761 2790 1887 2840 parto
1921 2795 2058 2838 nuper

1183 2843 1394 2897 praemio.
1445 2844 1602 2886 V118:
1634 2851 1767 2900 parta
1798 2842 1912 2899 apud
1927 2842 2057 2897 prin-

1189 2902 1324 2956 cipem
1354 2904 1514 2956 qratia.
1573 2901 1630 2944 XI
1672 2903 1749 2946 10:
1783 2901 1944 2944 tributa
1971 2899 2058 2942 illis

1190 2960 1239 3000 de
1278 2961 1471 3015 qentibus
1509 2969 1639 3016 parta
1694 2962 1782 3016 (Ma
1831 2971 2058 3015 perperam

1187 3024 1386 3075 parata).
1418 3019 1498 3062 34:
1529 3027 1660 3076 parta
1692 3021 1792 3062 olim
1817 3017 2056 3061 aLucullo.

1192 3077 1267 3119 XII
1309 3079 1393 3120 37:
1443 3080 1562 3134 parti
1608 3093 1635 3119 a
1683 3079 1916 3120 maioribus
1972 3078 2058 3117 suis

1189 3138 1371 3192 imperii.
1435 3137 1529 3177 XIII
1580 3140 1666 3179 42:
1725 3138 1838 3178 domi
1885 3139 2059 3190 partam

1191 3197 1493 3250 eliquationem.
1559 3196 1656 3236 XIV
1690 3193 1768 3238 29:
1814 3194 1900 3235 nisi
1926 3200 2062 3247 parta

1190 3256 1442 3295 retinuerat.
1475 3254 1558 3295 36:
1588 3261 1720 3308 parta
1737 3252 1934 3294 victoria.
1974 3252 2056 3293 37:

1187 3326 1272 3366 par
1315 3325 1366 3352 ea
1417 3312 1483 3351 die
1527 3311 1620 3352 laus
1669 3317 1813 3367 parta.
1878 3310 1967 3353 XV.
1999 3312 2057 3352 2:

1188 3377 1318 3426 parta
1348 3370 1593 3410 maioribus.
1643 3370 1698 3411 8:
1729 3369 1921 3425 praedae
1943 3382 2058 3408 ποη-

1191 3428 1300 3469 nihil
1328 3435 1511 3483 partum.
1578 3429 1673 3470 XVI
1706 3430 1759 3472 2:
1806 3427 1919 3470 velut
1945 3441 2057 3482 par-

1194 3495 1276 3528 tam
1330 3486 1552 3542 praedam.
1619 3487 1668 3529 ll.
1723 3487 1735 3527 Ι
1791 3487 1876 3529 57:
1927 3494 2058 3541 parta

1191 3547 1375 3588 victoria
1405 3558 1565 3602 maqna
1595 3560 1702 3603 spes.
1748 3546 1795 3587 G.
1829 3546 1908 3589 42:
1941 3545 2058 3588 sedes

1195 3620 1248 3638 -·-
1280 3606 1434 3647 virtute
1461 3611 1594 3662 parta
1624 3604 1846 3661 (nonnulli
1882 3605 2064 3648 codices·

1193 3665 1237 3706 in
1269 3665 1411 3721 iisque
1440 3662 1669 3708 'L'eidensis
1697 3668 1897 3723 parata).
