2280 4004
180 287 206 317 a
237 273 286 317 G.
318 275 391 320 62.
826 276 992 322 LIBER
1023 279 1116 324 XV.
1195 277 1301 324 CAr.
1339 282 1377 323 1.
1921 285 2007 327 241

183 415 372 458 Orientis
403 416 673 473 provinciam
703 417 846 458 animo
879 419 1064 474 agitans,
1097 419 1172 461 sed
1210 419 1360 462 Vestae
1391 420 1563 462 numine
1595 421 1767 462 territus
1795 422 2011 478 inceptum

183 488 352 542 deserit,
387 490 583 531 convivia
611 490 751 542 struit,
784 496 873 532 tota
901 491 1005 533 urbe
1037 493 1160 546 quasi
1190 492 1311 534 domo
1343 493 1490 535 utitur.
1545 492 1714 549 Epulae
1745 507 1774 535 a
1807 494 2010 551 Tiqellino

177 567 364 617 paratae
407 568 447 603 et
490 569 682 604 eoetrema
728 562 923 606 lascivia.
988 565 1103 606 Nero
1143 564 1414 621 Pythagorae
1456 566 1505 607 in
1551 579 1711 607 morem
1746 567 2014 610 sollemnium

181 636 427 692 nuptiarum
459 635 734 691 coniunyitur
771 638 1000 692 (36—37).
1071 638 1193 679 Urbis
1223 639 1492 691 incendium,
1524 641 1636 694 forte
1669 654 1728 681 an
1760 641 1854 683 dolo
1880 643 2013 698 prin-

183 710 288 766 cipis
316 710 542 752 incertum.
606 709 649 751 Is
685 712 858 766 patriae
897 712 1036 753 ruinis
1065 725 1164 753 usus
1195 712 1408 768 ingentem
1445 712 1611 754 domum
1651 715 1823 758 emeruit.
1892 714 2014 758 Urbis

181 795 319 824 novae
349 783 487 838 [acies
519 783 752 840 (38—43).
818 784 1032 827 Invidiam
1061 785 1254 827 incendii
1282 787 1329 827 in
1351 786 1621 828 Christianos
1653 788 1873 830 devolvere
1895 789 2011 831 Nero

184 863 367 899 conatur
398 871 548 912 eosque
589 858 711 899 novis
753 864 791 899 et
831 859 1048 913 eoequisitis
1080 860 1339 902 cruciatibus
1380 861 1515 915 aflicit
1550 863 1661 919 (44).
1728 863 2013 918 Conferendis

179 931 376 987 pecuniis
400 937 654 987 pervastata
685 930 839 984 Italia,
868 933 1340 988 provinciaessversae.
1405 935 1574 975 Seneca
1598 935 1868 990 periclitatus
1899 939 2009 995 (45).

185 1003 456 1048 Gladiatores
487 1005 601 1062 apud
634 1006 830 1062 oppidum
861 1006 1089 1049 Praeneste
1124 1021 1344 1063 erumpere
1377 1015 1581 1051 conantes
1610 1011 1811 1063 coerciti5
1842 1010 2013 1053 navalis

183 1078 328 1136 clades
356 1080 644 1136 imprudentia
666 1081 879 1137 principis
911 1087 950 1123 et
982 1095 1110 1123 caeco
1143 1082 1337 1136 obsequio
1375 1090 1568 1139 accepta.
1635 1084 1740 1127 Fine
1772 1087 1879 1128 anni
1904 1101 2013 1143 pro-

180 1152 316 1212 ‘di-qia,
347 1154 656 1196 imminentium
683 1153 895 1196 malorum
928 1156 1083 1196 nuntia
1114 1157 1347 1213 (46—47).

349 1226 455 1283 Cap.
487 1228 678 1270 48-74.
742 1227 893 1269 Annus
925 1242 954 1269 a
987 1228 1154 1270 Christo
1184 1229 1470 1285 sexayesimus
1504 1230 1686 1284 quintus,
1719 1231 1903 1275 Neronis
1931 1233 2016 1276 im-

179 1300 375 1357 perantis
421 1301 713 1355 duodecimus,
761 1313 870 1357 pace
899 1303 1008 1358 soris
1047 1303 1277 1354 continua,
1323 1303 1435 1344 domi
1478 1304 1644 1358 inqenti
1685 1303 1838 1346 civium
1873 1314 2017 1362 strage

184 1374 317 1426 tristis
347 1387 403 1416 ac
430 1375 595 1431 foedus.
645 1374 811 1417 Pisonis
841 1376 889 1417 in
921 1376 1137 1418 Neronem
1169 1377 1426 1418 coniuratio.
1492 1378 1610 1430 Quae
1645 1383 1795 1434 coepta
1825 1378 1949 1421 simul
1981 1388 2020 1422 et

183 1456 328 1502 aucta,
360 1463 416 1491 ac
442 1449 515 1491 diu
538 1450 726 1504 quamvis
755 1450 803 1490 in
821 1463 982 1506 magna
1002 1451 1324 1493 coniuratorum
1346 1449 1613 1492 multitudine
1640 1449 1794 1504 celata,
1820 1450 2019 1507 proditur

184 1536 206 1564 e
238 1523 358 1564 domo
390 1524 595 1565 Scaevini
625 1537 654 1565 a
685 1523 836 1566 liberto
871 1523 1064 1566 Milicho.
1130 1524 1359 1566 Coniurati
1389 1525 1554 1565 catenis
1584 1525 1776 1578 onerati,
1819 1526 2017 1579 cruciati,

183 1595 388 1652 supplicio
421 1597 568 1653 affecti
584 1597 812 1654 (48-59).
875 1596 990 1639 Nero
1024 1610 1077 1638 ea
1109 1597 1336 1638 occasione
1368 1597 1559 1638 Senecae
1590 1596 1672 1638 sibi
1701 1597 1830 1638 invisi
1847 1598 2020 1639 caedem

181 1672 388 1726 imperat,
437 1670 555 1712 cuius
597 1670 719 1711 circa
767 1677 999 1712 eaetremam
1036 1671 1331 1712 necessitatem
1367 1670 1611 1712 constantia
1642 1670 1871 1729 (60—64).
1935 1671 2021 1713 Po..

183 1751 337 1786 stremo
377 1743 578 1786 militaris
622 1756 781 1799 quoque
839 1745 1080 1787 coniuratio
1127 1745 1291 1786 detecta
1337 1751 1376 1785 et
1414 1744 1566 1800 punita
1577 1759 1593 1798 ,-
1647 1744 1830 1785 Faenius
1881 1744 2021 1799 Rufus

179 1821 448 1876 praefectus,
481 1817 660 1860 Subrius
693 1816 850 1860 Flavus
882 1819 1094 1871 tribunus,
1132 1818 1348 1875 Sulpicius
1377 1817 1517 1874 Asper
1548 1817 1739 1859 centurio
1773 1817 1831 1858 ad
1857 1817 2022 1874 suppli..

186 1893 298 1935 cium
336 1891 485 1936 traditi
525 1893 772 1950 (65—68).
837 1892 987 1943 Etiam
1041 1892 1234 1934 Vestinus
1275 1890 1423 1933 consul
1468 1892 1662 1933 criminis
1708 1891 1911 1933 innoaeius
1950 1891 2024 1932 sed

185 1966 346 2008 invisus
380 1965 563 2008 Caesari
593 1965 757 2008 tollitur
787 1966 1019 2023 (68—69),
1054 1972 1140 2007 tum
1172 1965 1379 2007 Annaeus
1398 1965 1599 2007 Lucanus
1633 1972 1670 2006 et
1702 1963 1781 2006 alii
1812 1965 2021 2006 coniura-

187 2040 314 2082 tionis
343 2040 452 2081 socii
482 2039 736 2081 occiduntur
768 2040 883 2097 (70).
947 2039 1203 2080 Simulatum
1233 2039 1352 2080 urbis
1382 2038 1609 2094 9audium;
1656 2037 1859 2079 Milichus
1886 2051 2022 2094 prae-

186 2113 284 2156 miis
322 2113 509 2166 ditatur3
546 2112 694 2169 plures
730 2113 778 2154 in
821 2111 994 2154 exilium
1030 2112 1146 2169 pulsi
1183 2112 1295 2170 (71).
1358 2112 1523 2153 Senatu
1567 2117 1717 2152 vocato
1760 2111 1943 2152 honores
1985 2116 2024 2152 et

184 2187 384 2243 praemia
416 2186 602 2228 decreta.
655 2185 902 2241 Nymphidii
932 2185 1068 2241 origo,
1102 2185 1284 2226 obscura
1312 2185 1440 2226 initia
1472 2190 1512 2226 et
1540 2186 1719 2239 fortuna
1737 2186 1853 2241 (72).
1908 2184 2023 2225 Nero

186 2260 412 2303 adversum
441 2261 610 2314 iniquos
638 2273 830 2300 rumores
861 2273 905 2300 se
932 2265 1106 2315 purqat,
1143 2258 1283 2300 Gallio
1318 2260 1460 2313 frater
1491 2257 1683 2299 Senecae
1712 2258 1759 2298 in
1787 2255 2025 2313 periculum

187 2334 393 2376 adductus
429 2335 541 2391 (73).
603 2331 734 2375 Dona
767 2333 939 2374 decreta
969 2339 1008 2374 et
1037 2339 1182 2388 yrates
1216 2332 1304 2373 deis
1336 2331 1453 2389 (74).
1522 2331 1648 2373 Liber
1680 2330 1950 2373 concluditur
1986 2336 2025 2371 et

188 2407 364 2450 annalis
395 2407 578 2450 historia
608 2407 655 2449 in
679 2408 924 2464 prozimum
954 2406 1205 2449 intenditur.

144 2618 174 2665 1
364 2613 561 2664 Interea
614 2628 708 2666 rex
758 2611 1052 2664 Parthorum
1107 2611 1394 2678 Vologeses
1450 2610 1669 2678 cognitis
1723 2606 2024 2662 Corbulonis

189 2703 343 2756 rebus
396 2719 674 2772 regemque
708 2704 1046 2772 alienigenam
1091 2703 1362 2770 Tigranem
1403 2701 1678 2753 Armeniae
1717 2702 2021 2768 impositum,

192 2796 339 2857 sim-ul
375 2796 532 2847 fratre
567 2797 790 2848 Tiridate
828 2796 971 2862 pulso
1009 2799 1230 2861 spretum
1257 2794 1621 2845 Arsacidarum
1659 2793 1913 2860 fastigium
1948 2794 2023 2844 ire

191 2885 346 2936 ultum
375 2886 571 2950 volens,
601 2886 950 2953 magnitudine
979 2900 1176 2939 rursum
1201 2885 1425 2935 Romana
1457 2888 1506 2935 et
1535 2883 1760 2934 continui
1799 2883 2026 2935 foederis

193 2977 481 3028 reverentia
526 2976 756 3028 diversas
789 2977 851 3028 ad
896 2990 1043 3027 curas
1080 2975 1388 3040 trahebatur,
1432 2979 1695 3026 cunctator
1731 2975 1939 3042 ingenio
1978 2980 2062 3026 et⁵

198 3068 486 3120 defectione
510 3068 878 3135 Hyrcanorum,
918 3067 1085 3135 gentis
1115 3067 1332 3132 validae,
1369 3066 1637 3131 multisque
1675 3082 1739 3117 ex
1777 3080 1838 3116 eo
1880 3065 2025 3116 bellis

196 3159 454 3226 inligatus.
527 3159 694 3226 Atque
734 3160 871 3210 illum
897 3159 1184 3226 ambiguum
1216 3172 1380 3209 novus
1418 3157 1626 3222 insuper
1655 3156 1857 3206 nuntius
1897 3169 2027 3206 con-

315 3331 357 3374 2.
401 3330 649 3387 alienigena
681 3332 854 3386 tigrane
885 3330 965 3373 Ma.
1086 3331 1128 3373 3.
1179 3329 1305 3385 tyrid.
1344 3326 1423 3370 Illa.
1546 3326 1589 3369 4.
1624 3325 1918 3380 magnitudine
1948 3325 2030 3367 Ma.

196 3390 387 3448 faederis
419 3389 499 3432 Ma.
594 3389 636 3433 6.
668 3404 930 3445 yrcanorum
962 3388 1042 3432 Ma.
1147 3390 1187 3432 7.
1221 3388 1282 3429 ill.
1319 3386 1390 3429 Or.

281 3553 386 3609 Cap.
424 3555 461 3595 1.
523 3553 692 3593 interea
711 3566 790 3593 rex
812 3550 1064 3592 Parthorum
1148 3550 1232 3591 Dio
1264 3547 1377 3602 apud
1398 3546 1667 3601 Xiphilinum
1699 3544 1809 3588 LXII
1844 3543 2031 3590 19—23.

213 3613 456 3669 Voloyeses:
488 3611 540 3653 ad
571 3624 713 3652 rerum
734 3610 929 3652 ordinem
953 3609 1064 3651 libro
1239 3607 1475 3662 defectione
1499 3607 1826 3662 Hyrcanorum.
1859 3618 1901 3648 v.
1931 3605 2033 3648 xtv

200 3671 300 3714 XIV
330 3672 388 3717 26
418 3671 621 3714 relictum
643 3670 892 3713 revertitur.
939 3667 1065 3711 Conf.
1151 3668 1234 3721 25,
1270 3667 1400 3709 etiam
1431 3664 1527 3710 xm
1556 3666 1629 3710 37.

282 3767 432 3805 Tacitus
458 3768 505 3804 11.
1642 3745 1705 3799 16
