2280 4004
253 310 280 340 a
310 297 358 342 O.
394 299 466 344 21.

843 294 1009 338 LIBER
1037 291 1109 339 111.
1171 293 1277 340 Gn.
1312 293 1487 338 31-33

1985 294 2073 340 105

252 438 444 502 nisset,
498 450 628 488 uxor
666 435 1016 499 comitaretur,
1084 433 1450 508 multum-*vante
1497 431 1712 503 repeti-,to
1770 429 2080 483 concordem

133 580 137 594 ,
208 542 219 596 ᾗ,
254 528 351 580 sibi
389 527 659 594 coniugem
698 531 746 578 et
785 541 877 577 sex
913 529 1085 591 partus
1120 525 1337 587 enixam,
1378 536 1535 588 seque
1572 536 1702 587 quae
1739 521 1792 572 in
1827 520 2080 587 publicum

255 622 498 670 statueret
531 617 667 668 domi
706 616 1023 681 servavisse,
1084 614 1305 666 cohibita
1342 614 1473 664 intra
1513 612 1732 677 Italiam,
1783 626 2082 678 quamquam

254 710 364 776 ipse
400 708 557 775 pluris
602 722 695 772 per
726 706 1017 772 provincias
1068 704 1404 771 quadraginta
1454 703 1704 769 stipendia
1759 702 2081 769 explevisset.

255 799 399 851 Haud
435 798 567 850 enim
608 797 793 848 frustra
844 796 1081 863 placitum
1139 796 1256 846 olim
1309 810 1375 846 ne
1416 794 1634 846 feminae
1683 794 1736 844 in
1784 794 1958 845 socios
2000 797 2120 845 auts

255 895 433 957 gentes
471 893 707 940 externas
748 887 1095 938 traherentur:
1150 887 1323 937 inesse
1360 885 1623 937 mulierum
1662 885 1918 936 comitatui
1954 899 2084 951 quae

219 996 432 1048 .pacem
470 979 607 1042 luxu,
644 978 828 1029 bellum
865 977 1139 1028 formidine
1175 981 1460 1042 morentur,
1502 982 1551 1027 et
1584 978 1864 1029 Romanum
1903 990 2084 1043 agmen

257 1072 321 1122 ad
345 1069 721 1122 similitudinem
746 1068 950 1119 barbari
979 1068 1211 1119 incessus
1242 1071 1554 1132 convertant.

1628 1067 1742 1118 Non
1776 1066 2081 1117 imbecillum

256 1166 443 1213 tantum
485 1165 534 1211 et
576 1160 816 1228 imparem
858 1159 1119 1212 laboribus
1170 1173 1375 1222 sexum,
1434 1157 1527 1209 sed
1575 1157 1621 1208 si
1673 1157 1878 1208 licentia
1932 1157 2081 1222 adsit,

255 1267 462 1305 saevum
497 1251 833 1314 ambitiosum,
868 1249 1131 1315 potestatis
1169 1249 1398 1311 avidum3
1433 1248 1677 1299 incedere
1714 1248 1847 1299 inter
1882 1248 2151 1313 militeS,10

254 1341 446 1393 habere
483 1341 546 1392 ad
594 1355 793 1391 manum
845 1339 1204 1402 centuriones3
1264 1337 1591 1404 praesedisse
1640 1353 1802 1404 nuper
1850 1337 2086 1389 feminam

257 1433 502 1485 exercitio
542 1432 842 1496 cohortium,
874 1431 1093 1482 decursu
1126 1430 1403 1497 legionum.
1479 1429 1775 1496 Cogitarent
1809 1429 1922 1495 ipsi,
1957 1444 2090 1495 quo-

257 1524 388 1576 tiens
431 1522 823 1589 repetundarum
862 1522 1016 1588 aliqui
1053 1526 1418 1588 arguerentur,
1477 1520 1620 1588 plura
1658 1521 1904 1572 uxoribus
1941 1521 2090 1571 obie-

260 1613 420 1676 ctari;
474 1613 553 1664 his
589 1613 756 1664 statim
805 1612 1180 1663 adhaerescere
1219 1611 1543 1662 deterrimum
1593 1625 1840 1677 quemque
1876 1611 2091 1677 provin-

260 1703 490 1768 cialium,
547 1704 609 1754 ab
660 1704 737 1754 his
778 1703 985 1770 negotia
1046 1702 1236 1770 suscipi
1287 1702 1527 1768 transigi3
1583 1702 1795 1753 duorum
1848 1717 2153 1769 egressusns

260 1794 390 1860 coli,
437 1795 536 1846 duo
574 1810 689 1846 esse
723 1794 1010 1860 praetoria,
1045 1793 1401 1859 pervicacibus
1441 1793 1605 1860 magis
1646 1798 1695 1844 et
1732 1793 2089 1859 impotentibus

384 1933 423 1974 1.
458 1932 730 1973 comitentur
762 1931 816 1974 M.

263 1991 308 2035 8.
339 1991 427 2034 inb.
459 1991 515 2033 M.
609 1991 650 2034 9.
684 1990 872 2033 licencia
903 1991 957 2034 M.

265 2119 335 2174 qui
366 2118 655 2160 consularium
697 2118 991 2175 Maluyinensi
1025 2133 1134 2176 pro-

263 2179 401 2220 mimus
435 2185 529 2220 erat
561 2178 735 2221 collata.

353 2237 507 2278 honori
538 2251 662 2291 quam
691 2237 980 2293 iynomiuiae:
1018 2238 1135 2280 conf.

266 2294 318 2336 ad
356 2295 452 2337 xm
492 2297 533 2338 6.
653 2303 700 2338 ut
739 2296 905 2337 Caesar
943 2296 1134 2352 leyeret:

266 2355 350 2396 hoc
382 2361 502 2396 extra
534 2353 728 2397 ordinem
761 2354 983 2396 decretum
1022 2367 1137 2396 nunc

266 2420 356 2456 est:
405 2414 511 2455 alias
546 2414 660 2455 enim
694 2415 978 2456 vetustissimi
1027 2426 1137 2454 con-

264 2472 470 2515 sularium
501 2472 694 2514 Africam
727 2479 771 2515 et
795 2473 941 2514 Asiam
975 2474 1136 2514 sortie-

266 2533 449 2573 bantur:
481 2531 569 2574 vid.
605 2531 659 2573 ad
689 2533 799 2585 175,
831 2531 969 2575 11158
1002 2538 1044 2573 et
1065 2533 1134 2575 71.

354 2589 457 2643 Cap.
479 2591 550 2633 33.
610 2591 784 2633 multum
803 2598 902 2632 ante
934 2592 1135 2647 repetito:

265 2648 535 2705 significatur
566 2650 706 2691 virum
737 2649 969 2692 militarem
1004 2649 1135 2704 paulo

266 2709 563 2749 iactantior-em
595 2709 661 2749 sui
693 2709 844 2751 fuisse.
945 2710 1137 2764 quadra-

265 2767 387 2821 ginta
429 2767 666 2825 stipendia.-
706 2769 795 2809 vid.
838 2767 855 2808 1
896 2767 975 2811 64:
1028 2782 1138 2823 qua-

269 2825 550 2880 drayesimum
588 2826 634 2866 id
662 2826 914 2882 stipendium
946 2827 1139 2868 Caecina

269 2884 536 2925 -habebat.
590 2884 682 2924 Hoc
714 2885 757 2925 in
790 2886 898 2926 actis
919 2888 1020 2927 anni
1041 2892 1139 2940 post

271 2941 371 2983 Chr.
419 2942 495 2993 15,
535 2941 613 2983 sed
655 2945 785 2985 etiam
829 2956 942 2984 anno
980 2945 1032 2987 16
1067 2946 1138 2984 in-

270 2999 444 3041 ferioris
476 2998 730 3043 Germaniae
760 3001 930 3058 legatus
951 3001 1140 3045 Caecina

271 3056 331 3112 (11
362 3058 413 3114 6)
449 3064 559 3112 erat,
605 3064 651 3099 ut
690 3059 762 3101 hic
792 3060 1022 3103 rotundum
1054 3075 1138 3105 nu-

270 3129 433 3159 merum
450 3119 646 3171 posuerit
669 3131 754 3159 uno
776 3132 888 3161 anno
906 3120 979 3162 vel
1000 3120 1138 3162 altero

270 3187 324 3216 ne
359 3176 489 3219 lecto.
539 3175 645 3219 Cum
678 3177 932 3221 Germanico
961 3179 1140 3221 Romam

270 3244 326 3332 ὕει
351 3235 414 3334 1411,
447 3247 700 3278 successore
726 3237 894 3279 Visellio
920 3238 1140 3281 Varrone.-

360 3349 536 3392 barbari
573 3353 791 3395 incessus:
836 3355 1033 3397 incessus
1076 3360 1142 3396 est

273 3423 324 3452 ea
357 3409 630 3465 ingrediendi
663 3412 797 3463 ratio,
842 3414 885 3454 in
929 3426 1013 3467 qua
1046 3415 1140 3454 sive

272 3470 460 3523 gravitas
481 3482 531 3509 ac
550 3468 738 3525 dignitas
758 3471 851 3512 sive
868 3471 1142 3526 negligentia

272 3533 315 3568 et
362 3527 570 3570 mollities
602 3535 806 3582 apparet3
854 3530 1141 3583 posteriorem

273 3588 394 3628 vocis
427 3586 793 3642 significationem
816 3585 1006 3630 Caecina
1028 3601 1143 3630 nunc

274 3650 417 3688 mente
465 3648 691 3703 concepit:
739 3647 978 3693 Romanum
1027 3647 1142 3692 enim

924 1935 967 1974 4.
1003 1931 1281 1987 quadrayinti
1311 1930 1366 1972 M.

1053 1992 1121 2034 14.
1156 1990 1306 2033 adher.
1341 1990 1396 2031 M.

1475 1931 1515 1975 5.
1550 1930 1655 1972 haut
1688 1929 1743 1973 M.

1480 1989 1546 2032 16.
1579 1991 1669 2046 inp.
1702 1989 1757 2032 M.

1850 1931 1892 1974 6.
1928 1946 2005 1987 que
2034 1931 2089 1975 M.

1219 2118 1403 2160 militem
1454 2118 1497 2158 in
1548 2117 1707 2158 itinere
1756 2129 1845 2158 non
1899 2117 2093 2159 molliter

1220 2177 1427 2219 incedere
1489 2176 1565 2218 sed
1626 2176 1800 2232 agmine
1858 2178 2093 2218 coercitum

1221 2236 1426 2292 progredi
1450 2235 1528 2277 ille
1557 2235 1820 2289 expostulat.
1872 2234 2092 2278 Converto

1219 2295 1461 2336 'l'heodisce
1480 2309 1491 2335 :
1521 2294 1680 2336 welche
1698 2295 1823 2335 einen
1837 2295 2094 2336 Romischen

1222 2356 1459 2409 Heereszuq
1483 2355 1620 2394 einem
1650 2353 1958 2397 barbarischen
1979 2354 2092 2409 Auf-

1218 2428 1325 2471 zuge
1351 2413 1528 2455 ahnlich
1558 2413 1892 2468 umqestalteten.

1317 2486 1489 2513 saevum
1539 2471 1830 2524 ambitiosum,
1872 2473 2093 2526 potestatis

1221 2532 1418 2574 avidum.-
1453 2543 1496 2572 v.
1531 2530 1582 2572 ad
1618 2530 1675 2571 XI
1708 2530 1750 2573 6.
1827 2530 2093 2586 praesedisse

1221 2605 1358 2647 nuper
1379 2591 1583 2645 feminam
1607 2591 1811 2630 exercitio
1843 2589 2092 2642 cohortium,

1221 2651 1401 2692 decursu
1417 2648 1630 2704 legionum
1643 2663 1656 2689 .·
1675 2649 1893 2690 invidiose
1907 2646 2097 2690 Caecina

1221 2714 1354 2766 auget
1386 2721 1497 2763 quae
1531 2720 1662 2762 supra
1694 2707 1756 2763 (ΙΙ
1773 2708 1852 2764 55)
1888 2707 1941 2748 de
1962 2706 2095 2748 Plan-

1223 2769 1320 2810 cina
1346 2767 1514 2809 Pisonis
1544 2779 1681 2808 uxore
1715 2768 1835 2809 iuxta
1863 2767 2095 2808 veritatem

1221 2827 1376 2868 tradita
1398 2831 1513 2868 sunt.
1563 2826 1761 2869 Decursu
1785 2830 1851 2867 est
1874 2831 2096 2866 contracta

1222 2886 1355 2927 dativi
1402 2885 1541 2926 forma
1580 2891 1627 2925 ut
1664 2884 1791 2925 modo
1833 2885 1936 2940 (30)
1994 2884 2098 2925 luxu

1219 2945 1422 3001 proprior
1458 2945 1650 2998 itemque
1685 2958 1721 2985 c.
1749 2942 1808 2987 34
1840 2945 1995 2999 exponi
2020 2957 2095 2984 suo

1222 3004 1340 3056 luam,
1377 3002 1434 3044 vl
1466 3004 1524 3046 23
1555 3017 1668 3044 nuru
1699 3016 1753 3043 ac
1773 3004 1930 3059 nepoti,
1965 3001 2019 3044 xl
2038 3003 2096 3046 32

1223 3061 1526 3104 dissimulando
1557 3068 1682 3103 vnetu.

1311 3121 1390 3162 duo
1425 3134 1512 3161 esse
1540 3120 1789 3175 praetoria:
1829 3118 2094 3172 praetorium

1223 3181 1266 3220 in
1302 3181 1454 3220 castris
1487 3178 1815 3219 tabernaculum
1849 3177 1970 3216 ducis
1999 3177 2094 3216 sive

1224 3238 1382 3292 legati,
1418 3239 1461 3277 in
1494 3238 1620 3278 terris
1652 3236 1816 3288 pacatis
1849 3234 2096 3275 aedilicium

1224 3296 1407 3337 rectoris
1419 3295 1687 3347 provinciae.
1716 3293 1951 3347 Utrumque
1963 3304 2096 3333 unum

1225 3360 1330 3406 erat,
1364 3353 1441 3394 sed
1473 3352 1569 3393 dum
1604 3357 1646 3393 et
1662 3353 1838 3392 maritus
1866 3357 1908 3392 et
1936 3352 2097 3391 coniux

1224 3412 1284 3453 ibi
1317 3411 1459 3453 aditur
1491 3410 1751 3465 coliturque,
1786 3423 1838 3451 ex
1871 3422 1956 3451 uno
1974 3410 2098 3464 quasi

1225 3470 1309 3510 duo
1373 3470 1494 3511 liunt.
1568 3470 1660 3510 Hoc
1725 3469 1831 3510 dicit
1892 3466 2096 3510 caecina.

1226 3528 1480 3584 Impotentia
1501 3528 1724 3570 mulierum
1743 3530 1861 3569 iussa
1882 3530 2100 3581 interpre-

1226 3593 1317 3629 tare
1349 3589 1678 3642 intemperantis
1707 3588 1839 3629 animi
1874 3586 2101 3628 muliebris

1226 3646 1427 3692 mandata
1458 3646 1874 3706 (leidemchastliche
1891 3644 2100 3705 Beselile).
