2280 4004
262 249 322 303 88'
885 250 890 257 ’
914 249 918 252 ⁴
1026 251 1317 299 ANNA-LIVM
1835 268 1886 300 a..
1907 260 1953 303 ir.
1986 255 2091 303 767«

260 406 513 474 publicam
534 399 550 470 3'
589 404 642 456 in
680 418 823 456 suum
860 407 1251 470 cognomentum
1295 399 1516 452 adscisci
1552 399 1903 467 imperatores.
1979 401 2172 462 Neca2

261 498 461 565 legatus
516 495 716 548 obviam
765 494 895 544 ibat:
951 492 1133 559 quippe
1185 491 1402 558 plurium
1458 491 1703 543 vecordia
1756 492 2089 547 constantiam

265 593 538 642 exemerat.
611 589 837 652 Repente
878 583 1118 651 lymphati
1157 583 1412 635 destrictis
1447 583 1634 651 gladiis
1675 582 1733 633 in
1765 582 2090 636 centuriones

265 680 536 731 invadunt:
600 694 659 730 ea
696 676 1041 729 vetustissima·
1078 675 1378 749 militaribus
1433 675 1566 727 odiis
1611 675 1850 728 materies
1890 679 1941 727 et
1972 680 2094 728 sae-

221 784 250 826 “5
266 772 438 824 viendi
471 770 790 837 principium.
862 751 1151 820 Prostratos
1187 766 1489 819 verberibus
1537 767 1788 833 mulcant,
1845 769 2094 837 sexageni

265 863 516 930 singulos,
541 867 595 913 ut
621 876 883 913 numerum
910 860 1260 912 centurionum
1289 859 1658 926 adaequarent:
1688 865 1792 912 tum
1819 860 2116 943 convulsos¹

263 953 584 1019 laniatosque
640 957 690 1004 et
735 952 918 1018 partim
969 950 1232 1004 exanimos
1287 955 1404 1003 ante
1443 950 1632 1003 vallum
1679 955 1764 1003 aut
1801 951 1855 1002 in
1897 950 2095 1004 amnem

263 1046 493 1098 Rhenum
544 1043 815 1110 proiciunt.
907 1042 1176 1109 Septimius
1229 1057 1341 1093 cum
1387 1041 1703 1109 perfugisset
1756 1042 1822 1094 ad
1877 1041 2098 1095 tribunal

262 1136 579 1203 pedibusque
603 1135 855 1186 Caecinae
884 1133 1260 1198 advolveretur,
1283 1147 1345 1184 eo
1366 1147 1528 1199 usque
1552 1132 1808 1200 flagitatus
1830 1137 1908 1185 est
1933 1131 2099 1185 donec
2122 1166 2125 1168 v

192 1243 251 1278 ‘¹0
266 1227 331 1278 ad
369 1226 575 1278 exitium
611 1225 902 1278 dederetur.
978 1225 1185 1276 Cassius
1224 1224 1454 1276 Chaerea
1490 1238 1611 1276 mox
1641 1223 1801 1276 caede
1839 1223 1933 1276 Gai
1966 1223 2101 1277 Cae·-

266 1318 397 1369 saris
443 1317 740 1368 memoriam
796 1315 927 1382 apud
978 1320 1216 1381 posteros
1255 1315 1493 1381 adeptuS,
1552 1319 1656 1366 tum
1709 1314 2014 1367 adulescens
2050 1319 2114 1368 et'

267 1409 421 1460 animi
459 1409 631 1474 ferox,
667 1408 802 1460 inter
842 1407 1102 1459 obstantes
1144 1412 1193 1459 et
1228 1412 1450 1459 armatos
1486 1406 1625 1459 ferro
1664 1406 1800 1459 viam
1839 1407 2096 1474 patefecit.

266 1501 382 1552 Non
418 1499 648 1551 tribunus
690 1499 851 1564 ultra,
910 1513 1015 1550 non
1069 1503 1351 1550 cast-rorum
1394 1499 1684 1565 praefectus
1732 1499 1811 1550 ius
1843 1498 2097 1554 obtinuit:

266 1591 473 1658 vigilias
511 1591 777 1655 stationeS,
818 1595 867 1641 et
898 1590 942 1641 si
981 1604 1077 1656 qua
1120 1589 1220 1641 alia
1245 1603 1492 1656 praesens
1532 1604 1656 1643 usus
1693 1589 1966 1656 indixerat,
2003 1589 2101 1656 ipsi

204 1698 250 1734 ιε
266 1683 630 1751 partiebantur.
704 1683 758 1734 Id
796 1682 1040 1734 militares
1080 1683 1277 1735 animos
1316 1683 1463 1735 altius
1511 1683 1913 1762 coniectantibus
1945 1697 2102 1750 prae-

269 1776 467 1841 cipuum
503 1774 747 1825 indicium
783 1758 955 1842 magni
993 1779 1142 1840 atque
1184 1774 1504 1841 inplacabilis
1539 1759 1722 1841 motus,
1762 1762 2100 1842 quod'neque

269 1866 502 1930 disiecti,
564 1880 662 1917 nec
705 1880 983 1931 paucorum
1033 1866 1298 1931 instinctu,
1363 1866 1456 1918 sed
1505 1866 1698 1933 pariter
1750 1865 2098 1932 ardescerent,

260 1957 452 2023 pariter
477 1956 706 2022 silerent,
733 1961 871 2010 tanta
902 1957 1207 2025 aequalitate
1236 1962 1286 2010 et
1312 1958 1597 2011 constantia
1620 1962 1675 2010 ut
1698 1959 1812 2028 regi
1839 1959 2097 2013 crederes

261 2048 461 2101 Interea
503 2047 808 2100 Germanico
845 2062 939 2114 per
979 2048 1187 2114 GalliaS,
1227 2053 1285 2100 ut
1321 2048 1556 2115 diximus,
1604 2065 1789 2103 census
1826 2048 2184 2118 accipienti33

379 2231 420 2273 2.
455 2229 691 2272 vaecordia
720 2230 776 2272 M.
851 2232 893 2274 3.
929 2231 1155 2285 destrictis,
1190 2244 1277 2273 non
1313 2233 1532 2286 districtis,
1565 2232 1621 2275 M.
1705 2234 1748 2276 4.
1781 2234 2009 2277 actussima
2038 2234 2094 2276 Μ.

261 2289 452 2331 seniendi
467 2290 521 2331 M.
590 2291 658 2333 10.
686 2290 734 2331 C.
755 2290 809 2331 M.
876 2291 944 2334 12.
973 2293 1174 2347 pacifecit
1196 2292 1251 2333 Μ.
1307 2292 1374 2335 16.
1408 2291 1515 2348 inpl.
1538 2293 1594 2346 M,
1610 2303 1698 2333 non
1729 2292 1848 2350 impl.
1913 2294 1982 2338 17.
2015 2306 2096 2339 nec

264 2347 469 2390 Grotius:
502 2349 542 2392 M
574 2350 651 2403 nit,
685 2349 923 2393 Rhenanus
954 2350 1034 2392 vel.
1130 2357 1192 2392 set
1223 2351 1278 2393 M.

349 2521 397 2561 in
438 2533 559 2562 suum
589 2527 912 2577 coquomentum
952 2522 1138 2564 adscisci

260 2581 541 2635 imperatores
554 2593 568 2620 .·
595 2580 846 2622 Germanici
861 2593 1135 2637 cognomen-

260 2644 350 2679 tum
379 2638 650 2695 intelligunt,
685 2639 908 2681 decretum
932 2654 957 2682 a
981 2647 1135 2683 senatu

261 2698 365 2739 olim
387 2697 529 2739 Druso
550 2697 604 2753 (†
622 2698 748 2756 745),
783 2711 883 2740 mox
901 2699 1005 2742 filiis
1038 2702 1134 2742 eius

262 2756 519 2798 Germanico
554 2763 599 2798 et
632 2756 832 2800 Claudio.
866 2759 951 2800 Dio
984 2759 1058 2802 LV
1090 2762 1132 2804 2.

260 2816 377 2857 Pedo
423 2816 573 2857 Albin.
614 2830 656 2858 v.
699 2818 801 2860 337.
896 2818 1134 2860 Suetonius

261 2874 403 2929 Calig.
442 2877 488 2926 1,
525 2874 677 2917 Claud.
716 2878 753 2917 1.
847 2877 1134 2933 Imperatores

260 2932 303 2974 h.
324 2932 352 2973 l.
387 2932 589 2974 dicuntur
621 2934 754 2976 duces
786 2935 988 2988 militum,
1023 2937 1132 2978 nihil

259 2990 461 3045 amplius,
495 3005 640 3047 neque
673 2993 759 3035 huc
793 2996 983 3047 pertinet
1016 2996 1132 3050 quod

259 3050 459 3091 Tiberius
499 3052 593 3104 ipse
642 3065 689 3092 se
730 3052 785 3092 ob
827 3066 896 3094 res
937 3055 978 3094 in
1022 3055 1131 3095 Ger-

259 3109 401 3151 mania
414 3115 560 3166 gestas
578 3110 812 3165 aliquando
828 3111 1129 3154 Germanicum

257 3168 528 3223 appellavit3
563 3169 619 3211 cf.
654 3169 737 3211 Dio
756 3170 870 3211 LVII
886 3171 930 3214 8.
977 3173 1129 3227 Itaque

257 3228 304 3273 in
338 3242 458 3270 mm
487 3236 807 3284 coquomentum
838 3231 1023 3273 adscisci
1066 3237 1132 3274 est

257 3301 332 3328 suo
377 3295 663 3342 coynomenw
697 3290 871 3342 vocari,
928 3290 971 3332 h.
1007 3305 1047 3333 c.
1087 3299 1134 3334 ut

258 3361 377 3387 suum
432 3354 752 3403 coquomentum
805 3349 1133 3405 imperatoribus

259 3405 485 3447 tribuatur.
574 3409 625 3448 In
672 3410 926 3450 accusativo
974 3410 1132 3452 subse-

260 3470 422 3517 quente
464 3464 507 3507 h.
550 3466 604 3518 l.,
658 3474 703 3507 ut
754 3480 968 3523 persaepe
1019 3471 1133 3525 apud

259 3521 467 3574 Tacitum,
485 3536 574 3564 rem
596 3527 793 3567 effectam
810 3528 907 3584 (das
918 3529 1131 3587 Resuleat)

259 3579 436 3622 indicat.

336 3637 439 3695 Cap.
458 3642 531 3684 32.
573 3641 761 3698 plurium
787 3648 1014 3688 vecordia.-
1028 3649 1131 3704 plu-

1221 2523 1334 2564 rium
1361 2536 1477 2565 nunc
1507 2524 1797 2580 interpretare
1828 2530 1923 2573 τῶν
1940 2529 2095 2575 πλειό-

1221 2598 1332 2635 νων,
1356 2595 1443 2624 non
1462 2584 1723 2638 simpliciter
1740 2587 1988 2634 πλειόνων.

1308 2643 1516 2699 sexayeni
1544 2644 1759 2700 sinqulos,
1798 2653 1846 2689 ut
1875 2661 2097 2691 numerum

1222 2703 1522 2744 centurionum
1548 2703 1870 2759 adaequarene:
1928 2713 2094 2749 tantum

1219 2760 1378 2801 seditio
1413 2768 1457 2804 et
1489 2765 1757 2817 conspiratio
1779 2765 1967 2808 militum
2000 2773 2094 2809 sta-

1221 2820 1297 2860 tim
1331 2821 1522 2875 evaluit,
1567 2828 1615 2863 ut
1645 2826 1858 2881 sexageni
1891 2826 2093 2884 singulos

1221 2879 1435 2935 cuiusque
1457 2880 1651 2937 legionis
1672 2885 1954 2928 centuriones
1987 2898 2093 2928 ver-

1219 2937 1396 2980 beribus
1406 2940 1656 2984 mulctaturi
1670 2941 1879 2985 destinari
1898 2952 2092 2999 possent.

1218 2996 1312 3037 Non
1347 3000 1462 3039 enim
1495 3014 1660 3042 omnem
1682 3001 1908 3058 legionum
1940 3005 2092 3047 multi-

1217 3055 1411 3098 tudinem
1431 3060 1652 3112 extemplo
1669 3060 1817 3103 furore
1834 3063 1971 3104 fuisse
1990 3077 2092 3106 cor-

1216 3121 1382 3169 reptam
1417 3129 1470 3157 ex
1494 3117 1640 3159 verbis
1667 3119 1858 3173 plurium
1887 3124 2092 3170 vecordia

1219 3179 1262 3215 et
1293 3174 1425 3227 paulo
1457 3182 1559 3218 ante
1589 3177 1726 3220 mutem
1752 3179 1976 3223 seditionis
2010 3196 2092 3224 ora

1215 3246 1418 3288 vocesque
1465 3234 1618 3291 liquet.
1710 3235 1974 3282 Coniectura
2011 3241 2090 3284 ina

1217 3294 1444 3348 sexayenis
1474 3295 1664 3351 sinyulos
1694 3295 1810 3339 haud
1841 3298 2089 3345 dubieim-

1218 3352 1439 3407 probanda
1473 3360 1565 3395 est:
1596 3355 1769 3397 scilicet
1801 3360 1846 3400 in
1871 3360 2086 3401 eiusmodi

1216 3412 1405 3454 tumultu
1454 3412 1555 3455 ludo
1604 3417 1773 3472 tragico
1820 3417 1966 3458 nullus
2021 3426 2087 3459 est

1216 3472 1354 3514 loeus.
1405 3471 1610 3515 Ceterum
1641 3476 1687 3515 in
1717 3474 1903 3531 singulis
1937 3476 2084 3533 legio-

1217 3531 1346 3573 nibus
1386 3531 1526 3575 fuisse
1573 3535 1793 3576 centurias
1836 3538 2083 3591 sexaginta,

1218 3591 1463 3645 manipulos
1486 3594 1678 3647 triginta,
1700 3593 1903 3635 cohortes
1915 3593 2083 3650 decem,

1218 3649 1538 3704 manipulorum
1569 3659 1717 3704 autem
1732 3652 1861 3695 binos
1892 3666 1942 3696 ac
1974 3667 2083 3697 cen..
