2280 4004
239 276 348 326 α’θ,
378 280 495 325 Mn
813 279 978 324 LIBER
1011 279 1085 324 vl.
1148 276 1255 324 GAP.
1287 276 1477 323 47-49.
1976 276 2064 325 362

242 420 335 474 sed
373 425 428 473 ut
460 420 764 489 flagitiorum
792 420 1073 487 impatiens,
1149 420 1281 473 Sane
1316 431 1506 485 paucos
1538 421 1589 473 et
1623 430 1886 482 supremos
1922 414 2066 481 prin·
2111 408 2115 431 '¹

243 510 369 576 cipis
410 511 521 566 dies
557 526 711 577 posse
749 511 924 564 vitari:
982 510 1400 578 quemadmodum
1454 521 1723 566 evasurum
1761 506 2065 560 imminentis

240 601 534 656 iuventam?
591 603 691 667 An,
728 618 840 659 eum
865 602 1094 655 Tiberius
1129 606 1245 667 post
1282 605 1468 653 tantam
1507 614 1675 657 rerum
1704 585 2094 664 experientiam'ss

242 691 294 743 vi
336 691 696 748 dominationis
746 691 1019 746 convulsus
1068 696 1117 746 et
1165 696 1380 744 mutatus
1426 690 1522 755 sit,
1579 689 1755 741 Gaium
1796 688 2097 764 Caesaremg

241 782 340 836 vix
358 782 496 838 finita
535 782 782 847 pueritia,
829 783 1062 850 ignarum
1099 782 1320 835 omnium
1363 787 1448 835 aut
1482 781 1718 847 pessimis
1756 778 2062 843 innutritum,
2080 781 2102 847 ξ

239 872 452 924 meliora
509 873 873 939 capessiturum
923 874 1164 925 Macrone
1222 874 1387 926 duce?
1458 873 1552 936 Qui
1609 877 1664 928 ut
1719 871 1946 925 deterior
2003 860 2094 927 affl

241 963 622 1030 opprimendum
657 964 895 1019 Seianum
936 964 1178 1028 delectu5‚
1218 965 1360 1030 plura
1394 979 1486 1031 per
1523 963 1720 1015 scelera
1756 977 1865 1014 rem
1900 960 2093 1027 publi-4

243 1069 353 1109 cam
406 1053 819 1110 conflictavisse-t.
913 1055 1246 1121 Prospectare
1301 1055 1400 1105 iam
1449 1069 1506 1105 se
1562 1053 1731 1107 acrius
1789 1052 2066 1116 servitium,

242 1159 407 1210 eoque
447 1145 626 1212 fugere
661 1145 810 1200 simul
856 1151 968 1201 acta
1010 1151 1060 1201 et
1099 1145 1353 1200 instantia.
1428 1145 1568 1200 Haec
1602 1144 1732 1196 vatis
1773 1144 1825 1195 in
1864 1143 2097 1208 modum:

241 1234 476 1293 dictitans
529 1250 687 1294 venas
742 1236 968 1291 resolvit.
1063 1236 1379 1290 Documento
1434 1235 1697 1302 sequentia
1747 1239 1894 1287 erunt
1938 1234 2069 1286 bene
2089 1224 2136 1294 ie

241 1325 535 1385 Arruntium
572 1332 736 1386 morte
770 1343 932 1383 usum.
1004 1327 1257 1386 Albucilla
1295 1327 1447 1383 inrito
1482 1327 1586 1377 ictu
1624 1342 1652 1378 a
1692 1330 1854 1377 semet
1888 1325 2071 1378 vulne-

242 1422 383 1482 rata,
430 1418 574 1475 iussu
611 1423 819 1473 senatus
860 1419 911 1474 in
953 1434 1212 1475 carcerem
1251 1418 1424 1476 fertur.
1497 1417 1792 1483 stuprorum
1833 1416 1940 1469 eius
1977 1416 2072 1467 mi-

243 1509 424 1574 nisui,
477 1509 738 1566 Carsidius
778 1510 1034 1567 Sacerdos
1073 1509 1358 1576 praetorius
1398 1495 1541 1563 utin
1575 1508 1788 1563 insulam
1831 1508 2073 1574 deporta-7

242 1603 415 1664 retur,
463 1600 668 1656 Pontius
703 1600 1031 1668 Fregellanus
1083 1600 1333 1658 amitteret
1372 1599 1606 1656 ordinem
1640 1599 1984 1662 senatorium,
2023 1602 2074 1649 et

243 1690 454 1748 eaedem
499 1706 697 1757 poenae
746 1692 798 1742 in
835 1691 1058 1746 Laelium
1093 1691 1301 1748 Balbum
1346 1691 1715 1755 decernuntur,
1766 1690 1818 1740 id
1869 1689 2136 1755 quidemst

243 1796 272 1836 a
307 1780 629 1846 laetantibu8‚
673 1782 790 1851 quia
828 1783 1014 1836 Balbus
1049 1782 1178 1841 truci
1216 1782 1504 1851 eloquentia
1545 1781 1857 1847 habebatur,
1896 1795 2071 1849 prom÷

243 1878 356 1940 ptus
393 1873 663 1926 adversum
699 1874 947 1926 insontes.

161 1969 231 2019 49
385 1964 550 2016 Isdem
587 1964 767 2016 diebus
803 1966 985 2018 Sextus
1020 1965 1282 2032 PapinlUS‚
1335 1964 1591 2016 consulari
1630 1963 1844 2028 familia,
1883 1977 2072 2029 repen-

246 2053 402 2104 tinum
431 2059 481 2105 et
517 2054 783 2106 informem
822 2056 1007 2106 exitum
1049 2055 1255 2126 delegit,
1297 2055 1430 2107 iacto
1466 2055 1516 2104 in
1554 2068 1801 2127 praeceps
1836 2067 2068 2120 corpore.

247 2144 410 2195 Causa
450 2144 513 2195 ad
554 2150 762 2197 matrem
800 2146 1146 2211 referebatur,
1188 2161 1317 2212 quae
1352 2146 1547 2212 pridem
1582 2145 1843 2211 repudiata
1883 2139 2137 2196 adsen-‘ao

247 2234 522 2288 tationibus
560 2240 709 2306 atque
745 2236 864 2290 luxu
902 2236 1206 2307 perpulisset
1232 2237 1466 2291 iuvenem
1502 2236 1565 2287 ad
1604 2251 1664 2287 ea
1694 2250 1904 2305 quorum
1942 2234 2074 2288 effu-

367 2372 404 2414 1.
437 2372 525 2429 inp.
563 2371 619 2414 M.
750 2384 900 2430 supma
943 2385 1039 2415 cum
1080 2373 1159 2415 lin.
1193 2372 1246 2415 M.
1375 2374 1417 2415 4.
1453 2372 1502 2414 0.
1537 2371 1592 2414 M.
1735 2370 1779 2413 6.
1812 2371 1986 2426 capesie.
2019 2369 2072 2412 M.

250 2431 319 2472 11.
343 2443 372 2471 a
401 2430 662 2473 Rhenanus:
692 2431 732 2473 M
765 2446 832 2475 ac.
901 2434 969 2476 13.
993 2432 1289 2489 prasidiusM:
1323 2431 1573 2474 emendavit
1592 2429 1820 2473 Ernestius
1853 2441 1908 2471 ex
1939 2430 1968 2473 4
2001 2431 2069 2473 13.

240 2497 352 2544 pret.
385 2490 441 2532 M.
504 2489 754 2547 deportatur
783 2490 846 2533 M:
880 2493 1015 2535 tacite
1048 2493 1238 2534 correxit
1268 2490 1519 2534 Rhenanus.
1586 2490 1654 2533 15.
1688 2489 1835 2532 aedem
1853 2502 1990 2548 paene
2005 2488 2071 2532 M:

817 2550 885 2595 18.
919 2552 1021 2593 Sex.
1056 2549 1110 2594 M.

334 2645 439 2701 Cap.
470 2646 545 2690 48.
606 2648 721 2689 ouer
749 2648 942 2691 lumbrae
969 2656 1011 2691 ct
1034 2663 1116 2706 pe·-

247 2704 415 2746 ricula:
457 2705 566 2748 haec
609 2714 846 2761 coeperant
885 2709 940 2750 ab
986 2708 1114 2751 initio

249 2764 516 2818 principatus
534 2765 721 2807 'liberii
753 2767 870 2809 113.
909 2767 1119 2809 Ludibrio

250 2821 358 2863 dicit
412 2822 535 2864 libita
590 2825 813 2867 hominum
864 2826 1117 2868 nocentium

250 2880 499 2935 (kaar-
512 2882 708 2950 Gemalt).
858 2885 1118 2927 nummatis

250 2940 490 2981 iuventam.-
523 2941 704 2984 iuventa
727 2942 770 2985 h.
799 2942 828 2984 l.
862 2950 965 2997 apte
995 2950 1118 2985 notat

252 2999 602 3041 immaturitatem
665 3007 711 3043 et
781 3002 1115 3056 imprudentiam

251 3056 383 3099 futuri
404 3058 629 3112 principis.
690 3060 831 3102 Etiam
861 3062 1119 3104 {ruminantis

252 3116 446 3169 graviter
462 3116 623 3158 dietum
648 3117 704 3160 de
731 3131 785 3161 eo
815 3121 1014 3174 principe
1045 3122 1117 3175 qui

253 3174 467 3227 tamquam
499 3180 735 3229 tempestas
768 3185 1040 3232 expectatur.

338 3243 421 3282 an,
468 3245 563 3273 uum
598 3234 785 3276 Tiberius
821 3261 874 3268 —-
910 3237 1119 3278 Macrone

254 3287 383 3329 duce:
461 3294 694 3345 suggerit
728 3306 870 3334 rorum
930 3297 1119 3348 scriptor

254 3352 410 3414 sponte
442 3347 618 3400 prodire
660 3356 703 3390 et
735 3358 948 3404 perpetuo
982 3366 1117 3393 reno-

253 3407 343 3445 vari
370 3407 612 3459 principum
636 3408 910 3449 insolentiam
933 3411 989 3451 ob
1013 3422 1118 3463 pra-

252 3475 332 3504 vos
365 3470 609 3505 ceterorum
646 3465 867 3507 hominum
899 3480 1058 3510 mores,

361 3524 609 3565 convulsus:
654 3524 910 3577 metaphora
948 3533 1117 3581 sumpta

255 3587 320 3621 est
351 3581 404 3623 ab
434 3583 592 3624 arbore
628 3585 899 3637 tempestatis
930 3587 974 3627 vi
1008 3598 1117 3627 con-

256 3638 380 3681 vulsa
412 3645 456 3683 et
477 3654 532 3683 ex
564 3639 669 3683 sede
689 3653 766 3684 sua
797 3649 933 3699 rapta.
988 3642 1115 3688 Conf.

247 2549 436 2597 correxit
466 2547 722 2592 Beroaldus.

1201 2650 1367 2692 Horatii
1388 2648 1530 2693 Garm.
1558 2650 1618 2693 111
1649 2653 1677 2694 3
1702 2655 1756 2695 4:
1782 2657 1918 2693 mente
1939 2652 2074 2706 quatit

1199 2709 1354 2752 solida.
1475 2709 1760 2752 Albucilla—
1779 2713 1947 2765 fertur:
1982 2724 2072 2752 rem

1201 2775 1348 2810 narrat
1394 2769 1526 2810 etiam
1566 2769 1650 2812 Dio
1694 2769 1827 2811 LVIII
1866 2771 1948 2822 27,
1995 2770 2073 2813 sed

1202 2826 1453 2869 Albucillae
1495 2830 1672 2870 nomine
1723 2841 1802 2884 per
1848 2829 2072 2871 silentium

1201 2898 1452 2941 suppresso.

1308 2945 1412 2999 Cap.
1455 2945 1528 2988 49.
1605 2945 1830 2987 contulari
1874 2946 2072 3002 familia:

1203 3006 1471 3060 cognatione
1533 3005 1708 3060 attigit,
1781 3011 1827 3046 ut
1870 3006 2069 3055 videtur,

1205 3064 1383 3105 Sextum
1415 3063 1666 3116 papinium,
1711 3064 1936 3104 consulem
1969 3065 2071 3105 atini

1204 3124 1361 3175 prioris
1395 3125 1457 3175 (c.
1490 3121 1601 3176 40):
1634 3121 1769 3161 fllium
1806 3122 1898 3162 eius
1933 3122 2071 3163 fuisso

1203 3192 1289 3220 non
1337 3179 1492 3221 credo:
1537 3191 1636 3219 nam
1678 3185 1802 3232 pater
1833 3180 2000 3233 Papinii
2034 3181 2071 3221 si

1202 3238 1247 3277 in
1279 3238 1394 3278 vivis
1438 3237 1618 3287 fuisset,
1668 3249 1765 3277 cum
1808 3237 1917 3278 haec
1949 3240 2071 3280 acci-

1202 3295 1372 3346 derunt,
1407 3294 1520 3335 haud
1552 3294 1683 3335 dubie
1713 3296 1756 3335 in
1788 3294 2071 3338 accusatione

1202 3353 1404 3408 coniugis
1435 3351 1608 3393 auditus
1642 3357 1757 3394 esset
1793 3361 1835 3396 et
1868 3369 1890 3397 a
1924 3356 2070 3398 'l‘aeilo

1202 3417 1479 3452 memomtus.
1542 3410 1659 3452 Idem
1683 3412 1822 3467 liquet
1845 3429 1899 3455 ex
1923 3417 2071 3457 verbis

1202 3470 1317 3510 infra
1368 3470 1549 3523 positis:
1594 3469 1731 3511 donec
1775 3475 1916 3515 minor
1956 3475 2070 3528 filius

1203 3527 1412 3569 lubricum
1439 3529 1638 3570 mentae
1673 3532 1833 3573 exiret:
1867 3534 2068 3576 nmmum

1202 3587 1240 3627 si
1264 3592 1387 3641 pater
1408 3586 1514 3628 huic
1530 3587 1703 3643 fuisset,
1725 3601 1776 3633 ea
1800 3604 1903 3639 cura
1927 3594 2066 3666 minus

1202 3645 1452 3689 necessari&
1490 3651 1593 3692 erat.
