2280 4004
219 268 246 303 a
275 254 327 302 Ου’
345 255 537 302 36-37,
790 252 955 298 LIBER
989 252 1060 296 vl.
1125 251 1230 296 GAr.
1263 252 1455 298 44-45.
1956 252 2048 294 859

216 394 380 452 Milies
420 396 708 449 sestertium
746 412 807 449 ea
844 396 1184 448 munificentia
1225 394 1560 458 collocatum,
1608 396 1748 444 tanto
1784 390 2046 457 acceptius

218 490 271 540 in
307 489 526 557 vulgum,
569 495 755 555 quanto
790 489 1020 540 modicus
1058 487 1268 554 privatis
1309 485 1765 538 aedificationibus.
1838 484 1913 534 Ne
1945 497 2044 549 pu·-¹

139 587 155 629 ·.’
217 579 351 632 blice
399 581 600 646 quidem
647 579 746 631 nisi
799 579 899 630 duo
955 594 1108 645 opera
1164 577 1369 641 struxit,
1426 575 1661 643 templum
1709 575 1941 642 Augusto
1994 577 2043 624 et

216 688 419 726 scenam
458 671 747 736 Pompeiani
782 671 994 733 theatrig
1051 684 1211 735 eaque
1247 668 1503 734 perfecta,
1546 671 1834 732 contemptu
1878 663 2044 716 ambi-

215 764 368 814 tionis
412 777 477 813 an
526 777 619 828 per
674 765 1012 824 senectutem,
1070 759 1203 810 haud
1243 758 1513 811 dedicavit.
1589 758 1690 810 Sed
1726 755 2082 810 aestimandos

216 854 459 920 cuiusque
498 853 801 908 detrimento
839 856 1074 917 quattuor
1111 850 1386 917 progeneri
1413 849 1667 914 Caesaris,
1708 849 1910 900 Gnaeus
1933 848 2043 899 Do·-

213 946 397 1010 mitiuS,
434 944 643 996 Cassius
681 944 960 1010 LonginuS,
1001 942 1202 993 Marcus
1237 940 1483 1005 Vinicius,
1522 940 1782 993 Rubellius
1821 938 2042 990 Blandus

214 1036 428 1101 delecti,
484 1035 786 1100 additusque
839 1032 1185 1086 nominatione
1226 1031 1489 1088 consulum
1522 1031 1724 1083 Publius
1761 1030 2042 1082 PetroniuS.

213 1128 275 1181 Et
321 1141 413 1192 pro
474 1125 682 1193 ingenio
738 1123 983 1190 cuiusque
1034 1121 1248 1189 quaesiti
1301 1121 1595 1187 decretique
1652 1121 1706 1171 in
1760 1121 2041 1187 principem

212 1218 454 1270 honores,
526 1217 666 1278 Quos
706 1214 936 1266 omiserit
970 1213 1308 1279 receperitve,
1347 1212 1399 1262 in
1437 1214 1634 1263 incerto
1678 1211 1771 1262 fuit
1810 1211 1876 1262 ob
1914 1222 2106 1277 pro-313

211 1308 449 1376 pinquum
481 1307 617 1358 vitae
651 1306 817 1358 finem.

349 1399 524 1464 Neque
559 1397 693 1449 enim
726 1396 880 1448 multo
911 1401 1026 1463 post
1056 1395 1280 1462 supremi
1306 1394 1509 1453 Tiberio
1543 1393 1798 1458 consules,
1840 1394 2043 1446 Gnaeus

211 1489 527 1541 Acerronius
567 1487 720 1540 Gaius
762 1487 995 1552 Pontius,
1047 1487 1395 1554 magistratum
1433 1499 1714 1550 occepere,
1753 1484 1906 1535 nimia
1943 1483 2043 1535 iam

211 1573 434 1646 potentia
471 1579 754 1643 MacroniS,
815 1577 899 1643 qul
949 1578 1164 1645 gratiam
1210 1576 1302 1628 Gai
1352 1575 1590 1627 Caesaris
1645 1569 1898 1641 nunquam
1942 1573 2041 1625 sibi

212 1670 496 1738 neglectam
534 1670 703 1723 aerius
743 1670 796 1725 in
836 1669 948 1726 die-s
986 1669 1222 1733 fovebat,
1280 1666 1645 1733 impuleratque
1681 1671 1795 1732 post
1829 1669 2042 1722 mortem
2061 1689 2106 1724 15

213 1760 470 1826 Claudiae,
515 1775 662 1829 quam
696 1763 899 1827 nuptam
938 1759 986 1811 ei
1023 1758 1211 1823 rettuli,
1250 1772 1464 1817 uxorem
1499 1772 1642 1808 suam
1679 1756 1893 1807 Enniam
1926 1755 2045 1807 imi-
2074 1746 2077 1748 ’

210 1852 365 1904 tando
403 1866 627 1903 amorem
662 1851 897 1904 iuvenem
943 1849 1157 1904 inlicere
1193 1853 1445 1916 pactoque
1481 1847 1792 1901 matrimonii
1826 1846 2041 1911 vincire,

336 2006 373 2047 1.
411 2018 464 2045 ea
494 2014 568 2060 mg
591 2003 631 2046 Μ
663 2003 842 2058 antiqua
872 2014 1003 2048 manu
1036 2007 1079 2043 et
1106 2000 1374 2043 Beroaldus:
1406 2001 1447 2042 M
1480 2001 1542 2042 in.
1606 1998 1719 2042 conl.
1752 1999 1808 2042 Μ.
1879 1999 1920 2043 5.
1954 1999 2043 2041 hau

210 2064 265 2106 M.
329 2063 371 2106 6.
407 2063 498 2105 CN.
532 2063 586 2106 M.
694 2062 735 2104 7.
771 2061 833 2106 M.
867 2060 923 2103 M.
1031 2060 1235 2102 rurellius
1266 2060 1321 2106 M.
1429 2058 1473 2101 8.
1507 2058 1554 2100 Ρ.
1587 2059 1643 2101 Μ.
1741 2057 1785 2101 9.
1821 2060 1940 2100 cuius
1971 2059 2038 2100 M:

212 2123 403 2165 correxit
433 2121 688 2163 Beroaldus,
813 2121 883 2164 10.
916 2119 1117 2163 omiserat
1148 2118 1203 2165 M.
1329 2120 1397 2162 12.
1429 2117 1616 2163 consulis,
1647 2117 1703 2160 Μ.
1857 2117 1948 2159 CN.
1981 2117 2037 2159 M.

215 2183 283 2224 13.
321 2181 367 2222 C'.
402 2181 458 2222 M.
562 2179 631 2224 14.
667 2179 715 2221 Ο.
750 2178 805 2221 M.
908 2192 1137 2239 numquam
1170 2176 1225 2226 M.
1336 2176 1405 2219 16.
1438 2176 1646 2221 imitando
1679 2175 1743 2228 M,
1777 2176 2038 2218 immittendo

211 2240 254 2280 in
287 2239 498 2296 margine.
565 2240 633 2282 17.
667 2250 814 2280 amore
845 2251 942 2283 cum
975 2238 1051 2283 lin.
1085 2236 1149 2293 (h.
1178 2251 1218 2280 e.
1243 2237 1452 2295 amorem)
1475 2234 1542 2276 M:
1574 2234 1711 2291 vulgo
1732 2248 1893 2278 amore.
1951 2248 2040 2290 pa-

212 2305 358 2355 ctoque
384 2298 640 2355 patrimonii
671 2297 711 2339 M
744 2298 851 2356 (non
882 2297 1041 2343 Furiae
1067 2303 1279 2360 pactoque
1310 2309 1352 2336 m
1391 2295 1690 2352 patrimonio).
1766 2295 1939 2336 vincere
1971 2294 2037 2336 M:

212 2358 400 2400 correxit
431 2356 686 2399 Beroaldus.

1165 2494 1355 2543 cessisse
1405 2498 1552 2536 narrat
1603 2492 1842 2538 Suetonius
1894 2493 1924 2534 l.
1971 2507 2035 2546 c.,

1164 2553 1357 2608 itemque
1378 2551 1526 2595 Tacito
1559 2554 1780 2594 consentit
1801 2552 1927 2594 Philo
1947 2552 2036 2593 Le-

1165 2618 1254 2669 gat.
1275 2611 1330 2661 ad
1351 2610 1493 2668 Calig.
1517 2611 1558 2654 9.
1600 2610 1727 2654 Errat
1758 2617 1801 2654 et
1833 2612 2037 2654 dissentit

1163 2671 1247 2714 Dio
1272 2670 1366 2720 LIX
1395 2670 1447 2713 8:
1480 2671 1563 2724 τήν
1594 2683 1641 2712 τε
1673 2674 1917 2728 θυγατέρα
1951 2670 2036 2712 αὐ-

1163 2730 1246 2782 τοῦ
1278 2729 1466 2786 (Silani)
1497 2725 1704 2787 ἐκβαλών
1737 2731 1876 2788 ἔγημε
1903 2734 2036 2787 Κορ-

210 2511 318 2553 quae
347 2498 442 2546 sola
467 2503 726 2552 susceperat,
758 2495 941 2551 Auqusti
972 2501 1079 2536 tem...

205 2557 323 2613 plum
382 2557 768 2614 restitutionemque
829 2553 1081 2610 Pompeiani

212 2615 371 2665 theatri
413 2617 666 2672 imperfecta
705 2621 801 2671 post
839 2620 901 2663 tot
939 2627 1079 2659 annos

209 2675 424 2732 reliquit),
464 2688 598 2730 neque
629 2672 877 2731 spectacula
906 2673 1077 2718 omnino

211 2734 357 2779 edidit.

299 2793 416 2834 leand
454 2793 688 2834 dedicavit.-
749 2791 862 2839 hanc
901 2803 1079 2845 operam

213 2852 431 2904 praestitit
479 2850 704 2907 Caligula:
751 2863 797 2895 v.
841 2849 1077 2901 Suetonius

213 2908 355 2965 Calig.
386 2912 456 2954 21.
520 2910 757 2952 Suetonius
801 2909 858 2957 ob
898 2907 1079 2950 dedica-

214 2969 345 3009 tionis
386 2967 603 3010 defectum
644 2981 778 3022 opera
821 2967 899 3010 illa
941 2967 1078 3016 semel

214 3025 378 3080 (l'iber.
421 3027 500 3083 47)
545 3028 797 3083 imperfecta
837 3032 881 3074 et
921 3026 1079 3070 iterum

214 3082 380 3140 (Calig.
399 3087 479 3141 21)
505 3087 802 3141 semiperfecta
818 3085 1076 3127 nominavit.

216 3141 343 3189 Conl'.
374 3143 457 3184 Dio
489 3143 578 3189 LIX
612 3146 652 3187 7.
785 3143 1078 3186 nominatione

215 3200 456 3241 consutum.-
507 3201 591 3247 boc
631 3207 698 3244 cst
745 3203 991 3243 nominatus
1034 3209 1078 3245 et

214 3258 454 3300 destinatus
496 3271 520 3300 a
554 3260 821 3302 consulibus.
887 3260 1076 3302 Verbum

213 3317 437 3359 nominare
478 3329 530 3359 ea
569 3318 811 3370 praeditum
857 3323 1075 3372 potestate

127 3402 137 3405 -
215 3381 280 3417 est
312 3374 346 3415 ll
378 3375 461 3416 36:
491 3376 692 3431 princeps
716 3376 935 3420 duodecim
965 3390 1076 3416 can-

214 3435 378 3476 didatos
410 3434 667 3475 nominaret.

303 3506 427 3546 quam
449 3499 623 3548 nuptam
655 3493 694 3533 ei
717 3492 882 3533 rettuli:
917 3492 972 3533 vl
1005 3493 1075 3540 20.

217 3549 438 3599 Claudiam
463 3552 556 3594 sive
577 3550 852 3603 Claudillam,
884 3556 931 3595 ut
952 3556 1079 3593 vocat

216 3609 446 3662 suetonius
478 3608 618 3666 CaHg,
657 3612 725 3671 12,
756 3623 811 3655 ex
840 3615 967 3663 partu
1000 3608 1088 3659 de..

1164 2791 1328 2846 νηλίαν
1358 2788 1641 2844 ’Op-sartum».

1251 2847 1457 2889 imitando
1489 2861 1704 2893 amorem.-
1751 2847 1889 2903 vulgo
1921 2847 2034 2888 scri-

1163 2907 1279 2953 bitur
1309 2919 1485 2960 amore‚
1519 2906 1779 2949 adversante
1811 2905 2035 2949 Mediceoz

1162 2967 1241 3009 sed
1256 2965 1429 3013 Tacitus
1461 2966 1536 3007 ubi
1556 2965 1793 3012 variandae
1824 2965 2035 3016 orationis

1164 3037 1295 3074 causa
1342 3025 1602 3081 gerundium
1653 3024 1833 3067 adhibet
1882 3024 2032 3065 eadem

1163 3089 1379 3137 potestate
1402 3083 1644 3137 praeditum
1662 3095 1746 3136 qua
1759 3082 2034 3135 participium

1163 3143 1370 3196 temporis
1383 3142 1641 3195 praesentis,
1661 3140 1799 3181 veluti
1826 3138 2034 3180 imitando

1163 3213 1352 3242 amorem
1395 3211 1472 3252 pro
1517 3211 1569 3238 eo
1612 3198 1727 3252 quod
1761 3203 1826 3239 est
1859 3198 2035 3238 imitans

1162 3271 1366 3307 amorem,
1400 3257 1697 3297 accusativum
1730 3256 1917 3296 nominis
1950 3267 2034 3307 po-

1165 3329 1270 3359 nere
1311 3315 1449 3366 solet,
1503 3327 1589 3354 non
1643 3310 1879 3355 ablativum
1930 3325 2026 3352 cum

1166 3373 1426 3428 gerundivo.
1491 3372 1655 3413 Gonni
1690 3373 1741 3414 6:
1774 3385 1878 3413 neve
1910 3370 2032 3411 Tibe-

1165 3434 1255 3474 τέκε
1282 3434 1365 3473 vim
1383 3432 1651 3487 principatus
1671 3431 1900 3473 resolveret
1923 3443 2032 3470 cun-

1167 3498 1236 3532 cta
1254 3491 1312 3532 ad
1331 3497 1524 3539 senatum
1543 3490 1750 3534 vocando.
1812 3490 1868 3531 42
1882 3502 1898 3527 :·
1915 3488 2033 3531 divus

1168 3550 1303 3594 Iulius
1363 3549 1610 3592 seditionem
1653 3573 1709 3586 .--
1753 3549 2006 3603 compescuit
2020 3541 2058 3598 ,¹

1169 3609 1353 3661 Quirites
1383 3608 1574 3659 vocando
1607 3608 1679 3662 qui
1714 3612 2033 3651 sacramentum
