2280 4004
209 261 295 310 196
315 265 320 269 ’
969 260 1263 308 ANNAleM
1783 277 1823 309 a.
1852 277 1896 309 u.
1932 254 2034 310 ¹7⁷4.
2107 284 2110 287 -

208 411 472 464 mulierum
513 411 699 476 iussiS,
741 424 870 477 quae
908 410 1084 476 Oppiis
1125 409 1380 477 quondam
1421 407 1634 475 aliisque
1673 406 1873 476 legibus
1909 423 2038 462 con-

210 504 446 570 strictae,
498 518 632 554 nunc
666 501 850 553 vinclis
892 501 1108 553 exolutis
1147 502 1328 553 domos
1372 500 1482 552 sora
1505 539 1519 566 ,
1559 500 1657 552 iam
1697 505 1747 552 et
1783 501 2038 554 exercitus

208 599 464 662 regerent.
538 594 816 644 Paucorum
843 592 971 644 haec
1002 592 1224 663 adsensu
1253 592 1454 644 audita:
1487 592 1658 659 plures
1685 591 2038 656 obturbabant,
2048 598 2122 648 34

210 700 375 752 neque
413 684 624 736 relatum
665 684 729 736 de
766 684 974 751 negotio
1014 698 1178 750 neque
1206 684 1476 736 Caecinam
1515 684 1721 752 dignum
1759 688 1929 735 tantae
1964 683 2040 734 rei

173 791 496 831 ¹mensorem.
592 776 710 827 Mox
757 774 989 827 Valerius
1035 775 1369 841 Messalinus,
1449 776 1528 826 cui
1582 790 1768 842 parens
1823 774 2039 827 Messala

210 868 475 933 ineratque
515 867 685 934 imago
718 872 960 933 paternae
1002 867 1300 931 facundiae,
1338 866 1601 932 respondit:
1633 866 1784 918 inulta
1825 866 2040 917 duritiae

208 964 436 1011 veterum
470 958 523 1008 in
561 957 741 1009 melius
797 963 846 1010 et
883 957 1064 1010 laetius
1101 963 1313 1022 mutata3
1374 971 1539 1024 neque
1576 958 1736 1024 enim,
1795 962 1850 1009 ut
1901 957 2038 1023 olim,

212 1050 438 1102 obsideri
475 1050 652 1101 urbem
689 1049 836 1102 bellis
888 1054 973 1101 aut
1006 1050 1299 1116 provincias
1336 1050 1536 1102 hostilis
1575 1065 1705 1102 esse.
1779 1049 1842 1101 Et
1877 1063 2041 1115 pauca

212 1141 511 1193 feminarum
551 1140 941 1193 necessitatibus
982 1141 1225 1206 concedi,
1267 1155 1396 1207 quae
1426 1156 1491 1193 ne
1534 1141 1804 1208 coniugum
1840 1139 2041 1206 quidem

150 1237 449 1298 iopenateS,
506 1232 636 1284 adeo
691 1232 866 1284 socios
912 1247 1015 1283 non
1075 1237 1316 1295 onerent;
1391 1237 1560 1284 cetera
1625 1231 1879 1298 promisca
1932 1245 2043 1282 cum

211 1325 419 1388 marit0,
482 1340 578 1375 nec
616 1323 771 1374 ullum
823 1324 874 1373 in
927 1338 989 1375 eo
1038 1323 1180 1389 pacis
1218 1323 1647 1390 impedimentum.
1719 1322 1858 1374 Bella
1896 1321 2046 1388 plane

211 1415 457 1467 accinctis
494 1415 765 1467 obeunda:
815 1415 906 1467 sed
943 1415 1318 1467 revertentibus
1355 1420 1471 1482 post
1507 1415 1734 1466 laborem
1778 1413 1912 1480 quod
1949 1412 2050 1464 ho-

209 1507 403 1558 nestius
435 1521 582 1572 quam
607 1507 840 1558 uxorium
869 1506 1243 1558 levamentum?
1275 1505 1342 1557 At
1373 1505 1617 1573 quasdam
1643 1505 1695 1556 in
1722 1502 2048 1557 ambitionem

211 1603 296 1648 aut
329 1597 592 1650 avaritiam
624 1597 907 1664 prolapsas.
984 1596 1115 1659 Quid
1135 1597 1162 1647 ἰ)
1200 1598 1427 1663 Ipsorum
1462 1597 1846 1665 magistratuum
1877 1609 2048 1647 nonne

148 1707 194 1742 15
210 1689 483 1755 plerosque
529 1689 686 1741 variis
725 1689 1021 1740 libidinibus
1063 1689 1316 1740 obnoxios
1340 1688 1366 1738 ⁶?
1425 1689 1538 1740 Non
1593 1693 1760 1740 tamen
1795 1687 1912 1739 ideo
1952 1701 2048 1738 ne-

210 1782 396 1833 minem
450 1782 501 1831 in
561 1780 878 1846 provinciam
933 1781 1075 1831 mitti.
1174 1781 1453 1846 Corruptos
1507 1795 1661 1845 saepe
1717 1778 2046 1846 pravitatibus

209 1887 424 1926 uxorum
454 1872 687 1923 maritos:
724 1887 841 1923 num
874 1865 999 1938 ergo
1032 1872 1196 1923 omnis
1234 1871 1456 1923 caelibes
1489 1870 1759 1938 integros?
1791 1869 2048 1922 Placuisse

212 1963 464 2030 quondam
507 1963 694 2030 Oppias
743 1963 887 2031 leges
925 1963 1001 2014 sic
1039 1963 1350 2030 temporibus
1398 1963 1474 2015 rei
1509 1962 1744 2029 publicae
1780 1961 2047 2027 postulan-

211 2055 376 2106 tibus:
419 2051 687 2107 remissum
719 2054 907 2121 aliquid
944 2060 1122 2121 postea
1162 2060 1211 2106 et
1250 2054 1547 2121 mitigatum,
1593 2053 1709 2119 quia
1747 2052 2046 2119 expedierit.

146 2147 414 2198 aoFrustra
461 2151 687 2198 nostram
728 2146 985 2213 ignaviam
1032 2146 1128 2197 alia
1179 2147 1242 2197 ad
1284 2144 1534 2197 vocabula
1577 2143 1876 2196 transferri:
1933 2159 2048 2195 nam

212 2238 307 2289 viri
344 2237 396 2287 in
429 2252 490 2288 eo
525 2237 737 2303 culpam,
777 2236 822 2288 si
860 2236 1045 2288 femina
1076 2236 1279 2288 modum
1317 2235 1546 2287 excedat.
1622 2235 1780 2286 Porro
1807 2234 1872 2286 ob
1900 2234 2050 2286 unius

213 2334 297 2379 aut
337 2328 543 2380 alterius
584 2327 890 2379 imbecillum
927 2328 1144 2379 animuin
1195 2327 1325 2378 male
1373 2326 1498 2391 eripi
1542 2326 1735 2377 maritis
1784 2325 2050 2379 ‚consortia

213 2435 380 2471 rerum
416 2418 756 2471 secundarum
806 2418 1252 2484 adversarumque.
1329 2417 1484 2470 Simul
1535 2432 1710 2468 sexum
1750 2421 1929 2468 natura
1968 2416 2051 2466 in-

213 2511 433 2562 validum
494 2509 691 2574 deseri,
767 2514 815 2560 et
864 2510 1049 2575 exponi
1107 2524 1199 2560 suo
1255 2508 1403 2572 lium,
1480 2507 1799 2573 cupidinibus
1850 2506 2047 2558 alienis.

314 2638 355 2680 2.
391 2634 521 2676 exsol.
557 2634 627 2677 Or.
718 2634 759 2676 6.
789 2641 975 2690 patenae
1007 2635 1060 2676 M.
1155 2634 1339 2676 duritiae
1372 2634 1426 2686 M,
1461 2645 1547 2674 uon
1581 2633 1751 2675 duritie.
1826 2633 1867 2675 7.
1901 2633 1948 2673 in
1980 2643 2049 2674 om

213 2694 279 2737 M:
312 2696 522 2736 insertum
555 2707 579 2735 a
610 2693 777 2735 Mureto
810 2700 853 2734 et
884 2693 1101 2735 Acidalio.
1164 2694 1206 2735 8.
1242 2693 1436 2734 absidere
1475 2692 1540 2734 M:
1576 2693 1766 2734 correxit
1793 2691 2049 2734 Beroaldus.

214 2761 321 2796 esset
353 2754 407 2796 Μ.
504 2754 571 2797 10.
595 2753 766 2809 pinales
785 2752 839 2794 M.
938 2754 1005 2796 12.
1039 2753 1259 2794 accinctus
1291 2765 1506 2807 superscr.
1538 2753 1555 2793 i
1585 2751 1640 2794 M.
1708 2752 1774 2795 13.
1809 2755 1872 2810 at]
1908 2750 1966 2793 ad
1995 2750 2049 2793 M.

217 2814 285 2857 17.
317 2813 452 2855 omnis
484 2812 538 2865 M,
572 2823 658 2853 non
692 2825 847 2854 omnes.
915 2811 981 2855 19.
1017 2812 1168 2867 aliquit
1198 2812 1252 2854 Μ.
1326 2814 1398 2855 22.
1431 2811 1519 2854 inb.
1552 2811 1607 2852 M.

302 2926 718 2984 Oppiis—leyibus:
752 2927 804 2968 de
828 2927 929 2982 lege
952 2926 1091 2981 Oppia
1175 2934 1220 2968 ut
1250 2942 1294 2968 se
1327 2934 1426 2968 ante
1453 2927 1704 2969 Ciceronem
1735 2931 1948 2976 numeret,
1981 2923 2055 2966 sed

213 3001 238 3029 a
271 2987 376 3030 Gaio
403 2986 544 3041 Oppio
577 2986 749 3027 tribuno
783 2985 924 3039 plebis
954 2986 1090 3027 medio
1171 2986 1303 3041 plane
1334 2994 1430 3042 post
1476 2986 1779 3028 Gabinianum.
1843 2982 1938 3026 xm
1969 2983 2051 3026 50:

214 3047 372 3088 ardore
397 3045 549 3088 Punici
579 3044 678 3086 belli
711 3045 818 3099 (541
852 3058 890 3086 a.
911 3049 979 3101 u.)
1004 3045 1090 3087 luta
1176 3046 1475 3101 temperandas
1490 3045 1623 3101 plane
1643 3043 1970 3099 publicanorum
1994 3041 2052 3082 ln·-

215 3106 332 3149 eouf.
366 3105 459 3148 Liv.
494 3104 669 3147 XXXIV
707 3104 831 3146 1-8.
1176 3105 1353 3145 bidines.
1416 3104 1598 3157 Saepius
1633 3102 1803 3143 Tacitus
1850 3096 1894 3141 in
1930 3100 2051 3141 eius-

1176 3162 1291 3204 modi
1311 3164 1542 3204 sententiis
1562 3175 1667 3203 sane
1681 3160 1815 3214 dedit,
1830 3160 1905 3202 sed
1920 3157 2051 3214 paulo

323 3222 428 3278 Cap.
486 3224 558 3266 34.
625 3236 873 3264 censorem.-
931 3235 1089 3264 uomen
1175 3223 1330 3263 fortius
1363 3227 1430 3263 est
1456 3221 1601 3278 plane.

217 3283 407 3323 censoris
433 3281 527 3323 sive
546 3281 729 3323 ridicule
755 3282 850 3324 sive
872 3281 1090 3323 invidiose
1267 3280 1371 3335 Cap.
1402 3282 1474 3324 35.
1536 3287 1719 3323 aetatem
1743 3279 1935 3331 liberum,
1967 3291 2051 3319 nu-

218 3340 259 3382 h.
296 3342 323 3382 l.
357 3341 535 3382 denotat
567 3356 660 3382 eum
693 3341 763 3395 qui
795 3348 951 3394 censet,
985 3341 1026 3383 h.
1051 3355 1089 3383 e.
1177 3339 1300 3381 bilem
1337 3339 1499 3393 filiam.-
1554 3341 1768 3382 contraria
1817 3337 2049 3392 componit,

218 3402 290 3453 qui
324 3402 568 3442 sententiae
602 3401 701 3441 loco
728 3401 886 3454 promit
908 3400 1021 3456 quod
1048 3402 1091 3441 in
1178 3399 1308 3441 liliam
1324 3397 2050 3453 nubilem,ceterosliberosaetate
2086 3442 2091 3462 ι

218 3470 445 3499 commune
480 3459 724 3514 conducere
747 3460 1005 3501 arbitratur:
1035 3459 1090 3501 cf.
1178 3458 1438 3501 imbecillos.
1562 3466 1601 3500 et
1629 3470 1835 3499 consensu
1859 3451 2048 3495 adulan-
2086 3468 2088 3489 i

216 3515 254 3556 11
279 3518 336 3559 33
370 3523 413 3558 et
442 3517 514 3559 38.
638 3518 749 3558 bella
775 3518 909 3574 plane
940 3520 1093 3560 accin-
1179 3519 1280 3560 tium
1313 3518 1428 3560 haud
1456 3520 1568 3561 iulus
1586 3525 1668 3559 est:
1703 3514 1928 3557 adulantes
1955 3512 2050 3552 eius
2084 3543 2086 3545 ,

218 3576 296 3615 ctis
331 3575 550 3616 obeunda:
579 3577 711 3629 plane
746 3583 810 3618 est
843 3577 958 3632 quod
983 3577 1093 3619 Ger·
1177 3578 1443 3619 recusationi
1494 3589 1609 3629 uon,
1674 3580 1721 3615 ut
1766 3573 1809 3612 iu
1869 3569 2050 3625 Lepido,

216 3635 332 3677 mani
357 3633 541 3679 dicimus
556 3633 794 3692 jedenfalls
812 3650 825 3677 .·
859 3637 923 3679 sic
939 3635 988 3680 Ο.
1011 3636 1092 3682 26:
1179 3636 1526 3681 consentiebant.
2070 3649 2101 3692 Δ
