2222 4022
221 253 336 298 an
1027 254 1292 302 PROOEMH

224 398 371 450 tarde
410 397 474 450 ad
513 405 593 449 me
627 397 767 449 'venit
804 396 1061 465 plerisque
1098 399 1209 451 istis
1254 400 1352 451 iam
1388 399 1661 465 perfectis,
1718 405 1797 466 et,
1856 406 1912 453 ut
1945 411 2052 456 rem

223 489 412 554 dicam,
453 504 555 540 non
593 489 812 555 optimae
849 494 1017 540 notae.
1091 490 1242 541 Aliud
1272 492 1389 541 item
1427 490 1547 542 mihi
1576 490 1815 543 auxilium
1854 502 1882 544 a
1919 493 2056 559 poli-

220 580 417 632 tissimo
458 585 508 631 et
546 580 844 631 doctissimo
879 581 1156 633 Francisco
1195 582 1384 647 Modio‚
1425 583 1508 649 qui
1549 582 1664 634 dum
1703 583 1755 635 in
1786 583 2055 637 Germania

221 671 327 739 agit
363 670 493 737 apud
532 670 783 737 insignem
824 670 1157 723 litteratorum
1194 677 1478 738 patronum,
1519 670 1783 726 Erasmum
1817 675 2059 728 Neustet-

218 766 398 827 terum,
428 765 768 829 cognomento
790 751 1317 827 SturmeruniJVirum
1351 776 1543 832 genere
1578 770 1628 817 et
1654 765 1886 817 doctrina
1925 766 2059 818 inter

221 852 444 919 primm,
501 856 679 904 nactus
721 852 978 918 exemplar
1024 853 1277 919 quoddam
1313 860 1390 906 est
1423 868 1574 908 manu
1608 856 1860 923 Rodolphi
1895 856 2058 924 Agri-

225 942 370 995 colae
410 943 731 1007 adnotatum,
789 944 923 1009 quod
969 945 1082 995 usui
1133 945 1281 996 nobis
1333 946 1450 1011 suit,
1511 952 1566 998 ut
1616 947 1832 999 videbis,
1904 946 2055 1000 Multa·

225 1035 356 1086 enim
399 1035 624 1086 eruditus
676 1035 760 1086 ille
809 1035 890 1086 vir
942 1036 1241 1088 observarat
1290 1042 1339 1089 et
1393 1038 1456 1089 ad
1508 1039 1766 1106 margines
1815 1037 1932 1090 libri
1978 1038 2058 1091 sui

221 1126 499 1190 rettulerat,
539 1125 630 1177 sed
668 1126 735 1177 ita
775 1130 828 1176 ut
856 1126 966 1179 iure
999 1127 1246 1195 ambigaS‚
1276 1134 1505 1195 prompta
1532 1146 1591 1181 ea
1629 1146 1657 1181 e
1693 1129 2056 1182 vetustioribus

221 1216 366 1267 libris
405 1217 507 1268 sint
546 1231 610 1267 an
649 1217 711 1267 ab
750 1217 878 1283 ipso.
951 1217 1102 1269 Multa
1152 1219 1286 1270 enim
1347 1230 1576 1287 agnosco
1618 1220 1863 1272 audacius
1899 1225 1950 1272 et
1990 1218 2059 1271 li-⁶

223 1309 418 1359 centius
456 1308 660 1360 inventa
695 1313 744 1360 et
780 1299 983 1375 longius
1018 1325 1046 1360 a
1080 1309 1252 1362 verbis
1286 1310 1594 1377 aberrantia,
1629 1319 1758 1378 quae
1789 1311 2060 1363 videantur

222 1398 345 1450 mihi
386 1413 415 1448 a
453 1399 649 1451 subtilis
686 1399 881 1468 ingenii
917 1400 1088 1464 fonte-3
1129 1402 1378 1467 quaedam
1415 1402 1565 1454 etiam
1605 1401 1872 1468 eiusmodi,
1912 1410 2058 1469 quae,
2152 1416 2157 1421 ’

226 1490 321 1541 etsi
356 1505 459 1540 non
500 1506 528 1542 a
569 1490 731 1555 libris,
769 1491 1125 1543 commendent
1162 1507 1218 1543 se
1257 1497 1424 1544 tamen
1460 1487 1641 1545 lectori
1681 1493 1894 1545 audacia
1933 1502 2063 1559 quad-

224 1580 337 1631 dam
369 1582 678 1634 verecunda.
754 1582 855 1635 Sed
886 1583 1020 1634 idem
1058 1582 1143 1634 ille
1177 1588 1352 1635 noster
1377 1585 1576 1636 Modius
1610 1585 1759 1636 etiarn
1785 1585 2059 1637 Romanam

224 1672 499 1725 editionem
527 1678 754 1725 veterem
791 1674 1104 1740 comparavit
1142 1688 1252 1725 cum
1292 1671 1514 1743 vulgatae
1553 1687 1716 1742 eaque
1741 1675 1908 1727 multis
1931 1676 2061 1728 locis

222 1772 344 1814 vera
385 1769 468 1815 aut
505 1764 606 1815 dux
643 1764 791 1816 nobis
829 1765 893 1816 ad
929 1766 1211 1834 veritatem.-
1284 1767 1514 1834 Denique
1547 1767 1681 1818 idem
1721 1767 1870 1819 etiam
1914 1767 2062 1819 codia

232 1866 340 1906 cem
399 1856 792 1922 manuscriptum
847 1855 1130 1924 Bamberga
1207 1857 1436 1924 allatum,
1519 1867 1666 1925 quem
1723 1857 2060 1925 amplissimus

222 1946 571 1999 Neustetterus
625 1947 771 2013 emit,
835 1948 928 1999 sed
987 1949 1070 2014 qui
1120 1949 1243 2000 nihil
1291 1954 1492 2016 praeter
1541 1950 1863 2002 Germaniam
1902 1946 2061 2001 Taoi'ti

227 2037 470 2103 haberet,
529 2054 558 2090 e
612 2053 710 2104 quo
765 2039 876 2105 ipso
915 2053 1019 2090 non
1067 2041 1255 2107 optimo
1297 2046 1468 2094 tamen
1522 2041 1668 2094 locos
1714 2041 1907 2108 aliquot
1940 2049 2066 2093 cor-

226 2130 427 2181 rexisse
459 2129 692 2180 videmur
728 2144 832 2180 non
866 2129 1045 2182 laeve.²

373 2219 523 2272 1607
586 2221 896 2272 Postremum
912 2221 1112 2287 Lipsius
1129 2218 1302 2273 Tacito
1337 2234 1537 2273 manum
1573 2221 1799 2274 admovit
1835 2219 2065 2275 a.1604

226 2311 467 2377 inspectis
504 2312 755 2363 Pichenae
792 2315 927 2363 notis
968 2314 1181 2379 egregie
1239 2313 1470 2378 adiutus,
1526 2322 1686 2380 eaque
1738 2313 1894 2365 editio
1950 2311 2064 2380 post

228 2406 440 2454 mortem
503 2403 611 2454 eius
669 2402 822 2465 (obiit
857 2404 1068 2454 Lovanii
1127 2403 1208 2454 die
1266 2404 1332 2456 23
1366 2397 1532 2458 Martii
1579 2418 1624 2455 a.
1671 2403 1830 2475 1606)
1876 2403 2066 2471 prodiit

228 2493 537 2559 Antverpiae
579 2508 623 2544 a„
670 2493 801 2547 1607
841 2498 891 2546 et
932 2508 1085 2561 saepe
1126 2494 1312 2546 deinde
1347 2495 1560 2561 repetita
1602 2499 1694 2547 est.

365 2563 506 2636 ‘1607
514 2624 524 2634 .
601 2583 654 2635 Ο.
695 2584 922 2635 Cornelii
962 2584 1122 2635 Taciti
1156 2597 1317 2651 opera
1353 2596 1484 2651 quae
1519 2590 1706 2636 emtam&
1780 2584 1934 2636 Iuaeta
1969 2595 2066 2636 ve-

229 2673 461 2724 terrimos
488 2673 864 2739 Manuscriptos
884 2675 1166 2739 emendata,
1182 2674 1423 2740 Notisque
1450 2674 1763 2735 auctioribus
1791 2675 2063 2742 illustrata,

227 2778 323 2828 per
379 2765 602 2815 Curtium
657 2764 925 2815 Pichenam
995 2764 1235 2815 sereniss.
1296 2764 1468 2832 Maym'
1541 2765 1684 2817 ducis
1731 2761 1976 2818 Etruriae
2031 2772 2067 2817 at

229 2854 453 2905 secretis.
534 2854 771 2905 Adiectus
799 2855 961 2906 Indeoe
990 2855 1260 2918 nominum,
1289 2853 1576 2922 verborum,
1604 2867 1668 2909 ao
1702 2858 2064 2909 sententiarum

234 2945 678 3010 locupletissimam,
716 2951 762 2995 et
799 2945 1167 2996 exactissima&
1263 2946 1589 3014 Francofurtu‘
1621 2948 1761 3015 apud
1797 2934 2087 3002 Claudium*

232 3035 504 3097 Marnium,
553 3041 601 3086 et
634 3036 843 3087 heredes
881 3035 1090 3087 Ioannis
1130 3035 1326 3088 Aabrii.
1399 3035 1640 3090 MDCVII.
1698 3033 1742 3092 11
1780 3041 1900 3093 voli.
1938 3041 1989 3093 4.
2011 3046 2024 3049 ”

389 3127 546 3180 Notas
596 3127 815 3179 Pichena
885 3130 1002 3181 ante
1054 3141 1285 3181 seorsum
1365 3129 1528 3181 editas
1590 3130 1905 3197 Florentiae,
1962 3136 2066 3183 tum

232 3220 570 3271 Hannoverae
625 3235 668 3270 a.
725 3217 859 3272 1604
909 3220 942 3272 8
1001 3220 1051 3272 et
1098 3221 1215 3271 hinc
1261 3220 1430 3286 Lipsio
1488 3222 1750 3288 cognitae,
1808 3223 2068 3275 auctiores

237 3311 449 3362 editioni
502 3325 626 3362 suae
673 3311 915 3363 adiunxit.
990 3312 1111 3363 Eius
1166 3323 1321 3378 opera
1373 3312 1515 3378 prior
1552 3306 1813 3365 Mediceus
1863 3306 2062 3378 iterum,

237 3401 326 3450 sed
367 3415 469 3451 non
508 3401 630 3452 satis
669 3401 970 3468 diiigenter,
1040 3402 1168 3453 alter
1203 3402 1414 3469 primum
1457 3402 1716 3469 inspectus
1768 3407 1846 3455 est
1895 3407 1944 3454 et
2001 3383 2067 3453 ad

238 3490 605 3542 emendandum
635 3492 857 3543 Tacitum
889 3491 1158 3545 adhibitus.
1233 3494 1450 3546 Pichena
1476 3507 1603 3546 sano
1631 3494 1823 3545 iudicio
1854 3492 2065 3546 eximius

239 3586 343 3647 est,
384 3594 411 3631 a
447 3580 712 3632 doct-rinae
750 3583 909 3649 copiis
948 3588 997 3635 et
1035 3585 1215 3651 peritia
1251 3586 1415 3637 minus
1455 3586 1745 3638 instructus.
