2280 4004
139 694 158 738 3
215 678 352 732 mani
387 677 559 744 specie
599 677 882 731 orationum
922 681 972 728 et
1006 677 1283 729 carminum
1333 692 1488 730 scena
1533 678 1833 745 polluantur.

217 257 325 314 ΨΟ.
357 259 473 313 δίκη
851 259 1017 304 LIBER
1047 259 1161 305 xlv.
1224 259 1333 307 ΟἈΡ.
1367 261 1440 307 20.
1948 261 2039 307 193

217 404 396 457 studiis
437 404 659 457 externis
696 404 960 469 iuventuS,
1019 405 1282 471 gymnasia
1321 410 1370 456 et
1410 404 1511 457 otia
1552 408 1602 456 ct
1638 408 1808 471 turpes
1839 419 2041 458 amores

218 495 535 559 exercendo,
570 494 797 560 principe
836 499 885 546 et
920 499 1100 546 senatu
1139 495 1461 560 auctoribuS,
1519 496 1603 562 qui
1639 510 1744 547 non
1781 495 1934 549 modo
1973 496 2043 549 li·-

218 586 432 638 centiam
470 586 606 637 vitiis
641 586 993 652 permiserint,
1040 586 1131 638 sed
1167 586 1268 637 vim
1303 587 1604 652 adhibeant,
1655 602 1899 654 proceres
1935 589 2045 645 Ro·-

1911 679 2044 742 Quid

215 778 503 835 superesse,
542 769 642 820 nisi
681 774 733 820 ut
770 783 985 835 corpora
1024 782 1223 835 quoque
1250 769 1440 821 nudent
1464 775 1512 822 et
1534 775 1734 823 caestus
1761 771 2082 838 adsumant,s

217 874 406 926 easque
456 875 653 927 pugnas
705 870 797 927 pro
844 860 1018 912 militia
1071 865 1121 912 et
1173 860 1326 912 armis
1373 860 1722 913 meditentur?
1756 864 1758 867 ’
1792 862 1875 914 An
1910 862 2043 922 iusta

217 952 415 1020 augurii
453 957 503 1004 et
542 952 801 1017 [decurias
840 952 1083 1019 equitum]
1136 952 1400 1019 egregium
1433 952 1692 1005 iudicandi
1728 968 1907 1006 munus
1949 970 2047 1009 ex-

220 1076 227 1097 ⁷
261 1071 270 1087 ι
303 1087 341 1134 1.
375 1103 521 1133 amore
553 1088 639 1133 Ma:
674 1090 708 1132 G
738 1104 920 1133 amores.
987 1093 1027 1134 2.
1047 1091 1267 1147 principes
1289 1089 1381 1132 Ma:
1417 1089 1450 1132 G
1475 1091 1689 1147 principe.
1752 1091 1795 1135 4.
1833 1093 1924 1147 quis
1949 1091 2040 1135 Ma:

218 1149 252 1192 G
282 1150 394 1204 quid.

215 1210 436 1254 iusticiam.

527 1150 569 1193 5.
604 1149 658 1191 In
689 1162 906 1204 superscr.
935 1157 982 1191 ut
1012 1149 1092 1192 Ma.

217 1323 316 1377 fuit,
347 1336 435 1366 non
468 1323 632 1378 plures.
697 1322 765 1367 Cf.
798 1324 882 1367 Dio
915 1324 1011 1367 LIV
1044 1327 1086 1378 2,

215 1384 311 1426 Lv1
344 1384 400 1427 25
434 1390 543 1426 extr.
614 1384 780 1436 Quibus
818 1397 979 1426 novum
1012 1384 1085 1426 lu-

218 1443 382 1485 dicrum
403 1442 457 1485 ad
475 1457 638 1487 morem
666 1444 825 1486 Graeci
842 1445 1087 1486 certaminis

216 1503 408 1557 placuit,
450 1503 481 1544 ii
526 1518 564 1546 c.
597 1506 651 1547 21
702 1509 854 1545 contra
884 1510 1086 1545 monent:

216 1576 298 1604 nec
324 1562 505 1619 perinde
527 1564 803 1619 maqistratus
820 1566 1086 1620 (praetores)

217 1635 308 1663 rem
345 1621 609 1676 familiarem
658 1622 967 1676 exhausturos,
1015 1629 1090 1664 aut

219 1680 374 1739 populo
417 1682 687 1738 efflayitandi
730 1683 902 1724 Graeca
942 1689 1088 1724 certa-

224 1741 345 1782 mina
367 1753 396 1781 a
414 1741 732 1798 maqistratibus
767 1755 942 1783 causam
976 1744 1086 1796 fore.

221 1799 292 1842 llli
325 1813 463 1856 genus
487 1802 800 1859 (mayistratus)
827 1813 904 1856 pro
937 1802 1089 1855 specie

221 1863 483 1917 (praetores)
520 1867 701 1916 ponunt.

310 1918 420 1974 quod
449 1934 626 1975 usquam
668 1920 887 1975 corrumpi
918 1926 957 1961 et
989 1933 1091 1961 cor-

221 1988 418 2034 rumpere
465 1987 616 2034 queat:
661 1979 778 2023 conf.
819 1979 961 2021 Germ.
1010 1979 1091 2022 19:

221 2052 302 2080 nec
334 2052 606 2095 corrumpere
647 2045 686 2082 et
717 2041 934 2095 corrumpi
965 2052 1090 2080 secu-

222 2096 308 2140 lum
337 2105 530 2141 vocatur.

319 2171 378 2199 an
416 2159 531 2200 iusta
572 2158 747 2214 auqurii
786 2164 824 2199 et
870 2158 1090 2214 [decurias

221 2218 421 2274 equilum]
457 2219 673 2274 eyreyium
688 2217 913 2259 iudicandi
941 2231 1093 2259 munus

222 2277 484 2332 emplecuros:
545 2289 652 2319 vera
711 2278 927 2331 scriptura
979 2278 1094 2319 iusta

221 2331 407 2391 auqurii,
441 2335 485 2378 h.
514 2350 554 2380 e.
589 2349 700 2392 quae
730 2337 915 2391 requirit
947 2349 1091 2392 augu-

219 2395 325 2436 ralis
357 2408 424 2436 ars
456 2400 499 2436 et
518 2396 717 2447 scientia,
744 2397 788 2436 in
816 2395 883 2437 Ma
915 2396 978 2436 sic
1011 2395 1092 2436 de-

222 2455 452 2510 generavit
464 2460 511 2494 ut
523 2454 789 2496 assimilandi
806 2454 1093 2496 inclinatione

221 2512 453 2555 scribentis
485 2519 574 2555 tres
597 2513 773 2555 litterae
809 2527 863 2556 ex
894 2515 1091 2568 proximo

221 2573 399 2615 nomine
448 2573 606 2615 militia
654 2574 1009 2616 immiscerentur
1050 2579 1094 2614 ct

222 2631 349 2674 fieret
380 2633 559 2685 iustitia,
593 2632 711 2674 unde
745 2632 919 2675 codices
952 2633 1093 2674 inter-

222 2691 359 2746 polati
399 2692 599 2734 fecerunt
645 2692 850 2733 iustitiam
881 2692 935 2744 (G
966 2692 1093 2734 iusti-

221 2752 369 2808 ciam),
403 2750 678 2805 pessumdato
711 2751 799 2792 loci
831 2764 976 2794 sensu.
1039 2751 1095 2792 Ut

223 2812 453 2865 sequentia
472 2811 688 2866 eqreyium
707 2810 930 2852 iudicandi
942 2824 1093 2852 munus

225 2868 278 2911 de
298 2871 512 2924 equestris
534 2870 698 2911 ordinis
722 2868 970 2911 hominibus
990 2882 1093 2924 prae

224 2930 385 2971 ceteris
418 2928 535 2971 dicta
562 2935 676 2981 sunt,
708 2929 769 2969 ita
793 2930 906 2970 iusta
921 2929 1096 2984 auqurii

225 2990 467 3031 senatorios
506 2989 624 3031 viros
669 2988 925 3041 respiciunt.
986 2987 1094 3031 Nam

223 3053 319 3090 arte
366 3047 565 3104 augurali
608 3047 793 3102 praediti
839 3053 962 3090 erant
1009 3048 1094 3089 viri

225 3107 483 3161 amplissimi
525 3112 569 3149 et
611 3107 765 3148 summi
797 3108 1094 3163 magistratus,

227 3171 274 3206 ut
290 3166 346 3208 de
364 3165 623 3208 Germanico
648 3165 865 3220 proditum
888 3172 955 3208 est
979 3166 998 3207 Ι
1021 3166 1093 3209 62.

228 3224 381 3279 ltaque
404 3238 607 3280 proceres
630 3226 818 3267 Romam·
842 3225 970 3279 paulo
994 3229 1096 3266 ante

225 3285 452 3324 memorati
484 3289 529 3325 et
561 3285 796 3337 praecipua
828 3296 977 3325 eorum
1011 3296 1094 3324 ne-

227 3342 349 3398 gotia
363 3341 478 3383 domi
491 3341 691 3383 obeunda
705 3341 772 3383 his
783 3342 929 3384 verbis
944 3341 1096 3382 decla-

227 3407 389 3443 rantur.
460 3401 547 3442 Iam
588 3402 728 3442 omnis
767 3413 838 3443 res
878 3402 922 3442 in
967 3399 1094 3452 vado,

228 3461 314 3501 nisi
348 3461 464 3516 quod
494 3459 802 3513 impedimento
851 3466 917 3501 est
948 3458 1097 3514 glossa

227 3519 428 3562 decurias
464 3521 666 3573 equitum,
722 3519 910 3572 ascripta
950 3517 1097 3559 verbis

227 3580 446 3634 eqmqium
465 3579 688 3620 iudicandi
703 3591 853 3619 munus
871 3579 918 3619 in
950 3574 1011 3635 ἀρ
1015 3589 1097 3632 χε-

227 3636 381 3699 ειόπῳ,
438 3651 466 3683 a
508 3639 706 3696 proximo
757 3635 1099 3691 autem‚sci·iba

1217 1150 1258 1192 6.
1292 1151 1408 1191 iusta
1441 1150 1607 1192 editor:
1647 1149 1715 1193 Ma
1744 1152 1930 1207 iustitia,
1963 1152 2043 1195 alii

531 1211 571 1252 7.
607 1209 798 1267 glossam
831 1210 1031 1253 decurias
1063 1223 1125 1266 eq.
1161 1210 1331 1251 notavit
1364 1208 1521 1253 editor.

1171 1323 1405 1366 verborum
1439 1326 1664 1367 contextui
1695 1323 1808 1367 falso
1840 1325 2045 1368 admixta.

1171 1384 1238 1425 Ab
1271 1385 1367 1438 ipso
1400 1383 1549 1425 Tacito
1593 1383 1703 1427 haec
1745 1397 1844 1427 esse
1873 1387 2044 1442 nequit.

1172 1443 1277 1486 Nam
1315 1443 1495 1497 explere
1531 1443 1751 1485 iudicandi
1788 1456 1943 1485 munus
1980 1450 2048 1487 est

1172 1502 1430 1545 satisfacere
1464 1502 1614 1544 officio
1647 1503 1828 1557 iudicis,
1863 1504 2048 1559 explere

1173 1562 1375 1604 decurias
1419 1564 1613 1618 equitum
1658 1562 1779 1604 valet
1823 1562 1938 1605 idem
1992 1577 2046 1606 ao

1174 1621 1373 1663 decurias
1407 1627 1633 1677 equestres
1656 1621 1840 1664 reddere
1871 1621 2044 1677 plenas,

1173 1681 1391 1723 Decuriae
1409 1687 1554 1723 autem
1587 1683 1784 1737 equitum
1805 1687 1909 1723 tunc
1940 1682 2046 1724 nul-

1175 1739 1244 1782 lae
1276 1741 1454 1782 fuerunt
1498 1742 1583 1782 nisi
1630 1741 1867 1794 militares,
1913 1747 2046 1798 atque

1176 1800 1220 1840 in
1252 1801 1445 1855 quinque
1484 1800 1676 1842 iudicum
1709 1801 1899 1842 decuriis
1932 1814 2048 1856 quae

1173 1859 1259 1900 iam
1293 1866 1416 1901 erant
1450 1873 1537 1901 una
1576 1865 1743 1902 tantum
1787 1873 1842 1901 ex
1891 1860 2047 1901 ordine

1175 1920 1369 1973 equestri
1414 1920 1661 1974 conscripta
1704 1925 1810 1961 erat.
1874 1918 1959 1961 Sed
1991 1918 2046 1961 de

1173 1977 1360 2020 militiae
1398 1977 1549 2021 labore
1593 1978 1721 2020 modo
1762 1978 1899 2020 locuti
1945 1983 2047 2019 sunt

1173 2039 1336 2079 veteris
1368 2039 1499 2079 moris
1527 2037 1791 2091 laudatores,
1812 2050 1957 2093 neque
1991 2049 2044 2079 eo

1173 2097 1346 2139 revolvi
1391 2109 1534 2139 sermo
1582 2110 1699 2139 nunc
1749 2103 1918 2151 potest,
1969 2096 2045 2138 ubi

1174 2156 1322 2198 officia
1361 2156 1474 2199 domi
1511 2164 1551 2198 et
1594 2159 1643 2199 ia
1671 2155 1777 2198 urbe
1820 2169 1845 2197 a
1876 2155 2046 2198 duobus

1174 2215 1397 2257 ordinibus
1441 2216 1695 2258 sustinenda
1738 2220 2040 2258 recensentur.

1172 2275 1322 2330 Itaque
1371 2276 1568 2317 decurias
1611 2276 1794 2330 equitum
1842 2276 2046 2329 ascripsit

1175 2334 1304 2375 homo
1328 2335 1610 2376 mediocriter
1632 2334 1842 2386 eruditus,
1866 2333 1941 2375 ubi
1963 2333 2046 2376 de-

1174 2393 1268 2434 buit
1293 2394 1492 2436 decurias
1511 2395 1713 2447 iudicum,
1737 2399 1780 2435 et
1799 2393 1884 2435 hoc
1904 2394 2046 2447 ipsum

1175 2453 1290 2494 inest
1319 2454 1363 2494 in
1396 2454 1544 2495 verbis
1576 2454 1792 2509 egregium
1822 2452 2048 2494 iudicandi

1174 2526 1339 2555 munus.
1416 2513 1538 2554 Hanc
1588 2512 1876 2554 offensionem
1924 2511 2048 2553 nulla

1174 2571 1289 2613 iusta
1319 2572 1574 2614 coniectura
1604 2583 1834 2614 removere
1866 2572 2045 2625 poterit,

1174 2643 1319 2686 neque
1353 2643 1405 2672 eo
1426 2633 1604 2673 nomine
1628 2630 1762 2688 digna
1792 2636 1892 2673 sunt
1914 2630 2049 2684 Seyf-

1174 2690 1275 2732 ferti
1327 2697 1371 2732 et
1403 2690 1758 2747 Bezzenbergeri
1802 2690 2046 2743 conamina,

1175 2762 1356 2805 quorum
1390 2751 1509 2804 prior
1539 2750 1850 2804 interpolavit:
1884 2762 1943 2790 an
1973 2749 2048 2790 in-

1173 2810 1341 2851 stitutas
1384 2811 1579 2865 auyuriis
1620 2809 1819 2851 decurias
1866 2808 2050 2863 equitum

1176 2870 1392 2924 eyreqium
1422 2869 1649 2910 iudicandi
1669 2881 1821 2910 munus
1853 2866 2048 2924 expletu-

1173 2941 1273 2980 ras,
1319 2928 1358 2968 si
1395 2930 1561 2983 fractos
1609 2933 1722 2981 cet.‚
1772 2926 1883 2969 alter
1936 2926 2048 2968 haec

1175 2988 1388 3041 prompsit
1433 2987 1621 3030 obscura
1661 2994 1706 3029 et
1747 2998 1835 3028 non
1867 2986 2046 3027 Latina:

1175 3060 1234 3087 aa
1253 3047 1418 3088 iustitia
1441 3047 1615 3102 auyurii
1647 3053 1687 3088 et
1708 3046 1906 3087 decurias
1926 3044 2047 3097 equi-

1176 3112 1261 3146 tum
1294 3106 1509 3160 eqreyium
1534 3104 1760 3146 iudicandi
1785 3117 1938 3145 munus
1969 3116 2047 3142 ex..

1171 3163 1377 3220 placares,
1399 3164 1437 3204 si
1454 3166 1513 3218 fr.
1559 3162 1850 3204 Luculentum
1871 3161 2047 3217 glossae

1177 3223 1349 3278 signum
1383 3222 1510 3263 etiam
1535 3220 1619 3263 hoc
1652 3226 1735 3274 est,
1767 3219 1882 3276 quod
1912 3218 2048 3261 verba
2094 3240 2097 3244 ·

1178 3281 1376 3322 decurias
1408 3281 1590 3335 equitum
1624 3279 1821 3334 adaptari
1852 3283 2047 3321 structu-

1176 3353 1250 3394 rae
1268 3352 1355 3380 non
1372 3345 1568 3393 possunt,
1586 3340 1669 3380 nisi
1694 3338 2050 3379 coniunctionem

1177 3412 1203 3440 a
1245 3398 1366 3439 nullo
1415 3398 1526 3439 libro
1580 3398 1769 3438 oblatam
1817 3396 2047 3438 adieceris.

1176 3456 1239 3498 Ea
1272 3469 1421 3499 carere
1453 3461 1627 3510 poterat
1667 3461 1709 3498 et
1753 3455 1940 3497 debebat
1972 3455 2047 3510 qui

1178 3515 1246 3557 his
1270 3515 1417 3557 verbis
1437 3515 1807 3570 interpretabatur
1829 3515 2048 3572 eqreqium

1175 3573 1400 3618 iudicandi
1427 3588 1592 3620 munus.
