2280 4004
241 293 273 339 ,2
1011 284 1303 331 ANNALIVM

245 436 424 478 lustrum
456 434 670 476 conditum
703 438 743 474 et
777 443 908 472 censa
938 430 1092 471 civium
1122 430 1361 483 5‚984,072
1394 431 1624 487 (23—25).

1815 299 1855 330 a.
1887 298 1932 331 u.
1962 284 2067 331 800.

1690 431 1943 494 Messalina,
1973 433 2070 476 dum

247 510 414 552 Caesar
446 508 608 549 Ostiam
634 505 946 562 proficiscitur,
988 503 1096 547 Silio
1123 504 1274 561 palam
1302 504 1443 558 nubit,
1491 518 1576 560 qua
1607 505 1657 547 cle
1688 519 1736 547 re
1769 505 1914 548 doinus
1941 507 2072 562 prin..

245 582 352 638 cipis
383 579 614 631 inhorruit,
650 585 689 620 et
717 577 897 620 Claudio
926 578 1134 633 llaqitium
1157 577 1373 635 proditum
1397 584 1457 619 est
1485 591 1617 635 opera
1633 579 1842 620 Narcissi.
1907 578 2073 620 Caesar

242 655 290 695 in
332 654 479 695 urbem
525 666 721 694 reversus
761 652 975 707 facinoris
1017 658 1215 694 aucteres
1263 659 1303 694 et
1343 652 1536 694 conscios
1574 652 1797 694 ulciscitur
1839 652 2069 709 (26—38).

206 743 227 777 5
246 727 340 769 Iam
371 725 479 769 liber
511 726 668 768 desinit
700 732 739 768 et
772 724 946 768 annalis
978 725 1162 768 historia
1191 726 1238 767 in
1270 726 1587 781 subsequentem
1616 726 1866 769 intenditur.

379 870 506 923 Nam
546 870 801 923 Valerium
839 865 1138 936 Asiaticum,
1176 870 1259 922 bis
1304 869 1582 936 consulem,
1621 870 1780 923 fuisse
1819 869 2118 936 quondaml

242 962 523 1014 adulterum
568 963 677 1013 eius
717 962 963 1027 credidit3
1018 963 1310 1035 pariterque
1345 962 1506 1020 hortis
1545 963 1777 1028 inhians,
1822 977 1949 1029 quos
1987 961 2073 1013 ille

243 1070 271 1105 a
309 1054 517 1105 Lucullo
566 1059 775 1120 coeptos
819 1053 1011 1121 insigni
1061 1053 1436 1122 magnificentia
1487 1054 1787 1119 extollebat,
1847 1053 2073 1106 Suillium

243 1145 548 1197 accusandis
598 1145 827 1211 utrisque
874 1145 1105 1196 immittit.

1180 1145 1491 1213 Adiungitur
1529 1146 1760 1199 Sosibius
1798 1144 2075 1197 Britannici

181 1237 517 1302 meducator,
581 1237 665 1304 qui
717 1253 810 1303 per
863 1237 1086 1303 speciem
1132 1238 1510 1289 benivolentiae
1547 1242 1778 1290 moneret
1815 1236 2075 1289 Claudium

246 1344 431 1380 cavere
487 1328 587 1379 vim
650 1333 799 1394 atque
862 1343 985 1394 opes
1052 1328 1367 1395 principibus
1437 1329 1663 1381 infensas
1677 1346 1693 1393 3
1749 1328 2074 1395 praecipuum

245 1424 505 1470 auctorem
533 1419 814 1470 Asia-ticum
854 1419 1194 1471 interficiendi
1231 1419 1323 1472 Gai
1355 1420 1608 1485 CaesariS,
1643 1434 1749 1471 non
1786 1418 2078 1479 extimuisse

246 1511 537 1563 contionem
578 1510 749 1577 populi
789 1509 1034 1575 Romani,
1093 1510 1271 1576 fateri,
1309 1510 1628 1579 gloriamque
1663 1509 1909 1563 facinoris
1945 1506 2078 1567 ultro

242 1606 421 1668 petere
434 1619 448 1666 3
506 1602 697 1653 clarum
737 1618 802 1654 ex
840 1616 902 1654 eo
940 1601 992 1652 in
1027 1600 1187 1667 urbe,
1242 1600 1400 1653 didita
1450 1617 1544 1668 per
1589 1601 1883 1668 provincias
1919 1600 2078 1662 samm

364 1735 406 1777 7.
443 1736 548 1777 ortis
581 1734 660 1778 Ma.

245 1793 290 1834 in
324 1793 358 1835 G
379 1793 803 1862 ·(Guelferbytano).

244 1867 422 1896 cesaris.

338 1952 445 2008 Cap.
490 1955 529 1996 1.
594 1953 655 1995 bis
688 1954 932 1998 consulem:
964 1954 1120 1998 iterum

246 2013 401 2056 consul
450 2018 543 2055 erat
591 2013 813 2056 Asiaticus
861 2028 975 2057 anno
1018 2021 1122 2057 ante

245 2086 372 2128 quam
404 2072 516 2115 haec.
549 2072 819 2129 agebantur,
862 2075 945 2121 sed
977 2076 1122 2131 magi-

244 2138 382 2175 stratu
414 2143 462 2175 se
495 2131 776 2176 abdicaverat
801 2135 1021 2190 effugiens
1051 2136 1123 2176 in-

245 2192 425 2235 vidiam.
481 2191 607 2234 Alter
631 2193 826 2235 eiusdem
845 2195 945 2235 anni
969 2193 1123 2235 consul

246 2252 331 2293 fuit
363 2252 417 2294 M.
451 2252 600 2294 lunius
635 2252 832 2294 Silanus:
862 2253 946 2295 Dio
961 2253 1030 2295 LX
1050 2255 1121 2297 27.

247 2310 356 2352 Cum
389 2311 611 2352 Asiaticus
661 2314 845 2366 primum
891 2313 1123 2355 consulatu

247 2371 424 2412 functus
467 2377 557 2423 est,
607 2371 850 2414 ordinarius
890 2384 977 2413 non
1023 2372 1122 2424 fuit,

249 2429 440 2485 ideoque
474 2431 593 2484 prior
626 2431 879 2473 consulatus
911 2433 956 2474 in
999 2432 1124 2474 fastis

246 2490 472 2531 reticetur.
542 2490 691 2531 Virum
736 2491 1010 2534 consularem
1043 2491 1125 2533 de-

248 2551 392 2605 signat
423 2549 681 2601 Asiaticum,
719 2563 813 2591 cum
850 2551 1024 2591 occisus
1060 2555 1125 2591 est

249 2606 378 2648 Gaius
414 2605 599 2659 Caesar,
635 2607 718 2648 Dio
752 2609 843 2649 LIX
875 2610 958 2661 30,
994 2610 1124 2649 etiam

246 2665 460 2720 Iosephus
500 2666 648 2720 Antiq.
693 2666 791 2707 XIX
833 2669 852 2709 1
915 2670 957 2718 ἕ.
992 2668 1050 2710 20
1083 2673 1127 2708 et

249 2726 421 2768 Seneca
475 2725 524 2766 de
582 2725 838 2768 Constantia
896 2727 1001 2781 Sap.
1055 2726 1124 2768 18.

248 2784 381 2826 Gaius
433 2785 569 2840 igitur
625 2785 850 2827 consulem
896 2786 1125 2826 suffectum

251 2857 349 2886 eum
394 2843 570 2885 videtur
613 2844 791 2887 fecisse.
855 2844 960 2885 Eius
1001 2845 1127 2885 uxori

252 2903 488 2945 Cretenses
529 2909 712 2945 statuam
747 2909 987 2958 posuerunt
1017 2904 1128 2946 Gor-

251 2969 359 3017 tyne
395 2969 438 3004 et
472 2962 645 3004 titulum
686 2964 995 3018 (Ἀσιατικήν,
1033 2968 1129 3007 Βα-

252 3026 407 3078 λερίου
447 3019 720 3066 ’Λσιατικοῦ
770 3030 998 3081 γυναῖκα,
1056 3023 1130 3071 ‹513-

251 3082 436 3127 ὑπάτου
470 3086 549 3125 καὶ
583 3083 797 3138 ἐπάρχου
844 3083 924 3135 τῆς
953 3084 1131 3130 πόλεως

251 3143 331 3197 τῆς
371 3142 612 3201 Ῥωμαίων
657 3144 807 3199 xvh),
854 3141 968 3183 unde
1010 3147 1132 3195 patet

254 3203 385 3243 etiam
410 3201 730 3255 praefecturam
755 3200 874 3242 urbis
887 3201 1130 3243 Asiaticum

254 3260 359 3302 olim
392 3261 599 3316 gessisse.
654 3259 720 3303 Cf.
757 3259 974 3303 Boeckhii
1001 3259 1129 3314 Corp.

254 3319 288 3362 Ι.
326 3318 396 3361 Gr.
432 3333 474 3362 n.
511 3320 642 3363 2587.

349 3379 465 3420 eius.-
502 3379 725 3435 Poppaeae
758 3379 955 3422 Sabinae
989 3379 1130 3434 (conf.

255 3436 355 3479 xnl
373 3436 471 3494 43),
507 3451 617 3493 quae
652 3438 741 3479 filia
766 3439 955 3493 Poppaei
982 3439 1130 3481 Sabini

258 3495 317 3537 Vl
349 3496 448 3552 39).
513 3497 600 3537 lam
635 3504 727 3538 erat
743 3498 887 3539 Publii
914 3499 1131 3552 Scipionis

258 3556 419 3595 coniux
456 3558 518 3610 (c.
554 3557 581 3598 2
604 3562 646 3596 et
666 3561 733 3612 4),
767 3564 868 3598 ante
902 3560 945 3597 in
980 3559 1132 3598 matri-

254 3615 402 3653 monio
436 3613 479 3654 T.
515 3612 618 3654 Ollii
652 3614 895 3668 Poppaeam
930 3616 1132 3659 Sabinam

255 3671 465 3730 pellicem
501 3677 545 3717 et
565 3684 666 3715 mox
686 3675 920 3735 coniugem
947 3675 1133 3720 Neronis

756 1736 798 1779 9.
832 1734 1088 1779 brittannici
1117 1733 1197 1777 Ma.

1295 1736 1362 1778 11.
1402 1736 1554 1778 caueri
1582 1733 1671 1779 Ma,
1706 1734 1981 1778 emendatum
2014 1737 2080 1775 est

911 1797 979 1839 12.
1016 1795 1098 1838 Gai
1132 1795 1337 1837 Caesaris
1369 1793 1534 1837 editor:
1576 1795 1712 1852 vulgo
1748 1794 1978 1848 Caesaris,
2011 1790 2079 1835 Ma

1208 1954 1330 2012 (Xlll
1362 1955 1443 2013 45)
1478 1961 1710 2013 genuerat.
1758 1954 1880 1997 Hanc
1910 1953 2079 1996 Messa-

1207 2014 1297 2057 lina
1331 2015 1545 2069 acerrtmo
1578 2015 1679 2057 odio
1722 2020 1956 2069 persecuta
1997 2017 2078 2065 est,

1209 2074 1326 2131 quod
1371 2073 1634 2117 Mnesterem
1685 2073 1943 2116 histrionem
1994 2071 2080 2114 sibi

1209 2147 1354 2177 carum
1371 2140 1414 2176 et
1438 2136 1532 2188 ipsa
1552 2133 1795 2176 adulterum
1809 2133 2079 2176 admisisset:

1208 2194 1292 2236 Dio
1326 2193 1398 2235 LX
1430 2196 1489 2238 22
1522 2200 1565 2236 et
1595 2193 1668 2239 28.
1732 2192 1800 2236 Cf.
1835 2207 1873 2236 c.
1906 2191 1950 2236 4.

1297 2253 1498 2295 Suillium
1517 2253 1774 2295 accusandis
1788 2253 1977 2306 utrisque
1997 2251 2081 2294 im-

1207 2313 1361 2354 mittit.-
1398 2313 1570 2354 immitti
1601 2312 1790 2367 praedae
1811 2311 1988 2366 proprie
2010 2309 2081 2351 di-

1210 2377 1364 2413 cuntur
1395 2372 1564 2413 bestiae
1593 2371 1776 2413 habenis
1801 2370 1874 2413 vel
1890 2368 2081 2412 vinculis

1208 2431 1396 2474 solutae.
1461 2431 1642 2474 Sueten.
1674 2430 1776 2472 Ner.
1808 2429 1867 2474 43
1888 2431 1914 2471 :'
1934 2429 2082 2471 urbem

1209 2491 1465 2542 incendere,
1518 2492 1625 2545 seris
1665 2490 1713 2531 in
1749 2488 1951 2545 poputum
1995 2488 2082 2530 im-

1207 2551 1362 2592 missis.
1427 2549 1522 2590 Non
1555 2550 1698 2590 minus
1740 2549 1866 2590 ferox
1910 2554 1955 2590 et
2004 2558 2081 2588 so-

1210 2608 1326 2649 lutus
1381 2607 1562 2650 Suillius
1623 2609 1666 2648 in
1718 2608 1918 2648 victimas
1980 2617 2081 2647 suas

1210 2667 1349 2709 irruit.
1415 2666 1542 2708 Gonf.
1577 2666 1637 2707 lv
1672 2666 1751 2709 19.-
1792 2667 2081 2719 immissusque

1220 2727 1358 2769 Varro
1392 2725 1553 2767 consul.
1607 2725 1880 2767 Transfertur
1910 2723 1964 2766 ad
1995 2724 2081 2764 im-

1211 2792 1357 2840 petum
1392 2784 1597 2826 hostilem
1632 2789 1676 2826 et
1708 2785 1966 2827 subitarium
1993 2780 2081 2831 *de-

1211 2844 1446 2887 notandum
1479 2843 1576 2885 XIII
1600 2843 1672 2896 54,
1693 2843 1790 2886 XIV
1811 2845 1884 2897 23,
1911 2842 1990 2886 XV
2007 2840 2079 2884 69.

1211 2904 1428 2947 Pluralem
1449 2905 1638 2958 utrisque
1668 2903 1870 2946 similiter
1891 2902 2081 2957 positum

1213 2964 1400 3021 legimus
1432 2962 1470 3004 Il
1502 2962 1576 3014 48,
1610 2961 1688 3003 XV
1721 2962 1777 3006 55
1803 2967 1846 3005 et
1876 2961 1949 3015 63,
1983 2957 2084 3002 xvl

1213 3024 1236 3067 7
1272 3029 1314 3065 et
1351 3024 1401 3064 11
1437 3028 1480 3064 et
1512 3023 1582 3065 21.
1618 3021 1668 3063 Ο.
1705 3023 1746 3064 2.

1302 3095 1455 3123 cavere
1485 3082 1595 3122 vim.-
1629 3081 1790 3132 caveri,
1825 3088 2082 3134 quamquam

1212 3155 1237 3183 a
1281 3141 1344 3183 ltla
1396 3140 1638 3181 exhibitum
1690 3144 1734 3180 et
1782 3151 1810 3180 a
1857 3136 2082 3179 Walthero

1215 3199 1576 3252 commendatum,
1610 3210 1696 3240 non
1725 3203 1871 3253 aptum
1905 3201 1970 3239 est
1994 3194 2084 3236 loci

1214 3261 1489 3302 sententiae:
1540 3271 1639 3299 nam
1681 3270 1734 3299 ea
1776 3255 1900 3300 verbi
1946 3254 2085 3297 forma

1214 3319 1412 3362 Sosibius
1444 3317 1659 3360 indicaret
1690 3318 1779 3359 vim
1811 3322 1944 3371 atque
1976 3322 2084 3367 opes

1214 3378 1486 3434 principibus
1529 3377 1723 3420 infensas
1768 3375 1904 3431 vulgo
1937 3370 2083 3415 caveri

1215 3453 1266 3480 ae
1312 3438 1557 3493 provideri:
1605 3449 1755 3478 verum
1803 3436 1887 3476 iste
1936 3433 2083 3473 monet

1218 3497 1461 3550 Claudium,
1485 3503 1530 3536 ut
1549 3497 1644 3550 ipse
1668 3498 1820 3537 caveat
1841 3492 1928 3533 vim
1953 3494 2083 3543 atque

1218 3570 1323 3611 opes
1368 3555 1638 3610 principibus
1680 3553 1888 3594 infensas.
1951 3546 2083 3588 Prin-

1218 3616 1378 3671 cipibus
1432 3616 1628 3669 infensas
1675 3611 1727 3653 ad
1774 3623 1871 3666 opes
1918 3611 2084 3649 tantum

1216 3675 1422 3733 pertinet,
1454 3685 1542 3716 non
1576 3672 1706 3716 etiam
1737 3669 1792 3714 ad
1820 3668 1918 3712 vim.
