<?xml version="1.0" encoding="UTF-8"?>
<!DOCTYPE html PUBLIC "-//W3C//DTD XHTML 1.0 Transitional//EN"
    "http://www.w3.org/TR/xhtml1/DTD/xhtml1-transitional.dtd">
<html xmlns="http://www.w3.org/1999/xhtml" xml:lang="en" lang="en">
 <head>
  <title>
</title>
<meta http-equiv="Content-Type" content="text/html;charset=utf-8" />
  <meta name='ocr-system' content='tesseract 3.04.00' />
  <meta name='ocr-capabilities' content='ocr_page ocr_carea ocr_par ocr_line ocrx_word'/>
</head>
<body>
  <div class='ocr_page' id='page_1' title='image "./operaadcodicesan01taciuoft_0746.png"; bbox 0 0 2280 4004; ppageno 0'>
   <div class='ocr_carea' id='block_1_1' title="bbox 238 266 1303 315">
    <p class='ocr_par' dir='ltr' id='par_1_1' title="bbox 238 266 1303 315">
     <span class='ocr_line' id='line_1_1' title="bbox 238 266 1303 315; baseline -0.004 -1"><span class='ocrx_word' id='word_1_1' title='bbox 238 271 328 315; x_wconf 76' lang='lat'>296</span> <span class='ocrx_word' id='word_1_2' title='bbox 1012 266 1303 311; x_wconf 79' lang='lat' dir='ltr'><strong>ANNALIVM</strong></span> 
     </span>
    </p>
   </div>
   <div class='ocr_carea' id='block_1_2' title="bbox 1814 265 2065 310">
    <p class='ocr_par' dir='ltr' id='par_1_2' title="bbox 1814 265 2065 310">
     <span class='ocr_line' id='line_1_2' title="bbox 1814 265 2065 310; baseline 0.008 -2"><span class='ocrx_word' id='word_1_3' title='bbox 1814 279 1855 308; x_wconf 77' lang='lat' dir='ltr'>a.</span> <span class='ocrx_word' id='word_1_4' title='bbox 1887 277 1932 308; x_wconf 81' lang='lat' dir='ltr'>u.</span> <span class='ocrx_word' id='word_1_5' title='bbox 1962 265 2065 310; x_wconf 87' lang='grc'>818.</span> 
     </span>
    </p>
   </div>
   <div class='ocr_carea' id='block_1_3' title="bbox 202 404 2074 1019">
    <p class='ocr_par' dir='ltr' id='par_1_3' title="bbox 202 404 2074 1019">
     <span class='ocr_line' id='line_1_3' title="bbox 243 404 2063 474; baseline 0.001 -15"><span class='ocrx_word' id='word_1_6' title='bbox 243 409 552 472; x_wconf 83' lang='lat' dir='ltr'>coniuratOS,</span> <span class='ocrx_word' id='word_1_7' title='bbox 593 411 642 458; x_wconf 91' lang='lat' dir='ltr'>et</span> <span class='ocrx_word' id='word_1_8' title='bbox 680 404 915 456; x_wconf 89' lang='lat' dir='ltr'>fortuitus</span> <span class='ocrx_word' id='word_1_9' title='bbox 951 418 1120 455; x_wconf 89' lang='lat' dir='ltr'>sermo</span> <span class='ocrx_word' id='word_1_10' title='bbox 1143 409 1192 454; x_wconf 90' lang='lat' dir='ltr'>et</span> <span class='ocrx_word' id='word_1_11' title='bbox 1214 404 1367 456; x_wconf 92' lang='lat' dir='ltr'>subiti</span> <span class='ocrx_word' id='word_1_12' title='bbox 1390 419 1653 471; x_wconf 79' lang='lat' dir='ltr'>occursuS,</span> <span class='ocrx_word' id='word_1_13' title='bbox 1691 407 1736 458; x_wconf 90' lang='lat' dir='ltr'>si</span> <span class='ocrx_word' id='word_1_14' title='bbox 1758 408 2063 474; x_wconf 88' lang='lat' dir='ltr'>convivium,</span> 
     </span>
     <span class='ocr_line' id='line_1_4' title="bbox 242 495 2070 566; baseline -0.001 -14"><span class='ocrx_word' id='word_1_15' title='bbox 242 501 285 552; x_wconf 92' lang='lat' dir='ltr'>si</span> <span class='ocrx_word' id='word_1_16' title='bbox 322 497 662 566; x_wconf 81' lang='lat' dir='ltr'>spectaculum</span> <span class='ocrx_word' id='word_1_17' title='bbox 705 495 852 546; x_wconf 92' lang='lat' dir='ltr'>simul</span> <span class='ocrx_word' id='word_1_18' title='bbox 888 495 1119 560; x_wconf 82' lang='lat' dir='ltr'>inissent,</span> <span class='ocrx_word' id='word_1_19' title='bbox 1160 510 1250 561; x_wconf 91' lang='lat' dir='ltr'>pro</span> <span class='ocrx_word' id='word_1_20' title='bbox 1288 496 1501 548; x_wconf 90' lang='lat' dir='ltr'>crimine</span> <span class='ocrx_word' id='word_1_21' title='bbox 1534 497 1727 563; x_wconf 85' lang='lat' dir='ltr'>accipi,</span> <span class='ocrx_word' id='word_1_22' title='bbox 1768 514 1880 550; x_wconf 90' lang='lat' dir='ltr'>cum</span> <span class='ocrx_word' id='word_1_23' title='bbox 1917 513 2070 566; x_wconf 88' lang='lat' dir='ltr'>super</span> 
     </span>
     <span class='ocr_line' id='line_1_5' title="bbox 240 586 2068 656; baseline -0.002 -12"><span class='ocrx_word' id='word_1_24' title='bbox 240 590 457 644; x_wconf 90' lang='lat' dir='ltr'>Neronis</span> <span class='ocrx_word' id='word_1_25' title='bbox 511 603 572 638; x_wconf 92' lang='lat' dir='ltr'>ac</span> <span class='ocrx_word' id='word_1_26' title='bbox 619 586 853 654; x_wconf 85' lang='lat' dir='ltr'>Tigellini</span> <span class='ocrx_word' id='word_1_27' title='bbox 906 601 1089 637; x_wconf 89' lang='lat' dir='ltr'>saevas</span> <span class='ocrx_word' id='word_1_28' title='bbox 1134 587 1550 652; x_wconf 82' lang='lat' dir='ltr'>percontationes</span> <span class='ocrx_word' id='word_1_29' title='bbox 1602 589 1817 640; x_wconf 85' lang='lat' dir='ltr'>Faenius</span> <span class='ocrx_word' id='word_1_30' title='bbox 1867 604 2068 656; x_wconf 88' lang='lat' dir='ltr'>quoque</span> 
     </span>
     <span class='ocr_line' id='line_1_6' title="bbox 241 678 2066 746; baseline 0 -13"><span class='ocrx_word' id='word_1_31' title='bbox 241 681 397 733; x_wconf 89' lang='lat' dir='ltr'>Rusus</span> <span class='ocrx_word' id='word_1_32' title='bbox 444 678 697 730; x_wconf 89' lang='lat' dir='ltr'>violenter</span> <span class='ocrx_word' id='word_1_33' title='bbox 742 683 1016 744; x_wconf 70' lang='lat' dir='ltr'>urgueret„</span> <span class='ocrx_word' id='word_1_34' title='bbox 1067 678 1290 729; x_wconf 90' lang='lat' dir='ltr'>nondum</span> <span class='ocrx_word' id='word_1_35' title='bbox 1347 679 1408 729; x_wconf 89' lang='lat' dir='ltr'>ab</span> <span class='ocrx_word' id='word_1_36' title='bbox 1464 680 1716 732; x_wconf 92' lang='lat' dir='ltr'>indicibus</span> <span class='ocrx_word' id='word_1_37' title='bbox 1763 681 2066 746; x_wconf 83' lang='lat' dir='ltr'>nominatuS,</span> 
     </span>
     <span class='ocr_line' id='line_1_7' title="bbox 202 769 2069 836; baseline -0.002 -10"><span class='ocrx_word' id='word_1_38' title='bbox 202 771 333 826; x_wconf 77' lang='lat' dir='ltr'>ssed</span> <span class='ocrx_word' id='word_1_39' title='bbox 368 785 466 836; x_wconf 89' lang='lat' dir='ltr'>quo</span> <span class='ocrx_word' id='word_1_40' title='bbox 507 769 655 821; x_wconf 90' lang='lat' dir='ltr'>fidem</span> <span class='ocrx_word' id='word_1_41' title='bbox 690 769 924 820; x_wconf 87' lang='lat' dir='ltr'>inscitiae</span> <span class='ocrx_word' id='word_1_42' title='bbox 958 774 1176 835; x_wconf 80' lang='lat' dir='ltr'>pararet,</span> <span class='ocrx_word' id='word_1_43' title='bbox 1223 774 1370 820; x_wconf 86' lang='lat' dir='ltr'>atrox</span> <span class='ocrx_word' id='word_1_44' title='bbox 1406 770 1653 822; x_wconf 90' lang='lat' dir='ltr'>adversus</span> <span class='ocrx_word' id='word_1_45' title='bbox 1683 772 1873 823; x_wconf 77' lang='lat' dir='ltr'>socios,</span> <span class='ocrx_word' id='word_1_46' title='bbox 1932 772 2069 824; x_wconf 85' lang='lat' dir='ltr'>Idem</span> 
     </span>
     <span class='ocr_line' id='line_1_8' title="bbox 242 861 2072 931; baseline -0.002 -15"><span class='ocrx_word' id='word_1_47' title='bbox 242 863 424 916; x_wconf 86' lang='lat' dir='ltr'>Subrio</span> <span class='ocrx_word' id='word_1_48' title='bbox 464 862 616 913; x_wconf 90' lang='lat' dir='ltr'>Flavo</span> <span class='ocrx_word' id='word_1_49' title='bbox 661 861 924 913; x_wconf 88' lang='lat' dir='ltr'>adsistenti</span> <span class='ocrx_word' id='word_1_50' title='bbox 962 861 1332 927; x_wconf 87' lang='lat' dir='ltr'>adnuentique,</span> <span class='ocrx_word' id='word_1_51' title='bbox 1386 877 1451 913; x_wconf 91' lang='lat' dir='ltr'>an</span> <span class='ocrx_word' id='word_1_52' title='bbox 1502 862 1636 914; x_wconf 91' lang='lat' dir='ltr'>inter</span> <span class='ocrx_word' id='word_1_53' title='bbox 1683 863 1842 928; x_wconf 84' lang='lat' dir='ltr'>ipsam</span> <span class='ocrx_word' id='word_1_54' title='bbox 1884 863 2072 931; x_wconf 89' lang='lat' dir='ltr'>cogni-</span> 
     </span>
     <span class='ocr_line' id='line_1_9' title="bbox 240 936 2074 1019; baseline 0 -14"><span class='ocrx_word' id='word_1_55' title='bbox 240 955 430 1005; x_wconf 88' lang='lat' dir='ltr'>tionem</span> <span class='ocrx_word' id='word_1_56' title='bbox 475 952 818 1019; x_wconf 86' lang='lat' dir='ltr'>destringeret</span> <span class='ocrx_word' id='word_1_57' title='bbox 853 952 1076 1019; x_wconf 84' lang='lat' dir='ltr'>gladium</span> <span class='ocrx_word' id='word_1_58' title='bbox 1120 952 1428 1018; x_wconf 89' lang='lat' dir='ltr'>caedemque</span> <span class='ocrx_word' id='word_1_59' title='bbox 1462 958 1712 1018; x_wconf 87' lang='lat' dir='ltr'>patraret,</span> <span class='ocrx_word' id='word_1_60' title='bbox 1769 936 1937 1004; x_wconf 80' lang='lat' dir='ltr'>renuit</span> <span class='ocrx_word' id='word_1_61' title='bbox 1975 954 2074 1005; x_wconf 84' lang='lat' dir='ltr'>-in-</span> 
     </span>
    </p>
   </div>
   <div class='ocr_carea' id='block_1_4' title="bbox 242 1043 2156 1112">
    <p class='ocr_par' dir='ltr' id='par_1_4' title="bbox 242 1043 2156 1112">
     <span class='ocr_line' id='line_1_10' title="bbox 242 1043 2156 1112; baseline 0.001 -15"><span class='ocrx_word' id='word_1_62' title='bbox 242 1046 496 1112; x_wconf 89' lang='lat' dir='ltr'>fregitque</span> <span class='ocrx_word' id='word_1_63' title='bbox 536 1045 771 1109; x_wconf 91' lang='lat' dir='ltr'>impetum</span> <span class='ocrx_word' id='word_1_64' title='bbox 811 1043 909 1094; x_wconf 88' lang='lat' dir='ltr'>iam</span> <span class='ocrx_word' id='word_1_65' title='bbox 947 1058 1145 1094; x_wconf 87' lang='lat' dir='ltr'>manum</span> <span class='ocrx_word' id='word_1_66' title='bbox 1185 1043 1249 1093; x_wconf 89' lang='lat' dir='ltr'>ad</span> <span class='ocrx_word' id='word_1_67' title='bbox 1289 1043 1517 1109; x_wconf 89' lang='lat' dir='ltr'>capulum</span> <span class='ocrx_word' id='word_1_68' title='bbox 1553 1045 1840 1095; x_wconf 84' lang='lat' dir='ltr'>referentiS.</span> <span class='ocrx_word' id='word_1_69' title='bbox 1909 1045 2156 1099; x_wconf 84' lang='lat' dir='ltr'>Fuere59</span> 
     </span>
    </p>
   </div>
   <div class='ocr_carea' id='block_1_5' title="bbox 178 1134 2074 1303">
    <p class='ocr_par' dir='ltr' id='par_1_5' title="bbox 178 1134 2074 1303">
     <span class='ocr_line' id='line_1_11' title="bbox 244 1134 2074 1203; baseline 0 -16"><span class='ocrx_word' id='word_1_70' title='bbox 244 1138 327 1203; x_wconf 89' lang='lat' dir='ltr'>qui</span> <span class='ocrx_word' id='word_1_71' title='bbox 362 1136 562 1202; x_wconf 89' lang='lat' dir='ltr'>prodita</span> <span class='ocrx_word' id='word_1_72' title='bbox 603 1135 986 1199; x_wconf 92' lang='lat' dir='ltr'>coniuratione,</span> <span class='ocrx_word' id='word_1_73' title='bbox 1025 1134 1140 1185; x_wconf 91' lang='lat' dir='ltr'>dum</span> <span class='ocrx_word' id='word_1_74' title='bbox 1180 1135 1381 1186; x_wconf 90' lang='lat' dir='ltr'>auditur</span> <span class='ocrx_word' id='word_1_75' title='bbox 1414 1135 1646 1187; x_wconf 82' lang='lat' dir='ltr'>Milichus</span> <span class='ocrx_word' id='word_1_76' title='bbox 1669 1175 1683 1200; x_wconf 93' lang='lat'>,</span> <span class='ocrx_word' id='word_1_77' title='bbox 1725 1136 1840 1187; x_wconf 92' lang='lat' dir='ltr'>dum</span> <span class='ocrx_word' id='word_1_78' title='bbox 1881 1136 2074 1187; x_wconf 85' lang='lat' dir='ltr'>dubitat</span> 
     </span>
     <span class='ocr_line' id='line_1_12' title="bbox 178 1226 2072 1303; baseline 0.001 -26"><span class='ocrx_word' id='word_1_79' title='bbox 178 1243 226 1278; x_wconf 80' lang='grc' dir='ltr'>ιο</span> <span class='ocrx_word' id='word_1_80' title='bbox 242 1227 550 1291; x_wconf 80' lang='lat' dir='ltr'>ScaevinUS,</span> <span class='ocrx_word' id='word_1_81' title='bbox 591 1227 917 1277; x_wconf 87' lang='lat' dir='ltr'>hortarentur</span> <span class='ocrx_word' id='word_1_82' title='bbox 951 1226 1184 1277; x_wconf 89' lang='lat' dir='ltr'>Pisonem</span> <span class='ocrx_word' id='word_1_83' title='bbox 1224 1240 1441 1293; x_wconf 89' lang='lat' dir='ltr'>pergere</span> <span class='ocrx_word' id='word_1_84' title='bbox 1478 1228 1530 1276; x_wconf 92' lang='lat' dir='ltr'>in</span> <span class='ocrx_word' id='word_1_85' title='bbox 1570 1231 1735 1278; x_wconf 88' lang='lat' dir='ltr'>castra</span> <span class='ocrx_word' id='word_1_86' title='bbox 1770 1233 1855 1278; x_wconf 90' lang='lat' dir='ltr'>aut</span> <span class='ocrx_word' id='word_1_87' title='bbox 1889 1228 2072 1303; x_wconf 84' lang='lat' dir='ltr'>Rostra</span> 
     </span>
    </p>
   </div>
   <div class='ocr_carea' id='block_1_6' title="bbox 243 1304 2142 1383">
    <p class='ocr_par' dir='ltr' id='par_1_6' title="bbox 243 1304 2142 1383">
     <span class='ocr_line' id='line_1_13' title="bbox 243 1304 2142 1383; baseline -0.001 -12"><span class='ocrx_word' id='word_1_88' title='bbox 243 1319 543 1382; x_wconf 83' lang='lat' dir='ltr'>escendere,</span> <span class='ocrx_word' id='word_1_89' title='bbox 581 1318 846 1383; x_wconf 88' lang='lat' dir='ltr'>studiaque</span> <span class='ocrx_word' id='word_1_90' title='bbox 882 1317 1092 1367; x_wconf 89' lang='lat' dir='ltr'>militum</span> <span class='ocrx_word' id='word_1_91' title='bbox 1129 1322 1178 1367; x_wconf 90' lang='lat' dir='ltr'>et</span> <span class='ocrx_word' id='word_1_92' title='bbox 1203 1317 1370 1383; x_wconf 87' lang='lat' dir='ltr'>populi</span> <span class='ocrx_word' id='word_1_93' title='bbox 1398 1322 1656 1383; x_wconf 90' lang='lat' dir='ltr'>temptare.</span> <span class='ocrx_word' id='word_1_94' title='bbox 1720 1318 1771 1370; x_wconf 92' lang='lat' dir='ltr'>Si</span> <span class='ocrx_word' id='word_1_95' title='bbox 1808 1318 2073 1369; x_wconf 82' lang='lat' dir='ltr'>conatibus</span> <span class='ocrx_word' id='word_1_96' title='bbox 2138 1304 2142 1308; x_wconf 38' lang='lat'><strong>⁴</strong></span> 
     </span>
    </p>
   </div>
   <div class='ocr_carea' id='block_1_7' title="bbox 243 1409 2078 1568">
    <p class='ocr_par' dir='ltr' id='par_1_7' title="bbox 243 1409 2078 1568">
     <span class='ocr_line' id='line_1_14' title="bbox 244 1409 2078 1476; baseline -0.001 -15"><span class='ocrx_word' id='word_1_97' title='bbox 244 1411 352 1462; x_wconf 93' lang='lat' dir='ltr'>eius</span> <span class='ocrx_word' id='word_1_98' title='bbox 411 1410 606 1460; x_wconf 91' lang='lat' dir='ltr'>conscii</span> <span class='ocrx_word' id='word_1_99' title='bbox 654 1409 1091 1476; x_wconf 86' lang='lat' dir='ltr'>adgregarentur,</span> <span class='ocrx_word' id='word_1_100' title='bbox 1145 1413 1412 1459; x_wconf 92' lang='lat' dir='ltr'>secuturos</span> <span class='ocrx_word' id='word_1_101' title='bbox 1461 1409 1608 1460; x_wconf 87' lang='lat' dir='ltr'>etiam</span> <span class='ocrx_word' id='word_1_102' title='bbox 1650 1409 1910 1476; x_wconf 65' lang='lat' dir='ltr'>integros}</span> <span class='ocrx_word' id='word_1_103' title='bbox 1965 1425 2078 1460; x_wconf 86' lang='lat' dir='ltr'>ma-</span> 
     </span>
     <span class='ocr_line' id='line_1_15' title="bbox 243 1499 2075 1568; baseline 0.001 -17"><span class='ocrx_word' id='word_1_104' title='bbox 243 1516 495 1568; x_wconf 90' lang='lat' dir='ltr'>gnamque</span> <span class='ocrx_word' id='word_1_105' title='bbox 536 1505 703 1551; x_wconf 90' lang='lat' dir='ltr'>motae</span> <span class='ocrx_word' id='word_1_106' title='bbox 738 1500 813 1551; x_wconf 88' lang='lat' dir='ltr'>rei</span> <span class='ocrx_word' id='word_1_107' title='bbox 854 1500 1053 1564; x_wconf 88' lang='lat' dir='ltr'>famam,</span> <span class='ocrx_word' id='word_1_108' title='bbox 1097 1514 1226 1565; x_wconf 89' lang='lat' dir='ltr'>quae</span> <span class='ocrx_word' id='word_1_109' title='bbox 1263 1500 1529 1565; x_wconf 90' lang='lat' dir='ltr'>plurimum</span> <span class='ocrx_word' id='word_1_110' title='bbox 1567 1501 1620 1550; x_wconf 93' lang='lat' dir='ltr'>in</span> <span class='ocrx_word' id='word_1_111' title='bbox 1660 1499 1808 1552; x_wconf 92' lang='lat' dir='ltr'>novis</span> <span class='ocrx_word' id='word_1_112' title='bbox 1847 1499 2075 1552; x_wconf 88' lang='lat' dir='ltr'>consiliis</span> 
     </span>
    </p>
   </div>
   <div class='ocr_carea' id='block_1_8' title="bbox 243 1594 452 1644">
    <p class='ocr_par' dir='ltr' id='par_1_8' title="bbox 243 1594 452 1644">
     <span class='ocr_line' id='line_1_16' title="bbox 243 1594 452 1644; baseline -0.01 0"><span class='ocrx_word' id='word_1_113' title='bbox 243 1594 452 1644; x_wconf 88' lang='lat' dir='ltr'>valeret.</span> 
     </span>
    </p>
   </div>
   <div class='ocr_carea' id='block_1_9' title="bbox 526 1591 2076 1656">
    <p class='ocr_par' dir='ltr' id='par_1_9' title="bbox 526 1591 2076 1656">
     <span class='ocr_line' id='line_1_17' title="bbox 526 1591 2076 1656; baseline 0.001 -14"><span class='ocrx_word' id='word_1_114' title='bbox 526 1592 658 1643; x_wconf 88' lang='lat' dir='ltr'>Nihil</span> <span class='ocrx_word' id='word_1_115' title='bbox 694 1591 962 1642; x_wconf 90' lang='lat' dir='ltr'>adversum</span> <span class='ocrx_word' id='word_1_116' title='bbox 998 1591 1126 1641; x_wconf 88' lang='lat' dir='ltr'>haec</span> <span class='ocrx_word' id='word_1_117' title='bbox 1163 1592 1356 1642; x_wconf 88' lang='lat' dir='ltr'>Neroni</span> <span class='ocrx_word' id='word_1_118' title='bbox 1393 1591 1668 1656; x_wconf 89' lang='lat' dir='ltr'>provisum.</span> <span class='ocrx_word' id='word_1_119' title='bbox 1730 1591 1890 1643; x_wconf 86' lang='lat' dir='ltr'>Etiam</span> <span class='ocrx_word' id='word_1_120' title='bbox 1917 1591 2076 1643; x_wconf 85' lang='lat' dir='ltr'>sortes</span> 
     </span>
    </p>
   </div>
   <div class='ocr_carea' id='block_1_10' title="bbox 181 1681 2078 1749">
    <p class='ocr_par' dir='ltr' id='par_1_10' title="bbox 181 1681 2078 1749">
     <span class='ocr_line' id='line_1_18' title="bbox 181 1681 2078 1749; baseline -0.001 -14"><span class='ocrx_word' id='word_1_121' title='bbox 181 1685 385 1736; x_wconf 67' lang='lat' dir='ltr'>iiiviros</span> <span class='ocrx_word' id='word_1_122' title='bbox 424 1683 602 1734; x_wconf 84' lang='lat' dir='ltr'>subitis</span> <span class='ocrx_word' id='word_1_123' title='bbox 643 1682 854 1746; x_wconf 91' lang='lat' dir='ltr'>terreri,</span> <span class='ocrx_word' id='word_1_124' title='bbox 900 1681 1086 1733; x_wconf 88' lang='lat' dir='ltr'>nedum</span> <span class='ocrx_word' id='word_1_125' title='bbox 1120 1681 1205 1733; x_wconf 91' lang='lat' dir='ltr'>ille</span> <span class='ocrx_word' id='word_1_126' title='bbox 1244 1683 1508 1746; x_wconf 83' lang='lat' dir='ltr'>scenicuS,</span> <span class='ocrx_word' id='word_1_127' title='bbox 1569 1681 1819 1749; x_wconf 83' lang='lat' dir='ltr'>Tigellino</span> <span class='ocrx_word' id='word_1_128' title='bbox 1879 1682 2078 1734; x_wconf 85' lang='lat' dir='ltr'>scilicet</span> 
     </span>
    </p>
   </div>
   <div class='ocr_carea' id='block_1_11' title="bbox 245 1773 1852 1932">
    <p class='ocr_par' dir='ltr' id='par_1_11' title="bbox 245 1773 1852 1932">
     <span class='ocr_line' id='line_1_19' title="bbox 247 1773 1852 1840; baseline -0.002 -14"><span class='ocrx_word' id='word_1_129' title='bbox 247 1791 357 1826; x_wconf 91' lang='lat' dir='ltr'>cum</span> <span class='ocrx_word' id='word_1_130' title='bbox 406 1773 671 1840; x_wconf 86' lang='lat' dir='ltr'>pellicibus</span> <span class='ocrx_word' id='word_1_131' title='bbox 727 1773 832 1824; x_wconf 92' lang='lat' dir='ltr'>suis</span> <span class='ocrx_word' id='word_1_132' title='bbox 892 1773 1191 1837; x_wconf 86' lang='lat' dir='ltr'>comitante,</span> <span class='ocrx_word' id='word_1_133' title='bbox 1253 1788 1390 1823; x_wconf 90' lang='lat' dir='ltr'>arma</span> <span class='ocrx_word' id='word_1_134' title='bbox 1448 1778 1622 1824; x_wconf 88' lang='lat' dir='ltr'>contra</span> <span class='ocrx_word' id='word_1_135' title='bbox 1679 1773 1852 1824; x_wconf 89' lang='lat' dir='ltr'>cieret.</span> 
     </span>
     <span class='ocr_line' id='line_1_20' title="bbox 245 1863 1793 1932; baseline -0.003 -14"><span class='ocrx_word' id='word_1_136' title='bbox 245 1866 557 1932; x_wconf 87' lang='lat' dir='ltr'>experiendo</span> <span class='ocrx_word' id='word_1_137' title='bbox 599 1864 824 1928; x_wconf 88' lang='lat' dir='ltr'>confieri,</span> <span class='ocrx_word' id='word_1_138' title='bbox 867 1879 995 1930; x_wconf 89' lang='lat' dir='ltr'>quae</span> <span class='ocrx_word' id='word_1_139' title='bbox 1034 1864 1277 1931; x_wconf 90' lang='lat' dir='ltr'>segnibus</span> <span class='ocrx_word' id='word_1_140' title='bbox 1315 1863 1472 1914; x_wconf 92' lang='lat' dir='ltr'>ardua</span> <span class='ocrx_word' id='word_1_141' title='bbox 1509 1864 1793 1915; x_wconf 90' lang='lat' dir='ltr'>videantur.</span> 
     </span>
    </p>
   </div>
   <div class='ocr_carea' id='block_1_12' title="bbox 1871 1773 2075 1916">
    <p class='ocr_par' dir='ltr' id='par_1_12' title="bbox 1871 1773 2075 1916">
     <span class='ocr_line' id='line_1_21' title="bbox 1925 1773 2075 1826; baseline -0.02 0"><span class='ocrx_word' id='word_1_142' title='bbox 1925 1773 2075 1826; x_wconf 86' lang='lat' dir='ltr'>Multa</span> 
     </span>
     <span class='ocr_line' id='line_1_22' title="bbox 1871 1864 2075 1916; baseline 0.005 -1"><span class='ocrx_word' id='word_1_143' title='bbox 1871 1864 2075 1916; x_wconf 87' lang='lat' dir='ltr'>Frustra</span> 
     </span>
    </p>
   </div>
   <div class='ocr_carea' id='block_1_13' title="bbox 243 1955 2074 2021">
    <p class='ocr_par' dir='ltr' id='par_1_13' title="bbox 243 1955 2074 2021">
     <span class='ocr_line' id='line_1_23' title="bbox 243 1955 2074 2021; baseline -0.002 -11"><span class='ocrx_word' id='word_1_144' title='bbox 243 1957 499 2010; x_wconf 89' lang='lat' dir='ltr'>silentium</span> <span class='ocrx_word' id='word_1_145' title='bbox 552 1961 601 2008; x_wconf 90' lang='lat' dir='ltr'>et</span> <span class='ocrx_word' id='word_1_146' title='bbox 648 1956 797 2007; x_wconf 89' lang='lat' dir='ltr'>fidem</span> <span class='ocrx_word' id='word_1_147' title='bbox 851 1956 902 2005; x_wconf 91' lang='lat' dir='ltr'>in</span> <span class='ocrx_word' id='word_1_148' title='bbox 948 1961 1023 2007; x_wconf 92' lang='lat' dir='ltr'>tot</span> <span class='ocrx_word' id='word_1_149' title='bbox 1078 1955 1400 2007; x_wconf 89' lang='lat' dir='ltr'>consciorum</span> <span class='ocrx_word' id='word_1_150' title='bbox 1457 1955 1635 2006; x_wconf 89' lang='lat' dir='ltr'>animis</span> <span class='ocrx_word' id='word_1_151' title='bbox 1688 1960 1737 2006; x_wconf 91' lang='lat' dir='ltr'>et</span> <span class='ocrx_word' id='word_1_152' title='bbox 1774 1955 2074 2021; x_wconf 88' lang='lat' dir='ltr'>corporibus</span> 
     </span>
    </p>
   </div>
   <div class='ocr_carea' id='block_1_14' title="bbox 244 2047 1751 2115">
    <p class='ocr_par' dir='ltr' id='par_1_14' title="bbox 244 2047 1751 2115">
     <span class='ocr_line' id='line_1_24' title="bbox 244 2047 1751 2115; baseline -0.003 -15"><span class='ocrx_word' id='word_1_153' title='bbox 244 2048 463 2115; x_wconf 90' lang='lat' dir='ltr'>sperari:</span> <span class='ocrx_word' id='word_1_154' title='bbox 517 2047 762 2098; x_wconf 89' lang='lat' dir='ltr'>cruciatui</span> <span class='ocrx_word' id='word_1_155' title='bbox 803 2052 887 2097; x_wconf 90' lang='lat' dir='ltr'>aut</span> <span class='ocrx_word' id='word_1_156' title='bbox 918 2047 1145 2112; x_wconf 86' lang='lat' dir='ltr'>praemio</span> <span class='ocrx_word' id='word_1_157' title='bbox 1188 2051 1367 2097; x_wconf 90' lang='lat' dir='ltr'>cuncta</span> <span class='ocrx_word' id='word_1_158' title='bbox 1404 2047 1578 2112; x_wconf 88' lang='lat' dir='ltr'>pervia</span> <span class='ocrx_word' id='word_1_159' title='bbox 1618 2062 1751 2098; x_wconf 90' lang='lat' dir='ltr'>esse.</span> 
     </span>
    </p>
   </div>
   <div class='ocr_carea' id='block_1_15' title="bbox 1823 2047 2075 2098">
    <p class='ocr_par' dir='ltr' id='par_1_15' title="bbox 1823 2047 2075 2098">
     <span class='ocr_line' id='line_1_25' title="bbox 1823 2047 2075 2098; baseline 0 0"><span class='ocrx_word' id='word_1_160' title='bbox 1823 2047 2075 2098; x_wconf 88' lang='lat' dir='ltr'>Venturos</span> 
     </span>
    </p>
   </div>
   <div class='ocr_carea' id='block_1_16' title="bbox 180 2137 2073 2206">
    <p class='ocr_par' dir='ltr' id='par_1_16' title="bbox 180 2137 2073 2206">
     <span class='ocr_line' id='line_1_26' title="bbox 180 2137 2073 2206; baseline -0.002 -16"><span class='ocrx_word' id='word_1_161' title='bbox 180 2168 228 2204; x_wconf 77' lang='lat'>20</span> <span class='ocrx_word' id='word_1_162' title='bbox 246 2140 328 2206; x_wconf 89' lang='lat' dir='ltr'>qui</span> <span class='ocrx_word' id='word_1_163' title='bbox 356 2140 516 2206; x_wconf 89' lang='lat' dir='ltr'>ipsum</span> <span class='ocrx_word' id='word_1_164' title='bbox 550 2154 749 2205; x_wconf 91' lang='lat' dir='ltr'>quoque</span> <span class='ocrx_word' id='word_1_165' title='bbox 770 2139 1039 2203; x_wconf 84' lang='lat' dir='ltr'>vincirent,</span> <span class='ocrx_word' id='word_1_166' title='bbox 1081 2143 1339 2204; x_wconf 90' lang='lat' dir='ltr'>postremo</span> <span class='ocrx_word' id='word_1_167' title='bbox 1378 2138 1588 2204; x_wconf 88' lang='lat' dir='ltr'>indigna</span> <span class='ocrx_word' id='word_1_168' title='bbox 1621 2154 1748 2189; x_wconf 91' lang='lat' dir='ltr'>nece</span> <span class='ocrx_word' id='word_1_169' title='bbox 1781 2137 2073 2191; x_wconf 80' lang='lat' dir='ltr'>adficerent.</span> 
     </span>
    </p>
   </div>
   <div class='ocr_carea' id='block_1_17' title="bbox 366 2277 1794 2571">
    <p class='ocr_par' dir='ltr' id='par_1_17' title="bbox 366 2277 1794 2571">
     <span class='ocr_line' id='line_1_27' title="bbox 366 2277 1586 2334; baseline 0 -14"><span class='ocrx_word' id='word_1_170' title='bbox 366 2281 404 2320; x_wconf 92' lang='lat'>1.</span> <span class='ocrx_word' id='word_1_171' title='bbox 440 2286 479 2320; x_wconf 85' lang='lat' dir='ltr'>et</span> <span class='ocrx_word' id='word_1_172' title='bbox 510 2278 785 2321; x_wconf 87' lang='lat' dir='ltr'>Waltherus:</span> <span class='ocrx_word' id='word_1_173' title='bbox 821 2277 923 2320; x_wconf 73' lang='lat' dir='ltr'>GMa</span> <span class='ocrx_word' id='word_1_174' title='bbox 954 2292 1050 2320; x_wconf 88' lang='lat' dir='ltr'>cum</span> <span class='ocrx_word' id='word_1_175' title='bbox 1083 2277 1307 2334; x_wconf 89' lang='lat' dir='ltr'>plerisque</span> <span class='ocrx_word' id='word_1_176' title='bbox 1341 2279 1435 2332; x_wconf 86' lang='lat' dir='ltr'>sed,</span> <span class='ocrx_word' id='word_1_177' title='bbox 1469 2278 1502 2320; x_wconf 91' lang='lat' dir='ltr'>B</span> <span class='ocrx_word' id='word_1_178' title='bbox 1537 2280 1586 2320; x_wconf 82' lang='lat' dir='ltr'>si.</span> 
     </span>
     <span class='ocr_line' id='line_1_28' title="bbox 644 2337 1341 2394; baseline -0.007 -12"><span class='ocrx_word' id='word_1_179' title='bbox 644 2338 687 2382; x_wconf 84' lang='lat'>4.</span> <span class='ocrx_word' id='word_1_180' title='bbox 732 2346 935 2392; x_wconf 70' lang='lat' dir='ltr'>uryueret</span> <span class='ocrx_word' id='word_1_181' title='bbox 967 2337 1057 2380; x_wconf 68' lang='lat' dir='ltr'>Ma:</span> <span class='ocrx_word' id='word_1_182' title='bbox 1090 2346 1263 2394; x_wconf 73' lang='lat' dir='ltr'>urqeret</span> <span class='ocrx_word' id='word_1_183' title='bbox 1295 2337 1341 2380; x_wconf 92' lang='lat' dir='ltr'>G.</span> 
     </span>
     <span class='ocr_line' id='line_1_29' title="bbox 924 2396 1794 2452; baseline 0.001 -13"><span class='ocrx_word' id='word_1_184' title='bbox 924 2400 991 2440; x_wconf 93' lang='grc'>11.</span> <span class='ocrx_word' id='word_1_185' title='bbox 1026 2399 1253 2439; x_wconf 83' lang='lat' dir='ltr'>escendere</span> <span class='ocrx_word' id='word_1_186' title='bbox 1275 2397 1355 2452; x_wconf 74' lang='lat' dir='ltr'>Ma,</span> <span class='ocrx_word' id='word_1_187' title='bbox 1390 2398 1676 2439; x_wconf 80' lang='lat' dir='ltr'>conscendere</span> <span class='ocrx_word' id='word_1_188' title='bbox 1707 2396 1794 2440; x_wconf 90' lang='lat' dir='ltr'>BG.</span> 
     </span>
     <span class='ocr_line' id='line_1_30' title="bbox 905 2456 1320 2510; baseline 0.005 -12"><span class='ocrx_word' id='word_1_189' title='bbox 905 2457 1014 2498; x_wconf 77' lang='lat' dir='ltr'>haec</span> <span class='ocrx_word' id='word_1_190' title='bbox 1044 2456 1125 2510; x_wconf 69' lang='lat' dir='ltr'>Ma,</span> <span class='ocrx_word' id='word_1_191' title='bbox 1163 2458 1244 2498; x_wconf 83' lang='lat' dir='ltr'>hoc</span> <span class='ocrx_word' id='word_1_192' title='bbox 1273 2456 1320 2500; x_wconf 91' lang='lat' dir='ltr'>G.</span> 
     </span>
     <span class='ocr_line' id='line_1_31' title="bbox 636 2515 1238 2571; baseline 0.003 -15"><span class='ocrx_word' id='word_1_193' title='bbox 636 2518 701 2559; x_wconf 88' lang='lat'>17.</span> <span class='ocrx_word' id='word_1_194' title='bbox 735 2517 912 2570; x_wconf 79' lang='lat' dir='ltr'>confieri</span> <span class='ocrx_word' id='word_1_195' title='bbox 947 2515 1026 2569; x_wconf 74' lang='lat' dir='ltr'>Ma,</span> <span class='ocrx_word' id='word_1_196' title='bbox 1061 2518 1159 2571; x_wconf 78' lang='lat' dir='ltr'>fieri</span> <span class='ocrx_word' id='word_1_197' title='bbox 1191 2517 1238 2558; x_wconf 92' lang='lat' dir='ltr'>G.</span> 
     </span>
    </p>
   </div>
   <div class='ocr_carea' id='block_1_18' title="bbox 239 2338 817 2558">
    <p class='ocr_par' dir='ltr' id='par_1_18' title="bbox 239 2338 817 2558">
     <span class='ocr_line' id='line_1_32' title="bbox 239 2338 572 2394; baseline 0.003 -15"><span class='ocrx_word' id='word_1_198' title='bbox 239 2346 464 2394; x_wconf 79' lang='lat' dir='ltr'>percunct.</span> <span class='ocrx_word' id='word_1_199' title='bbox 500 2338 572 2381; x_wconf 83' lang='lat' dir='ltr'>Or.</span> 
     </span>
     <span class='ocr_line' id='line_1_33' title="bbox 246 2396 817 2452; baseline 0.004 -14"><span class='ocrx_word' id='word_1_200' title='bbox 246 2411 322 2452; x_wconf 81' lang='lat' dir='ltr'>que</span> <span class='ocrx_word' id='word_1_201' title='bbox 355 2396 435 2440; x_wconf 75' lang='lat' dir='ltr'>Ma.</span> <span class='ocrx_word' id='word_1_202' title='bbox 531 2399 707 2439; x_wconf 82' lang='lat' dir='ltr'>rennuit</span> <span class='ocrx_word' id='word_1_203' title='bbox 737 2397 817 2440; x_wconf 64' lang='lat' dir='ltr'>Ma.</span> 
     </span>
     <span class='ocr_line' id='line_1_34' title="bbox 243 2455 809 2511; baseline 0.005 -15"><span class='ocrx_word' id='word_1_204' title='bbox 243 2471 309 2511; x_wconf 71' lang='lat' dir='ltr'>qr.</span> <span class='ocrx_word' id='word_1_205' title='bbox 344 2456 414 2500; x_wconf 88' lang='lat' dir='ltr'>Or.</span> <span class='ocrx_word' id='word_1_206' title='bbox 453 2459 520 2499; x_wconf 80' lang='lat'>14.</span> <span class='ocrx_word' id='word_1_207' title='bbox 558 2457 695 2498; x_wconf 76' lang='lat' dir='ltr'>nichil</span> <span class='ocrx_word' id='word_1_208' title='bbox 729 2455 809 2499; x_wconf 72' lang='lat' dir='ltr'>Ma.</span> 
     </span>
     <span class='ocr_line' id='line_1_35' title="bbox 245 2514 507 2558; baseline 0.011 -3"><span class='ocrx_word' id='word_1_209' title='bbox 245 2515 395 2557; x_wconf 80' lang='lat' dir='ltr'>licibus</span> <span class='ocrx_word' id='word_1_210' title='bbox 427 2514 507 2558; x_wconf 71' lang='lat' dir='ltr'>Ma.</span> 
     </span>
    </p>
   </div>
   <div class='ocr_carea' id='block_1_19' title="bbox 1387 2277 2077 2572">
    <p class='ocr_par' dir='ltr' id='par_1_19' title="bbox 1387 2277 2077 2572">
     <span class='ocr_line' id='line_1_36' title="bbox 1711 2277 2074 2335; baseline 0 -13"><span class='ocrx_word' id='word_1_211' title='bbox 1711 2279 1753 2322; x_wconf 88' lang='grc'>3.</span> <span class='ocrx_word' id='word_1_212' title='bbox 1788 2277 1964 2335; x_wconf 74' lang='lat' dir='ltr'>tiqillini</span> <span class='ocrx_word' id='word_1_213' title='bbox 1994 2277 2074 2322; x_wconf 67' lang='lat' dir='ltr'>Ma.</span> 
     </span>
     <span class='ocr_line' id='line_1_37' title="bbox 1435 2337 2075 2381; baseline -0.003 0"><span class='ocrx_word' id='word_1_214' title='bbox 1435 2339 1477 2381; x_wconf 88' lang='lat'>6.</span> <span class='ocrx_word' id='word_1_215' title='bbox 1512 2339 1632 2380; x_wconf 71' lang='lat' dir='ltr'>asise.</span> <span class='ocrx_word' id='word_1_216' title='bbox 1668 2337 1748 2380; x_wconf 69' lang='lat' dir='ltr'>Ma.</span> <span class='ocrx_word' id='word_1_217' title='bbox 1831 2339 1871 2381; x_wconf 90' lang='lat'>7.</span> <span class='ocrx_word' id='word_1_218' title='bbox 1907 2337 2075 2380; x_wconf 82' lang='lat' dir='ltr'>cedem-</span> 
     </span>
     <span class='ocr_line' id='line_1_38' title="bbox 1892 2399 2077 2454; baseline -0.022 -16"><span class='ocrx_word' id='word_1_219' title='bbox 1892 2399 1958 2442; x_wconf 86' lang='lat'>12.</span> <span class='ocrx_word' id='word_1_220' title='bbox 1993 2410 2077 2454; x_wconf 71' lang='lat'>“9-</span> 
     </span>
     <span class='ocr_line' id='line_1_39' title="bbox 1399 2455 2076 2512; baseline -0.007 -13"><span class='ocrx_word' id='word_1_221' title='bbox 1399 2459 1465 2499; x_wconf 87' lang='grc'>15.</span> <span class='ocrx_word' id='word_1_222' title='bbox 1501 2457 1683 2512; x_wconf 68' lang='lat' dir='ltr'>tiqillino</span> <span class='ocrx_word' id='word_1_223' title='bbox 1720 2455 1797 2498; x_wconf 70' lang='lat' dir='ltr'>Ma.</span> <span class='ocrx_word' id='word_1_224' title='bbox 1894 2457 1962 2499; x_wconf 88' lang='grc'>16.</span> <span class='ocrx_word' id='word_1_225' title='bbox 1994 2471 2076 2512; x_wconf 81' lang='lat' dir='ltr'>pe-</span> 
     </span>
     <span class='ocr_line' id='line_1_40' title="bbox 1387 2514 2072 2572; baseline 0.001 -14"><span class='ocrx_word' id='word_1_226' title='bbox 1387 2516 1453 2559; x_wconf 90' lang='lat'>19.</span> <span class='ocrx_word' id='word_1_227' title='bbox 1487 2530 1664 2572; x_wconf 84' lang='lat' dir='ltr'>sperare</span> <span class='ocrx_word' id='word_1_228' title='bbox 1697 2515 1786 2558; x_wconf 68' lang='lat' dir='ltr'>Ma:</span> <span class='ocrx_word' id='word_1_229' title='bbox 1818 2516 1991 2572; x_wconf 76' lang='lat' dir='ltr'>sperari</span> <span class='ocrx_word' id='word_1_230' title='bbox 2023 2514 2072 2559; x_wconf 89' lang='lat' dir='ltr'>G.</span> 
     </span>
    </p>
   </div>
   <div class='ocr_carea' id='block_1_20' title="bbox 246 2574 1764 2628">
    <p class='ocr_par' dir='ltr' id='par_1_20' title="bbox 246 2574 1764 2628">
     <span class='ocr_line' id='line_1_41' title="bbox 246 2574 1764 2628; baseline 0.001 -13"><span class='ocrx_word' id='word_1_231' title='bbox 246 2576 460 2616; x_wconf 82' lang='lat' dir='ltr'>cruciatui</span> <span class='ocrx_word' id='word_1_232' title='bbox 490 2574 571 2628; x_wconf 71' lang='lat' dir='ltr'>Ma,</span> <span class='ocrx_word' id='word_1_233' title='bbox 609 2577 806 2617; x_wconf 83' lang='lat' dir='ltr'>cruciatu</span> <span class='ocrx_word' id='word_1_234' title='bbox 840 2577 889 2618; x_wconf 85' lang='lat' dir='ltr'>G.</span> <span class='ocrx_word' id='word_1_235' title='bbox 929 2609 931 2611; x_wconf 85' lang='lat'>-</span> <span class='ocrx_word' id='word_1_236' title='bbox 985 2577 1057 2620; x_wconf 82' lang='lat'>20.</span> <span class='ocrx_word' id='word_1_237' title='bbox 1090 2577 1315 2617; x_wconf 79' lang='lat' dir='ltr'>uincerent</span> <span class='ocrx_word' id='word_1_238' title='bbox 1348 2574 1436 2618; x_wconf 70' lang='lat' dir='ltr'>Ma:</span> <span class='ocrx_word' id='word_1_239' title='bbox 1469 2577 1686 2618; x_wconf 82' lang='lat' dir='ltr'>uincirent</span> <span class='ocrx_word' id='word_1_240' title='bbox 1717 2574 1764 2617; x_wconf 89' lang='lat' dir='ltr'>G.</span> 
     </span>
    </p>
   </div>
   <div class='ocr_carea' id='block_1_21' title="bbox 242 2716 1122 3719">
    <p class='ocr_par' dir='ltr' id='par_1_21' title="bbox 242 2716 1122 3657">
     <span class='ocr_line' id='line_1_42' title="bbox 244 2716 1122 2773; baseline 0 -15"><span class='ocrx_word' id='word_1_241' title='bbox 244 2717 372 2759; x_wconf 89' lang='lat' dir='ltr'>nibus</span> <span class='ocrx_word' id='word_1_242' title='bbox 413 2719 493 2773; x_wconf 84' lang='lat' dir='ltr'>(et,</span> <span class='ocrx_word' id='word_1_243' title='bbox 540 2716 582 2757; x_wconf 87' lang='lat' dir='ltr'>h.</span> <span class='ocrx_word' id='word_1_244' title='bbox 633 2731 672 2758; x_wconf 90' lang='lat' dir='ltr'>e.</span> <span class='ocrx_word' id='word_1_245' title='bbox 724 2720 872 2769; x_wconf 80' lang='lat' dir='ltr'>etiam,</span> <span class='ocrx_word' id='word_1_246' title='bbox 917 2718 1122 2772; x_wconf 81' lang='lat' dir='ltr'>fortuitus</span> 
     </span>
     <span class='ocr_line' id='line_1_43' title="bbox 242 2775 1119 2832; baseline -0.002 -13"><span class='ocrx_word' id='word_1_247' title='bbox 242 2791 381 2819; x_wconf 87' lang='lat' dir='ltr'>sermo</span> <span class='ocrx_word' id='word_1_248' title='bbox 425 2783 463 2818; x_wconf 81' lang='lat' dir='ltr'>et</span> <span class='ocrx_word' id='word_1_249' title='bbox 492 2775 619 2817; x_wconf 76' lang='lat' dir='ltr'>subiti</span> <span class='ocrx_word' id='word_1_250' title='bbox 650 2779 895 2832; x_wconf 82' lang='lat' dir='ltr'>occursus),</span> <span class='ocrx_word' id='word_1_251' title='bbox 945 2777 1119 2818; x_wconf 84' lang='lat' dir='ltr'>tertium</span> 
     </span>
     <span class='ocr_line' id='line_1_44' title="bbox 245 2835 1118 2877; baseline 0 0"><span class='ocrx_word' id='word_1_252' title='bbox 245 2835 414 2877; x_wconf 90' lang='lat' dir='ltr'>duobus</span> <span class='ocrx_word' id='word_1_253' title='bbox 461 2836 697 2877; x_wconf 87' lang='lat' dir='ltr'>enuntiatis</span> <span class='ocrx_word' id='word_1_254' title='bbox 747 2835 1118 2877; x_wconf 87' lang='lat' dir='ltr'>conditionalibus</span> 
     </span>
     <span class='ocr_line' id='line_1_45' title="bbox 245 2895 1120 2952; baseline 0.001 -17"><span class='ocrx_word' id='word_1_255' title='bbox 245 2897 302 2952; x_wconf 82' lang='lat' dir='ltr'>(si</span> <span class='ocrx_word' id='word_1_256' title='bbox 321 2896 572 2945; x_wconf 79' lang='lat' dir='ltr'>convivium,</span> <span class='ocrx_word' id='word_1_257' title='bbox 605 2895 933 2950; x_wconf 80' lang='lat' dir='ltr'>si—inissent).</span> <span class='ocrx_word' id='word_1_258' title='bbox 986 2895 1120 2936; x_wconf 80' lang='lat' dir='ltr'>Verbi</span> 
     </span>
     <span class='ocr_line' id='line_1_46' title="bbox 245 2954 1119 3008; baseline 0 -13"><span class='ocrx_word' id='word_1_259' title='bbox 245 2968 356 3005; x_wconf 86' lang='lat' dir='ltr'>esse,</span> <span class='ocrx_word' id='word_1_260' title='bbox 391 2967 474 3008; x_wconf 93' lang='lat' dir='ltr'>quo</span> <span class='ocrx_word' id='word_1_261' title='bbox 515 2966 664 2994; x_wconf 86' lang='lat' dir='ltr'>carere</span> <span class='ocrx_word' id='word_1_262' title='bbox 696 2954 818 2994; x_wconf 88' lang='lat' dir='ltr'>nullo</span> <span class='ocrx_word' id='word_1_263' title='bbox 852 2954 979 2994; x_wconf 89' lang='lat' dir='ltr'>modo</span> <span class='ocrx_word' id='word_1_264' title='bbox 1013 2967 1119 3008; x_wconf 86' lang='lat' dir='ltr'>pos-</span> 
     </span>
     <span class='ocr_line' id='line_1_47' title="bbox 245 3012 1118 3066; baseline 0 -12"><span class='ocrx_word' id='word_1_265' title='bbox 245 3025 406 3064; x_wconf 91' lang='lat' dir='ltr'>sumus,</span> <span class='ocrx_word' id='word_1_266' title='bbox 442 3013 558 3066; x_wconf 90' lang='lat' dir='ltr'>prior</span> <span class='ocrx_word' id='word_1_267' title='bbox 583 3026 680 3066; x_wconf 90' lang='lat' dir='ltr'>pars</span> <span class='ocrx_word' id='word_1_268' title='bbox 700 3012 853 3053; x_wconf 83' lang='lat' dir='ltr'>hausta</span> <span class='ocrx_word' id='word_1_269' title='bbox 877 3019 941 3053; x_wconf 90' lang='lat' dir='ltr'>cst</span> <span class='ocrx_word' id='word_1_270' title='bbox 966 3027 988 3053; x_wconf 87' lang='lat' dir='ltr'>a</span> <span class='ocrx_word' id='word_1_271' title='bbox 1008 3026 1118 3054; x_wconf 87' lang='lat' dir='ltr'>vocc</span> 
     </span>
     <span class='ocr_line' id='line_1_48' title="bbox 248 3071 1113 3126; baseline 0.001 -13"><span class='ocrx_word' id='word_1_272' title='bbox 248 3073 467 3123; x_wconf 79' lang='lat' dir='ltr'>laetatum,</span> <span class='ocrx_word' id='word_1_273' title='bbox 513 3071 651 3113; x_wconf 85' lang='lat' dir='ltr'>altera</span> <span class='ocrx_word' id='word_1_274' title='bbox 683 3085 706 3112; x_wconf 86' lang='lat' dir='ltr'>a</span> <span class='ocrx_word' id='word_1_275' title='bbox 751 3073 948 3126; x_wconf 81' lang='lat' dir='ltr'>proximo</span> <span class='ocrx_word' id='word_1_276' title='bbox 998 3086 1113 3126; x_wconf 75' lang='lat' dir='ltr'>erqo.</span> 
     </span>
     <span class='ocr_line' id='line_1_49' title="bbox 243 3131 1115 3186; baseline 0 -12"><span class='ocrx_word' id='word_1_277' title='bbox 243 3131 376 3174; x_wconf 89' lang='lat' dir='ltr'>Porro</span> <span class='ocrx_word' id='word_1_278' title='bbox 411 3131 627 3186; x_wconf 92' lang='lat' dir='ltr'>quomodo</span> <span class='ocrx_word' id='word_1_279' title='bbox 661 3131 735 3171; x_wconf 83' lang='lat' dir='ltr'>sed</span> <span class='ocrx_word' id='word_1_280' title='bbox 767 3131 837 3173; x_wconf 91' lang='lat' dir='ltr'>vel</span> <span class='ocrx_word' id='word_1_281' title='bbox 870 3139 931 3172; x_wconf 83' lang='lat' dir='ltr'>set</span> <span class='ocrx_word' id='word_1_282' title='bbox 952 3137 1051 3172; x_wconf 88' lang='lat' dir='ltr'>ante</span> <span class='ocrx_word' id='word_1_283' title='bbox 1073 3145 1115 3174; x_wconf 85' lang='lat' dir='ltr'>v.</span> 
     </span>
     <span class='ocr_line' id='line_1_50' title="bbox 243 3191 1118 3246; baseline 0 -15"><span class='ocrx_word' id='word_1_284' title='bbox 243 3191 444 3246; x_wconf 80' lang='lat' dir='ltr'>fortuitus</span> <span class='ocrx_word' id='word_1_285' title='bbox 479 3191 719 3242; x_wconf 83' lang='lat' dir='ltr'>emerserit,</span> <span class='ocrx_word' id='word_1_286' title='bbox 755 3197 973 3244; x_wconf 89' lang='lat' dir='ltr'>etsponte</span> <span class='ocrx_word' id='word_1_287' title='bbox 998 3196 1118 3245; x_wconf 85' lang='lat' dir='ltr'>patet</span> 
     </span>
     <span class='ocr_line' id='line_1_51' title="bbox 246 3250 1114 3303; baseline 0.001 -12"><span class='ocrx_word' id='word_1_288' title='bbox 246 3257 288 3292; x_wconf 87' lang='lat' dir='ltr'>ct</span> <span class='ocrx_word' id='word_1_289' title='bbox 352 3251 597 3303; x_wconf 88' lang='lat' dir='ltr'>expositum</span> <span class='ocrx_word' id='word_1_290' title='bbox 663 3255 728 3290; x_wconf 83' lang='lat' dir='ltr'>est</span> <span class='ocrx_word' id='word_1_291' title='bbox 786 3264 810 3291; x_wconf 88' lang='lat' dir='ltr'>a</span> <span class='ocrx_word' id='word_1_292' title='bbox 874 3250 1114 3292; x_wconf 75' lang='lat' dir='ltr'>Walthero.</span> 
     </span>
     <span class='ocr_line' id='line_1_52' title="bbox 243 3308 1116 3363; baseline 0 -13"><span class='ocrx_word' id='word_1_293' title='bbox 243 3309 490 3363; x_wconf 85' lang='lat' dir='ltr'>Madvigius</span> <span class='ocrx_word' id='word_1_294' title='bbox 525 3309 609 3349; x_wconf 85' lang='lat' dir='ltr'>alia</span> <span class='ocrx_word' id='word_1_295' title='bbox 642 3308 712 3350; x_wconf 86' lang='lat' dir='ltr'>via</span> <span class='ocrx_word' id='word_1_296' title='bbox 742 3316 943 3363; x_wconf 85' lang='lat' dir='ltr'>corrupta</span> <span class='ocrx_word' id='word_1_297' title='bbox 963 3323 1116 3351; x_wconf 87' lang='lat' dir='ltr'>sanare</span> 
     </span>
     <span class='ocr_line' id='line_1_53' title="bbox 244 3368 1113 3423; baseline 0.001 -14"><span class='ocrx_word' id='word_1_298' title='bbox 244 3368 386 3409; x_wconf 85' lang='lat' dir='ltr'>voluit</span> <span class='ocrx_word' id='word_1_299' title='bbox 419 3368 760 3409; x_wconf 86' lang='lat' dir='ltr'>commendando</span> <span class='ocrx_word' id='word_1_300' title='bbox 786 3369 989 3410; x_wconf 82' lang='lat' dir='ltr'>laetatum</span> <span class='ocrx_word' id='word_1_301' title='bbox 1011 3383 1113 3423; x_wconf 72' lang='lat' dir='ltr'>crya</span> 
     </span>
     <span class='ocr_line' id='line_1_54' title="bbox 245 3428 1116 3481; baseline 0.003 -15"><span class='ocrx_word' id='word_1_302' title='bbox 245 3428 492 3467; x_wconf 82' lang='lat' dir='ltr'>coniuratos</span> <span class='ocrx_word' id='word_1_303' title='bbox 524 3442 626 3479; x_wconf 85' lang='lat' dir='ltr'>csse,</span> <span class='ocrx_word' id='word_1_304' title='bbox 664 3429 865 3481; x_wconf 81' lang='lat' dir='ltr'>fortuitus</span> <span class='ocrx_word' id='word_1_305' title='bbox 899 3434 999 3479; x_wconf 88' lang='lat' dir='ltr'>cet.,</span> <span class='ocrx_word' id='word_1_306' title='bbox 1035 3442 1116 3469; x_wconf 90' lang='lat' dir='ltr'>ve-</span> 
     </span>
     <span class='ocr_line' id='line_1_55' title="bbox 246 3486 1115 3540; baseline 0.002 -15"><span class='ocrx_word' id='word_1_307' title='bbox 246 3500 337 3525; x_wconf 88' lang='lat' dir='ltr'>rum</span> <span class='ocrx_word' id='word_1_308' title='bbox 361 3486 576 3540; x_wconf 77' lang='lat' dir='ltr'>quoinodo</span> <span class='ocrx_word' id='word_1_309' title='bbox 612 3499 664 3526; x_wconf 86' lang='lat' dir='ltr'>cx</span> <span class='ocrx_word' id='word_1_310' title='bbox 692 3500 794 3538; x_wconf 84' lang='lat' dir='ltr'>esse,</span> <span class='ocrx_word' id='word_1_311' title='bbox 829 3488 863 3527; x_wconf 89' lang='lat' dir='ltr'>si</span> <span class='ocrx_word' id='word_1_312' title='bbox 890 3486 972 3528; x_wconf 89' lang='lat' dir='ltr'>hoc</span> <span class='ocrx_word' id='word_1_313' title='bbox 998 3488 1115 3540; x_wconf 83' lang='lat' dir='ltr'>prius</span> 
     </span>
     <span class='ocr_line' id='line_1_56' title="bbox 245 3544 1115 3601; baseline 0.005 -18"><span class='ocrx_word' id='word_1_314' title='bbox 245 3545 414 3595; x_wconf 86' lang='lat' dir='ltr'>fuisset,</span> <span class='ocrx_word' id='word_1_315' title='bbox 445 3544 518 3585; x_wconf 85' lang='lat' dir='ltr'>sed</span> <span class='ocrx_word' id='word_1_316' title='bbox 537 3546 639 3585; x_wconf 87' lang='lat' dir='ltr'>oriri</span> <span class='ocrx_word' id='word_1_317' title='bbox 674 3547 878 3598; x_wconf 86' lang='lat' dir='ltr'>potuerit,</span> <span class='ocrx_word' id='word_1_318' title='bbox 915 3547 1115 3601; x_wconf 87' lang='lat' dir='ltr'>equidem</span> 
     </span>
     <span class='ocr_line' id='line_1_57' title="bbox 243 3602 806 3657; baseline 0.007 -15"><span class='ocrx_word' id='word_1_319' title='bbox 243 3614 328 3642; x_wconf 88' lang='lat' dir='ltr'>non</span> <span class='ocrx_word' id='word_1_320' title='bbox 366 3615 537 3654; x_wconf 85' lang='lat' dir='ltr'>possum</span> <span class='ocrx_word' id='word_1_321' title='bbox 571 3602 806 3657; x_wconf 82' lang='lat' dir='ltr'>explicare.</span> 
     </span>
    </p>

    <p class='ocr_par' dir='ltr' id='par_1_22' title="bbox 332 3657 1117 3719">
     <span class='ocr_line' id='line_1_58' title="bbox 332 3657 1117 3719; baseline 0.008 -19"><span class='ocrx_word' id='word_1_322' title='bbox 332 3657 434 3714; x_wconf 82' lang='lat' dir='ltr'>Cap.</span> <span class='ocrx_word' id='word_1_323' title='bbox 459 3661 528 3703; x_wconf 81' lang='lat'>59.</span> <span class='ocrx_word' id='word_1_324' title='bbox 581 3674 862 3719; x_wconf 69' lang='lat' dir='ltr'>ortaqnoemque</span> <span class='ocrx_word' id='word_1_325' title='bbox 886 3669 1025 3707; x_wconf 70' lang='lat' dir='ltr'>niolae</span> <span class='ocrx_word' id='word_1_326' title='bbox 1050 3663 1117 3708; x_wconf 70' lang='lat' dir='ltr'>rei</span> 
     </span>
    </p>
   </div>
   <div class='ocr_carea' id='block_1_22' title="bbox 1199 2716 2075 3720">
    <p class='ocr_par' dir='ltr' id='par_1_23' title="bbox 1201 2716 2075 2939">
     <span class='ocr_line' id='line_1_59' title="bbox 1201 2716 2075 2772; baseline 0.005 -15"><span class='ocrx_word' id='word_1_327' title='bbox 1201 2719 1386 2772; x_wconf 80' lang='lat' dir='ltr'>famam:</span> <span class='ocrx_word' id='word_1_328' title='bbox 1439 2716 1681 2758; x_wconf 80' lang='lat' dir='ltr'>&#39;l&#39;heodisce</span> <span class='ocrx_word' id='word_1_329' title='bbox 1728 2723 1936 2760; x_wconf 85' lang='lat' dir='ltr'>converte</span> <span class='ocrx_word' id='word_1_330' title='bbox 1985 2719 2075 2761; x_wconf 78' lang='lat' dir='ltr'>und</span> 
     </span>
     <span class='ocr_line' id='line_1_60' title="bbox 1201 2771 2075 2820; baseline 0.001 -2"><span class='ocrx_word' id='word_1_331' title='bbox 1201 2777 1402 2818; x_wconf 80' lang='lat' dir='ltr'>wirksam</span> <span class='ocrx_word' id='word_1_332' title='bbox 1442 2777 1587 2818; x_wconf 62' lang='lat' dir='ltr'>‘acarde</span> <span class='ocrx_word' id='word_1_333' title='bbox 1631 2777 1707 2818; x_wconf 77' lang='lat' dir='ltr'>clas</span> <span class='ocrx_word' id='word_1_334' title='bbox 1754 2777 1940 2819; x_wconf 63' lang='lat' dir='ltr'>Ger-vicht</span> <span class='ocrx_word' id='word_1_335' title='bbox 1992 2771 2075 2820; x_wconf 75' lang='lat' dir='ltr'>von</span> 
     </span>
     <span class='ocr_line' id='line_1_61' title="bbox 1202 2835 2074 2894; baseline 0.003 -18"><span class='ocrx_word' id='word_1_336' title='bbox 1202 2837 1338 2877; x_wconf 84' lang='lat' dir='ltr'>einem</span> <span class='ocrx_word' id='word_1_337' title='bbox 1394 2835 1636 2876; x_wconf 79' lang='lat' dir='ltr'>Losbruche</span> <span class='ocrx_word' id='word_1_338' title='bbox 1705 2836 1781 2876; x_wconf 88' lang='lat' dir='ltr'>der</span> <span class='ocrx_word' id='word_1_339' title='bbox 1835 2837 2074 2894; x_wconf 69' lang='lat' dir='ltr'>Beweqtmq</span> 
     </span>
     <span class='ocr_line' id='line_1_62' title="bbox 1201 2894 1900 2939; baseline 0.004 -3"><span class='ocrx_word' id='word_1_340' title='bbox 1201 2897 1307 2937; x_wconf 81' lang='lat' dir='ltr'>sein.</span> <span class='ocrx_word' id='word_1_341' title='bbox 1372 2894 1438 2936; x_wconf 79' lang='lat' dir='ltr'>cf.</span> <span class='ocrx_word' id='word_1_342' title='bbox 1473 2901 1622 2937; x_wconf 88' lang='lat' dir='ltr'>annot.</span> <span class='ocrx_word' id='word_1_343' title='bbox 1657 2895 1710 2936; x_wconf 87' lang='lat' dir='ltr'>ad</span> <span class='ocrx_word' id='word_1_344' title='bbox 1739 2895 1797 2936; x_wconf 90' lang='lat'>111</span> <span class='ocrx_word' id='word_1_345' title='bbox 1832 2897 1900 2939; x_wconf 86' lang='lat'>13.</span> 
     </span>
    </p>

    <p class='ocr_par' dir='ltr' id='par_1_24' title="bbox 1200 2956 2074 3188">
     <span class='ocr_line' id='line_1_63' title="bbox 1287 2956 2074 3011; baseline 0.001 -16"><span class='ocrx_word' id='word_1_346' title='bbox 1287 2957 1455 3009; x_wconf 80' lang='lat' dir='ltr'>frustra</span> <span class='ocrx_word' id='word_1_347' title='bbox 1486 2981 1538 2987; x_wconf 91' lang='lat'>—</span> <span class='ocrx_word' id='word_1_348' title='bbox 1572 2956 1768 3011; x_wconf 81' lang='lat' dir='ltr'>sperari:</span> <span class='ocrx_word' id='word_1_349' title='bbox 1799 2968 1992 3011; x_wconf 81' lang='lat' dir='ltr'>sperare,</span> <span class='ocrx_word' id='word_1_350' title='bbox 2026 2960 2074 2997; x_wconf 83' lang='lat' dir='ltr'>ut</span> 
     </span>
     <span class='ocr_line' id='line_1_64' title="bbox 1203 3013 2074 3068; baseline 0.003 -15"><span class='ocrx_word' id='word_1_351' title='bbox 1203 3020 1268 3054; x_wconf 86' lang='lat' dir='ltr'>est</span> <span class='ocrx_word' id='word_1_352' title='bbox 1300 3015 1343 3054; x_wconf 86' lang='lat' dir='ltr'>in</span> <span class='ocrx_word' id='word_1_353' title='bbox 1377 3013 1529 3055; x_wconf 89' lang='lat' dir='ltr'>codice</span> <span class='ocrx_word' id='word_1_354' title='bbox 1553 3013 1632 3066; x_wconf 67' lang='lat' dir='ltr'>Ma,</span> <span class='ocrx_word' id='word_1_355' title='bbox 1664 3014 1717 3055; x_wconf 84' lang='lat' dir='ltr'>ad</span> <span class='ocrx_word' id='word_1_356' title='bbox 1749 3027 1868 3068; x_wconf 90' lang='lat' dir='ltr'>spem</span> <span class='ocrx_word' id='word_1_357' title='bbox 1891 3013 2074 3056; x_wconf 86' lang='lat' dir='ltr'>hortan-</span> 
     </span>
     <span class='ocr_line' id='line_1_65' title="bbox 1200 3072 2074 3128; baseline 0.005 -16"><span class='ocrx_word' id='word_1_358' title='bbox 1200 3074 1269 3124; x_wconf 87' lang='lat' dir='ltr'>tis,</span> <span class='ocrx_word' id='word_1_359' title='bbox 1304 3085 1390 3113; x_wconf 91' lang='lat' dir='ltr'>non</span> <span class='ocrx_word' id='word_1_360' title='bbox 1424 3072 1609 3125; x_wconf 87' lang='lat' dir='ltr'>Pisonis,</span> <span class='ocrx_word' id='word_1_361' title='bbox 1643 3073 1904 3125; x_wconf 83' lang='lat' dir='ltr'>referretur,</span> <span class='ocrx_word' id='word_1_362' title='bbox 1937 3086 2074 3128; x_wconf 85' lang='lat' dir='ltr'>repu-</span> 
     </span>
     <span class='ocr_line' id='line_1_66' title="bbox 1202 3132 1748 3188; baseline 0.007 -17"><span class='ocrx_word' id='word_1_363' title='bbox 1202 3138 1364 3188; x_wconf 84' lang='lat' dir='ltr'>gnante</span> <span class='ocrx_word' id='word_1_364' title='bbox 1397 3132 1483 3173; x_wconf 90' lang='lat' dir='ltr'>loci</span> <span class='ocrx_word' id='word_1_365' title='bbox 1515 3133 1748 3175; x_wconf 86' lang='lat' dir='ltr'>sententia.</span> 
     </span>
    </p>

    <p class='ocr_par' dir='ltr' id='par_1_25' title="bbox 1199 3191 2074 3720">
     <span class='ocr_line' id='line_1_67' title="bbox 1290 3191 2074 3247; baseline 0.004 -17"><span class='ocrx_word' id='word_1_366' title='bbox 1290 3205 1391 3232; x_wconf 82' lang='lat' dir='ltr'>nam</span> <span class='ocrx_word' id='word_1_367' title='bbox 1421 3198 1536 3232; x_wconf 80' lang='lat' dir='ltr'>vetus</span> <span class='ocrx_word' id='word_1_368' title='bbox 1570 3191 1689 3233; x_wconf 86' lang='lat' dir='ltr'>miles</span> <span class='ocrx_word' id='word_1_369' title='bbox 1721 3219 1768 3225; x_wconf 89' lang='lat'>-</span> <span class='ocrx_word' id='word_1_370' title='bbox 1805 3194 1956 3247; x_wconf 81' lang='lat' dir='ltr'>favore</span> <span class='ocrx_word' id='word_1_371' title='bbox 1990 3193 2074 3233; x_wconf 74' lang='lat' dir='ltr'>im-</span> 
     </span>
     <span class='ocr_line' id='line_1_68' title="bbox 1203 3250 2072 3307; baseline 0.002 -17"><span class='ocrx_word' id='word_1_372' title='bbox 1203 3250 1346 3291; x_wconf 77' lang='lat' dir='ltr'>butus.-</span> <span class='ocrx_word' id='word_1_373' title='bbox 1371 3250 1584 3291; x_wconf 86' lang='lat' dir='ltr'>accedunt</span> <span class='ocrx_word' id='word_1_374' title='bbox 1613 3251 1788 3292; x_wconf 83' lang='lat' dir='ltr'>haecad</span> <span class='ocrx_word' id='word_1_375' title='bbox 1811 3251 2072 3307; x_wconf 86' lang='lat' dir='ltr'>pingendam</span> 
     </span>
     <span class='ocr_line' id='line_1_69' title="bbox 1202 3309 2074 3352; baseline 0.002 -2"><span class='ocrx_word' id='word_1_376' title='bbox 1202 3309 1373 3350; x_wconf 85' lang='lat' dir='ltr'>foedam</span> <span class='ocrx_word' id='word_1_377' title='bbox 1389 3310 1574 3351; x_wconf 82' lang='lat' dir='ltr'>Neronis</span> <span class='ocrx_word' id='word_1_378' title='bbox 1609 3310 1881 3352; x_wconf 86' lang='lat' dir='ltr'>timiditatem</span> <span class='ocrx_word' id='word_1_379' title='bbox 1916 3316 1959 3352; x_wconf 84' lang='lat' dir='ltr'>et</span> <span class='ocrx_word' id='word_1_380' title='bbox 1992 3324 2074 3352; x_wconf 84' lang='lat' dir='ltr'>ex-</span> 
     </span>
     <span class='ocr_line' id='line_1_70' title="bbox 1202 3369 2073 3425; baseline 0.003 -17"><span class='ocrx_word' id='word_1_381' title='bbox 1202 3375 1380 3409; x_wconf 88' lang='lat' dir='ltr'>tremam</span> <span class='ocrx_word' id='word_1_382' title='bbox 1403 3370 1713 3422; x_wconf 88' lang='lat' dir='ltr'>suspicionem,</span> <span class='ocrx_word' id='word_1_383' title='bbox 1747 3382 1832 3425; x_wconf 88' lang='lat' dir='ltr'>qua</span> <span class='ocrx_word' id='word_1_384' title='bbox 1854 3369 1963 3411; x_wconf 85' lang='lat' dir='ltr'>adeo</span> <span class='ocrx_word' id='word_1_385' title='bbox 1993 3381 2073 3411; x_wconf 89' lang='lat' dir='ltr'>oc-</span> 
     </span>
     <span class='ocr_line' id='line_1_71' title="bbox 1203 3427 2071 3483; baseline 0.001 -16"><span class='ocrx_word' id='word_1_386' title='bbox 1203 3434 1385 3481; x_wconf 89' lang='lat' dir='ltr'>cupatus</span> <span class='ocrx_word' id='word_1_387' title='bbox 1431 3434 1546 3480; x_wconf 84' lang='lat' dir='ltr'>erat,</span> <span class='ocrx_word' id='word_1_388' title='bbox 1594 3435 1641 3468; x_wconf 93' lang='lat' dir='ltr'>ut</span> <span class='ocrx_word' id='word_1_389' title='bbox 1688 3441 1743 3469; x_wconf 87' lang='lat' dir='ltr'>ne</span> <span class='ocrx_word' id='word_1_390' title='bbox 1798 3430 1851 3470; x_wconf 87' lang='lat' dir='ltr'>iis</span> <span class='ocrx_word' id='word_1_391' title='bbox 1898 3427 2071 3483; x_wconf 89' lang='lat' dir='ltr'>quidem</span> 
     </span>
     <span class='ocr_line' id='line_1_72' title="bbox 1203 3486 2070 3542; baseline -0.001 -15"><span class='ocrx_word' id='word_1_392' title='bbox 1203 3487 1442 3528; x_wconf 77' lang='lat' dir='ltr'>confideret</span> <span class='ocrx_word' id='word_1_393' title='bbox 1474 3500 1580 3542; x_wconf 89' lang='lat' dir='ltr'>quos</span> <span class='ocrx_word' id='word_1_394' title='bbox 1625 3488 1800 3529; x_wconf 88' lang='lat' dir='ltr'>summis</span> <span class='ocrx_word' id='word_1_395' title='bbox 1845 3486 2070 3528; x_wconf 82' lang='lat' dir='ltr'>beneficiis</span> 
     </span>
     <span class='ocr_line' id='line_1_73' title="bbox 1202 3545 2070 3603; baseline -0.002 -17"><span class='ocrx_word' id='word_1_396' title='bbox 1202 3546 1516 3599; x_wconf 79' lang='lat' dir='ltr'>obstrinxerat,</span> <span class='ocrx_word' id='word_1_397' title='bbox 1564 3547 1641 3587; x_wconf 89' lang='lat' dir='ltr'>sed</span> <span class='ocrx_word' id='word_1_398' title='bbox 1680 3545 1896 3603; x_wconf 82' lang='lat' dir='ltr'>deligeret</span> <span class='ocrx_word' id='word_1_399' title='bbox 1927 3545 2070 3599; x_wconf 80' lang='lat' dir='ltr'>potius</span> 
     </span>
     <span class='ocr_line' id='line_1_74' title="bbox 1201 3602 2069 3660; baseline -0.002 -15"><span class='ocrx_word' id='word_1_400' title='bbox 1201 3617 1309 3660; x_wconf 88' lang='lat' dir='ltr'>quos</span> <span class='ocrx_word' id='word_1_401' title='bbox 1354 3610 1548 3659; x_wconf 83' lang='lat' dir='ltr'>speraret</span> <span class='ocrx_word' id='word_1_402' title='bbox 1591 3618 1723 3646; x_wconf 81' lang='lat' dir='ltr'>caeco</span> <span class='ocrx_word' id='word_1_403' title='bbox 1764 3603 1946 3659; x_wconf 83' lang='lat' dir='ltr'>quodam</span> <span class='ocrx_word' id='word_1_404' title='bbox 1986 3602 2069 3644; x_wconf 90' lang='lat' dir='ltr'>ob-</span> 
     </span>
     <span class='ocr_line' id='line_1_75' title="bbox 1199 3660 2069 3720; baseline -0.005 -13"><span class='ocrx_word' id='word_1_405' title='bbox 1199 3663 1586 3720; x_wconf 71' lang='lat' dir='ltr'>sequio.factu1·os</span> <span class='ocrx_word' id='word_1_406' title='bbox 1630 3673 1726 3706; x_wconf 77' lang='lat' dir='ltr'>esse</span> <span class='ocrx_word' id='word_1_407' title='bbox 1759 3660 1874 3719; x_wconf 87' lang='lat' dir='ltr'>quod</span> <span class='ocrx_word' id='word_1_408' title='bbox 1905 3661 2069 3704; x_wconf 79' lang='lat' dir='ltr'>iussum</span> 
     </span>
    </p>
   </div>
  </div>
 </body>
</html>
