2280 4004
210 265 273 314 92
965 262 1265 309 ANNALIVMT

1775 263 2029 315 mmm&

206 423 304 480 que
340 411 648 481 flagitiorum
681 424 810 478 quae
848 409 948 462 duo
989 408 1306 477 deliquerant
1334 407 1603 477 Cumanus,
1642 414 1692 463 et
1728 409 1873 478 quies
1903 414 2041 479 prou

204 503 407 557 vinciae
447 503 664 557 reddita.

341 595 447 647 Nec
479 593 633 645 multo
670 599 786 660 post
824 594 1101 662 agrestium
1139 594 1351 647 Cilicum
1387 593 1651 660 nationeS,
1705 593 1885 661 quibus
1921 591 2112 647 Gli-55

202 689 364 737 tarum
394 691 802 754 cognomentum,
839 696 994 753 saepe
1022 691 1072 739 et
1084 686 1231 760 =alias
1255 692 1554 752 commotae,
1582 690 1702 738 tunc
1729 686 2027 739 Troxobore

165 777 333 829 ⁵duce
373 782 572 830 montes
613 792 824 846 asperos
865 779 1044 831 castris
1083 794 1296 846 cepere:

1353 785 1504 846 atque
1551 778 1673 831 inde
1718 777 1945 830 decursu.
1960 776 2041 829 irr

199 867 350 920 litora
389 874 473 921 aut
508 870 661 923 urbes
694 870 795 922 vim
827 870 1103 923 cultoribus
1140 875 1190 923 et
1225 871 1511 939 oppidanis,
1549 886 1610 923 ac
1644 869 1939 937 plerumque
1971 869 2025 920 in

198 964 511 1013 mercatores
564 966 614 1013 et
667 961 1010 1014 navicularios
1083 961 1352 1013 audebant.

1458 961 1793 1031 obsessaques
1845 959 2025 1012 civitas

198 1050 601 1117 AnemuriensiS,
666 1057 716 1105 et
764 1052 907 1105 missi
963 1067 992 1104 e
1027 1052 1173 1119 Syria
1227 1051 1280 1102 in
1338 1050 1617 1104 subsidium
1667 1050 1863 1117 equites
1913 1064 2044 1102 cum·

116 1157 118 1159 ·
197 1143 458 1210 praefecto
503 1144 676 1196 Curtio
721 1145 913 1198 Severo
966 1144 1258 1209 turbantur,
1324 1142 1459 1210 quod
1514 1142 1627 1194 duri
1679 1142 1870 1194 circum
1922 1140 2024 1193 loci

136 1245 184 1284 ιο
196 1235 550 1303 peditibusque
588 1237 651 1288 ad
685 1252 906 1305 pugnam
933 1235 1107 1288 idonei
1141 1239 1377 1302 equestre
1407 1234 1657 1302 proelium
1691 1233 1827 1285 haud
1860 1232 2026 1300 patie-

196 1326 394 1381 bantur.

319 1469 357 1511 1.
392 1482 515 1524 quees
546 1482 596 1524 pr
626 1468 707 1512 Ma.

196 1527 417 1570 torosbore
447 1528 495 1583 G,
535 1542 637 1571 mox
674 1529 920 1572 Trosobore.

198 1601 274 1632 ore
292 1586 374 1632 Ma.

285 1710 325 1746 et
365 1703 482 1759 quies
509 1704 764 1761 provinciae
785 1704 981 1748 reddita.-
1015 1705 1068 1747 ab

197 1763 284 1806 hoc
316 1770 514 1819 tempore
559 1764 686 1806 Felix
717 1770 851 1807 totam
883 1766 1069 1820 provin-

197 1825 308 1866 ciam
342 1823 674 1866 administravit.
739 1825 860 1877 Quae
893 1837 962 1867 res
994 1825 1069 1866 10-

195 1883 380 1938 sephum
411 1883 457 1924 in
490 1897 587 1925 eum
613 1896 804 1926 errorem
835 1885 1067 1939 implicuit,

194 1947 244 1983 ut
281 1944 524 1985 narraverit
564 1943 641 1985 XX
685 1945 708 1987 7
747 1945 768 1986 1
804 1949 848 1985 et
878 1944 929 1987 B.
972 1944 1065 1986 Iud.

194 2001 234 2044 11
268 2003 323 2046 12
355 2004 399 2054 δ.
433 2002 490 2055 8,
529 2001 723 2045 Felicem
755 2016 872 2046 nunc
895 2004 1068 2046 demum

194 2061 241 2102 in
271 2061 476 2103 Iudaeam
507 2062 687 2104 missum
721 2075 833 2106 esse.
891 2063 1069 2105 Frustra

191 2120 370 2176 Iosephi
400 2135 425 2163 a
448 2120 595 2163 Tacito
619 2122 955 2177 discrepantiam
976 2122 1067 2164 tol-

194 2180 288 2223 lere
317 2193 364 2223 se
397 2193 526 2235 posse
547 2181 729 2223 credunt
747 2195 843 2224 cum
862 2182 954 2234 alii,
977 2189 1067 2224 tum

193 2240 393 2283 Non-isius
448 2239 691 2296 Cenotaph.
745 2242 888 2284 Pisan.
932 2241 970 2283 ΙΙ
1014 2241 1067 2284 16

196 2302 240 2352 §.
279 2301 347 2343 13.
410 2299 551 2341 Etiam
585 2300 638 2342 de
673 2298 855 2343 Cumani
886 2300 1067 2344 damna-

194 2360 317 2401 tione
375 2359 503 2401 aliter
550 2360 765 2414 Iosephus
819 2361 895 2402 XX
934 2361 962 2404 6
1009 2362 1065 2404 3:

195 2420 357 2475 quippe
409 2433 434 2461 a
489 2418 673 2462 Claudio
732 2420 971 2463 iudicatum
1025 2425 1068 2462 et

194 2480 374 2521 missum
406 2479 451 2520 in
486 2479 667 2521 exilium
698 2480 850 2523 refert.

304 2538 408 2592 Cap.
452 2539 523 2581 55.
594 2540 828 2594 agrestium
885 2539 1068 2582 Cilicum

193 2599 419 2639 nationes:
452 2597 509 2640 cf.
547 2598 604 2639 VI
634 2599 705 2640 41.
799 2598 1065 2640 Antiochus:

193 2669 273 2698 rex
305 2655 623 2712 Commagenes
649 2658 719 2698 cui
753 2663 882 2711 caput
912 2658 1067 2699 Samo-

194 2722 289 2758 sata
320 2721 363 2757 et
393 2716 666 2772 propinquae
698 2728 802 2758 orae
827 2715 1011 2758 Cilicum
1042 2729 1068 2757 a

196 2775 302 2817 Gaio
335 2781 378 2817 et
411 2773 594 2818 Claudio
640 2777 904 2817 constitutus
948 2780 1066 2828 erat;

194 2848 238 2878 v,
272 2834 356 2876 Dio
388 2834 479 2876 LIX
510 2835 567 2888 8,
610 2835 683 2877 LX
713 2836 755 2878 8.
830 2833 897 2877 Cf.
931 2834 1065 2877 Tacit.

194 2893 293 2937 XIII
327 2896 351 2937 7
388 2900 431 2935 et
464 2895 548 2946 37,
583 2894 682 2937 XIV
715 2894 786 2938 26.
837 2895 888 2936 H.
921 2893 959 2936 II
992 2894 1065 2946 81,

197 2954 235 2995 V
273 2954 310 2995 1.
372 2952 585 3007 Iosephus
627 2955 677 2996 B.
711 2953 802 2994 lud.
851 2952 929 2995 vll
962 2953 985 2994 7
1020 2955 1063 3004 ς.

201 3014 328 3063 1-3,
361 3013 461 3054 Ant.
497 3012 594 3054 XIX
627 3014 653 3056 5
686 3015 730 3064 §.
769 3014 807 3055 1.

296 3070 401 3126 Cap.
448 3072 519 3115 56.
589 3071 731 3113 lacum
772 3072 980 3113 Fucinum
1011 3096 1066 3102 -—

195 3131 406 3189 proelium
469 3130 736 3173 adornatur:
800 3138 1066 3186 postremum

197 3205 314 3233 nunc
355 3190 525 3233 navalis
570 3191 729 3246 proelii
768 3189 1066 3245 spectaculum

200 3250 400 3293 homines
434 3251 478 3291 in
512 3262 564 3292 eo
599 3251 698 3293 lacu
740 3252 877 3294 visuri
919 3254 1066 3292 erant:

198 3323 297 3351 nam
341 3323 487 3366 pugna
525 3310 647 3352 finita
684 3316 731 3351 ut
770 3324 882 3366 aqua
913 3310 991 3352 illa
1023 3310 1067 3350 in

201 3370 331 3410 Lirim
353 3375 503 3423 aperto
532 3370 756 3412 emissario
781 3371 1067 3420 emitteretur,

201 3427 362 3471 Caesar
407 3428 714 3472 destinaverat.
776 3429 842 3471 De
875 3443 922 3471 re
955 3429 1068 3473 Sue-

199 3487 345 3530 tonius
389 3487 540 3530 Claud.
594 3491 673 3534 20:
730 3488 936 3532 Fucinum
986 3488 1068 3530 ad-

198 3562 368 3603 yressus
421 3556 481 3590 est
522 3562 610 3589 non
647 3550 786 3590 minus
833 3549 1071 3605 compendii

200 3621 271 3673 spe
325 3621 447 3660 quam
499 3607 689 3662 yion-iae,
754 3623 846 3650 cum
900 3608 1070 3663 quidam

194 3665 366 3723 privato
391 3674 554 3722 sumptu
583 3668 808 3709 emissuros
839 3683 882 3711 se
916 3680 1069 3723 repro-

793 1469 1019 1526 provincie
1050 1467 1131 1511 Ma.

1001 1528 1045 1572 8.
1080 1542 1102 1571 e
1134 1525 1215 1583 Ma,
1247 1541 1336 1570 non
1368 1540 1411 1570 a.

467 1328 598 1382 Dein
630 1343 724 1381 rex
756 1328 863 1381 eius
892 1343 1014 1380 orae
1047 1327 1349 1392 Antiochus,
1375 1325 1733 1378 blandimentis
1756 1324 2024 1377 adversum

1231 1470 1275 1511 4.
1315 1467 1555 1510 Tro-robore
1586 1465 1674 1509 Ma:
1712 1464 1943 1508 Trosobore
1973 1463 2024 1519 B,

1509 1527 1578 1571 10.
1608 1524 1751 1584 prael.
1787 1523 1859 1569 Or.
1955 1497 2029 1570 11.1

1153 1705 1391 1758 mitterent,
1423 1703 1462 1746 si
1490 1703 1572 1746 sibi
1600 1702 1755 1746 siccati
1787 1701 1887 1758 aqri
1917 1712 2025 1743 con-

1155 1766 1425 1807 cederentur.
1458 1763 1542 1805 Per
1559 1763 1648 1805 tria
1671 1768 1812 1804 autem
1825 1775 2027 1818 passuum

1153 1826 1290 1878 milia,
1322 1824 1485 1881 partim
1515 1824 1666 1880 effosso
1699 1828 1842 1864 monte
1862 1822 2026 1879 partim

1155 1885 1323 1937 exciso,
1375 1881 1574 1925 canalem
1615 1879 1794 1924 absolvit
1825 1894 1956 1937 aegre
1986 1887 2026 1923 et

1149 1951 1246 2014 post
1275 1943 1475 1986 undecim
1504 1955 1658 1995 annos,
1696 1941 1885 1996 quamvis
1917 1953 2025 1982 con-

1155 2005 1284 2046 tinuis
1314 2003 1494 2059 triyinta
1515 2001 1732 2044 hominum
1746 2000 1914 2042 milibus
1934 1999 2026 2041 sine

1154 2063 1472 2105 intermissione
1525 2059 1814 2118 operantibus.
1897 2057 2024 2101 Conf.

1152 2123 1269 2165 idem
1303 2135 1341 2165 c.
1375 2123 1429 2167 21
1465 2127 1576 2164 extr.
1609 2120 1694 2163 Dio
1725 2119 1797 2161 LX
1819 2119 1867 2161 11
1891 2123 1935 2160 et
1951 2119 2023 2162 33.

1153 2182 1320 2225 Plinius
1353 2180 1531 2224 XXXVI
1562 2180 1635 2224 24.

1241 2241 1456 2298 Augustus
1493 2246 1652 2283 structo
1688 2240 1809 2282 circa
1845 2237 2027 2280 Tiberim

1153 2309 1330 2358 staqno:
1377 2301 1558 2345 Sueton.
1591 2299 1706 2355 Aug.
1741 2298 1824 2342 43:
1869 2297 2026 2340 navate

1151 2361 1362 2419 proelium
1409 2359 1613 2416 (edidit)
1666 2359 1789 2400 circa
1846 2357 2027 2399 Tiberim

1155 2427 1306 2463 cavato
1338 2419 1444 2474 solo,
1475 2421 1523 2461 in
1553 2431 1632 2473 quo
1650 2431 1767 2460 nunc
1789 2417 2027 2459 Caesarum

1153 2494 1300 2523 nemus
1337 2486 1410 2522 est.
1459 2477 1633 2521 Tacitus
1648 2476 1750 2519 XIV
1769 2476 1848 2519 15·
1879 2489 2026 2519 nemus

1154 2540 1264 2595 quod
1314 2538 1465 2581 navali
1519 2544 1671 2593 staqno
1724 2536 2027 2592 circumposuit

1152 2599 1379 2654 Augustus.
1442 2597 1536 2638 Hoc
1566 2608 1720 2638 nemus
1753 2600 1798 2637 et
1822 2601 2024 2651 stagnum

1153 2659 1197 2698 in
1232 2657 1369 2699 hortis
1398 2670 1499 2711 quos
1515 2655 1694 2697 Tiberim
1721 2655 1845 2696 iuxta
1858 2654 2025 2696 Caesar

1156 2717 1343 2758 dictator
1370 2714 1526 2772 populo
1551 2715 1747 2757 Romano
1777 2713 2024 2768 leyaoerat:

1152 2776 1190 2819 11
1222 2777 1296 2818 41.
1331 2775 1510 2818 Sueton.
1547 2773 1673 2816 Caes,
1707 2773 1779 2816 83.
1815 2772 1899 2815 Sed
1919 2785 2022 2814 num

1154 2835 1270 2877 horti
1319 2834 1387 2876 illi
1431 2845 1672 2890 nemusque
1715 2833 1777 2875 cis
1829 2831 2024 2886 Tiberim,

1153 2901 1201 2936 ut
1246 2894 1381 2951 vulgo
1432 2894 1599 2950 legitur
1650 2893 1695 2934 in
1753 2892 2025 2948 transcriptis

1152 2954 1288 2997 Taciti
1334 2953 1504 3006 verbis,
1563 2952 1607 2994 h.
1659 2966 1698 2994 e.
1751 2952 1797 2993 in
1848 2951 2025 2994 sinistra

1153 3013 1320 3055 Tiberis
1352 3012 1478 3068 ripa?
1532 3012 1667 3054 Immo
1698 3011 1759 3053 ibi
1792 3011 1903 3053 nihil
1935 3011 2024 3053 loci

1154 3073 1355 3115 relictum
1378 3071 1592 3113 eiusmodi
1610 3076 1782 3127 stagno,
1808 3069 1885 3111 sed
1906 3075 2024 3112 stru..

1155 3138 1269 3173 ctum
1334 3131 1376 3172 id
1435 3136 1502 3172 est
1558 3137 1681 3172 trans
1738 3128 1918 3171 Tiberim
1978 3130 2022 3171 in

1154 3190 1480 3247 quartadecima
1510 3188 1628 3231 urbis
1661 3189 1859 3244 regione.
1908 3187 2022 3231 Audi

1153 3253 1294 3306 ipsum
1324 3251 1570 3306 Augustum
1613 3250 1656 3290 in
1696 3260 1888 3291 monum.
1927 3249 2022 3290 An-

1156 3323 1342 3364 cyrano:
1373 3308 1545 3351 navalis
1556 3307 1716 3364 proelii
1736 3307 2023 3364 spectaculum

1152 3369 1307 3426 populo
1339 3369 1437 3410 dedi
1468 3375 1589 3410 trans
1630 3367 1830 3418 Tiberim,
1864 3367 1910 3407 in
1943 3378 2020 3420 quo

1157 3429 1250 3471 loco
1305 3443 1421 3471 nunc
1468 3441 1615 3469 nemus
1664 3433 1723 3468 est
1772 3427 2019 3475 Caesarum,

1158 3495 1309 3531 cavato
1357 3487 1446 3530 soto
1485 3488 1532 3529 in
1574 3485 1877 3542 lonyitudinem
1907 3481 2021 3524 mille

1158 3557 1198 3591 et
1229 3549 1492 3603 octinqentos
1512 3546 1655 3602 pedes,
1688 3545 1735 3585 in
1757 3541 2022 3584 latitudinem

1150 3608 1304 3664 pedum
1333 3606 1449 3648 mille
1481 3613 1520 3646 et
1553 3605 1789 3653 ducentum,
1824 3613 1902 3655 quo
1936 3601 2020 3644 tri-

1153 3669 1275 3723 ginta
1326 3671 1537 3708 rffostiatae
1578 3675 1709 3705 nares
1749 3660 1941 3717 triremes
1983 3666 2023 3703 et
