2280 4004
157 1745 162 1750 ⁵
223 1749 290 1796 10.
322 1751 426 1795 inm.
462 1752 517 1795 M.

224 282 284 328 42
954 282 1247 332 ANNALIVM

1796 302 1846 335 a.
1864 285 1914 335 u*-
1946 279 2048 337 5⁶7.

222 429 459 483 stinatum
490 428 692 485 excidio
725 432 967 484 Ubiorum
1005 435 1260 501 oppidum,
1301 434 1620 503 imbutasque
1645 431 1838 502 praeda
1873 443 2050 490 manus

223 520 276 572 in
314 521 648 589 direptionem
690 523 959 575 Galliarum
1001 531 1282 592 erupturas.

1357 525 1594 596 Augebat
1636 531 1821 579 metum
1860 532 2051 595 gnarus

223 615 483 670 Romanae
519 614 786 668 seditionis
825 620 902 680 et,
953 615 997 667 si
1035 617 1351 669 omitteretur
1385 617 1526 684 ripa,
1566 617 1835 671 invasurus
1869 616 2050 673 hostis.

223 705 291 758 At
330 706 373 758 si
413 706 599 758 auxilia
634 712 684 758 et
720 707 850 758 socii
901 699 1173 774 adversum
1223 708 1547 762 abscedentis
1596 700 1834 778 legiones
1882 698 2076 764 arma-4

184 804 413 865 srentur,
456 799 606 850 civile
643 798 827 850 bellum
865 800 1071 866 suscipi.

1144 799 1435 853 Periculosa
1475 801 1754 867 severitaS,
1796 800 2052 870 flagitiosa

221 891 456 963 largitio:
511 905 602 943 seu
638 891 763 942 nihil
800 891 941 943 militi
982 892 1092 944 sive
1132 893 1300 945 omnia
1342 893 1718 960 concedentur,
1755 893 1808 945 in
1847 892 2054 960 ancipiti

220 997 306 1035 res
341 982 560 1050 publica.
635 982 796 1052 Igitur
845 983 1081 1038 volutatis
1130 985 1357 1049 intense
1393 984 1676 1058 rationibus
1726 984 1967 1053 placitum
1999 987 2055 1036 ut

223 1073 467 1141 epistulae
495 1075 700 1127 nomine
729 1075 972 1143 principis
1000 1060 1365 1142 scriberentur,
1401 1060 1694 1130 miSsionem
1725 1076 1836 1131 dari
1870 1075 2054 1131 vicena

221 1166 472 1234 stipendia
509 1168 725 1232 meritis3
792 1169 1113 1220 exauctorari
1169 1169 1254 1236 qui
1302 1183 1427 1221 sena
1467 1169 1598 1221 dena
1655 1168 1937 1233 fecissent,
1992 1183 2055 1224 ao

157 1263 207 1302 ¹⁰
220 1258 430 1311 retineri
459 1258 552 1311 sub
576 1259 763 1311 vexillo
795 1264 1082 1312 ceterorum
1106 1261 1352 1312 immunes
1380 1260 1478 1312 nisi
1504 1258 2054 1327 propulsandi'hostis3

217 1350 387 1420 legata
424 1366 553 1418 quae
586 1352 886 1418 petiverant,
931 1353 1098 1404 exolvi
1136 1352 1502 1419 duplicarique.

219 1447 412 1511 tempus
465 1443 710 1509 conficta,
766 1444 1034 1511 statimque
1093 1444 1357 1511 flagitavit.

1451 1442 1628 1496 Missio
1679 1457 1772 1510 per
1821 1442 2053 1494 tribunos

219 1538 520 1598 maturatum
559 1534 768 1602 largitio
794 1534 1124 1589 differebatur
1155 1535 1208 1589 in
1238 1535 1452 1590 hiberna
1484 1534 1743 1604 cuiusque.
1796 1534 1912 1590 Non
1933 1533 2057 1587 abs-

337 1692 378 1733 4.
413 1699 458 1734 at
492 1693 529 1734 si
560 1693 614 1746 M,
648 1705 733 1734 non
767 1706 821 1734 ac
857 1693 909 1735 si.

616 1753 683 1796 11.
718 1751 848 1795 eaesol.
883 1751 954 1795 Or.

306 1896 411 1953 Cap.
447 1899 520 1942 36.
574 1906 620 1941 at
651 1900 689 1941 si
720 1899 889 1941 auxilia
918 1905 958 1940 et
988 1899 1097 1941 socii

219 1965 555 2000 ——armarentur
569 1973 581 1999 .·
596 1958 759 2000 auxilia
770 1959 876 2001 dicit
891 1957 1096 2001 cohortes

218 2018 437 2059 sociorum
472 2023 516 2060 et
558 2018 649 2059 alas
683 2031 794 2074 quae
835 2018 1016 2059 aderant
1048 2020 1093 2060 in

219 2075 387 2119 duabus
439 2076 704 2130 GermaniiS,
766 2077 813 2118 in
867 2079 1095 2131 superiore

219 2141 353 2191 atque
394 2137 629 2190 inferiore,
683 2137 824 2178 socios
862 2138 937 2193 qui
977 2149 1094 2179 novo

220 2195 396 2239 delectu
414 2198 555 2253 parari
580 2203 785 2253 poterant
816 2201 859 2238 et
892 2198 1095 2253 componi

219 2256 264 2297 in
296 2255 500 2298 cohortes
533 2257 784 2298 auxiliares,

301 2329 613 2371 concedentur.-
634 2341 721 2369 non
739 2341 845 2370 vere
858 2329 1095 2371 Rhenanus

219 2389 405 2431 mutavit
424 2387 590 2430 codicis
616 2389 873 2443 scripturam
907 2389 952 2429 in
988 2403 1095 2430 con..

221 2449 505 2491 cederentur:
549 2448 751 2489 nimirum
796 2448 832 2489 is
866 2448 920 2489 ad
960 2448 1095 2490 verba

214 2507 463 2566 periculosa
493 2508 715 2560 severitas,
745 2506 960 2563 flagitiosa
999 2506 1095 2550 lar-

217 2569 322 2625 qitio
356 2567 468 2608 falso
491 2567 725 2622 supplebat
747 2566 985 2619 videbatur,
1018 2565 1096 2610 sed

219 2626 595 2683 subintelligenda
649 2632 715 2668 est
766 2628 912 2680 potius
967 2627 1097 2669 tertia

219 2686 479 2729 substantivi
514 2686 637 2728 verbi
671 2698 860 2741 persona
892 2688 1007 2745 (est).

309 2774 414 2828 Cap.
448 2775 520 2816 37.
603 2774 717 2828 turpi
756 2774 954 2829 agmine,
1003 2788 1097 2815 cum

213 2834 310 2888 fisci
334 2834 383 2875 de
408 2834 667 2889 imperatore
689 2832 1095 2890 rapti—veheren-

219 2900 312 2935 tur.-
358 2893 474 2947 quod
507 2893 705 2947 quintani
751 2899 883 2947 atque
916 2894 1095 2934 unetvi-

220 2952 427 2993 cesimani
441 2957 728 3003 extorserant,
744 2958 791 2992 ut
808 2951 954 3007 legata
967 2952 1096 2993 exol-

219 3016 444 3062 verentur,
478 3011 591 3052 idem
614 3012 811 3065 quamvis
845 3023 930 3051 non
965 3010 1095 3066 flagi-

219 3069 411 3111 tantibus
435 3071 600 3123 primae
618 3083 669 3110 ac
690 3069 928 3110 vicesimae
948 3066 1094 3124 legio-

220 3130 347 3171 nibus
382 3141 667 3180 concessum,
715 3127 791 3169 sed
826 3128 1095 3170 necessitate

220 3188 403 3245 quadam
453 3200 709 3230 concessum
754 3199 854 3228 esse
908 3188 1095 3242 (quippe

220 3247 456 3290 aemulatio
490 3247 713 3303 legionum
744 3258 831 3287 non
856 3246 1095 3287 toleratura

222 3314 337 3358 erat,
387 3313 434 3347 ut
486 3306 553 3348 his
596 3307 785 3360 pecunia
831 3305 1094 3357 solveretur,

222 3367 334 3419 apud
356 3365 455 3407 illos
481 3366 770 3422 differretur),
798 3363 840 3405 id
859 3364 926 3405 his
948 3365 1094 3407 verbis

221 3425 416 3466 breviter
449 3426 739 3480 significatum
776 3429 856 3466 est.

324 3498 437 3537 inter
488 3499 613 3552 siqua
660 3500 853 3552 interque
900 3498 1092 3552 aquilas:

225 3558 349 3612 signa
383 3560 483 3595 sunt
507 3557 671 3597 vexilla
690 3559 983 3598 centuriarum
1017 3570 1094 3611 pro

224 3614 412 3671 singulis
430 3614 685 3656 cohortibus
707 3616 910 3658 distincta
936 3623 979 3658 et
1012 3629 1095 3658 no-

226 3681 329 3725 tata.
392 3674 575 3716 Perinde
597 3675 726 3729 signa
759 3681 802 3716 et
819 3675 967 3731 aquila
997 3689 1093 3718 me-

1003 1693 1047 1736 6.
1078 1693 1187 1750 sive]
1221 1691 1302 1735 sibi
1335 1691 1404 1734 M:
1445 1689 1638 1734 correxit
1667 1690 1754 1733 Iac.
1790 1689 2052 1734 Gronovius.

1179 1901 1403 1938 morantur
1444 1907 1482 1937 c.
1524 1893 1605 1937 39:
1651 1892 1744 1934 illic
1785 1891 1854 1948 (in
1895 1890 2052 1933 castris

1180 1955 1346 2011 primae
1378 1955 1594 2012 legionis)
1639 1953 1766 2008 siqna
1797 1957 1836 1993 et
1867 1949 2056 2006 aquilam

1181 2014 1400 2071 amplexas
1431 2014 1640 2071 religione
1683 2026 1774 2055 sese
1820 2009 2054 2054 tutabatur.

1183 2072 1311 2116 Conf.
1345 2073 1400 2115 ad
1430 2075 1449 2114 1
1480 2075 1556 2117 34.
1860 2102 1862 2104 ψ

1271 2132 1376 2188 Cap.
1410 2132 1483 2177 38.
1543 2130 1765 2174 vexillarii
1796 2128 2057 2172 discordium

1181 2193 1422 2249 leyiomaem:
1465 2189 1722 2235 Germanice
1764 2190 2056 2244 interpretare

1182 2252 1608 2295 Fcihnleinsmannen
1659 2248 1735 2292 dor
1773 2248 2055 2304 aufrntbreri-

1180 2312 1312 2353 schen
1325 2312 1559 2368 Legionen.
1584 2309 1691 2352 Nam
1703 2307 1925 2350 vexillarii
1935 2308 2055 2350 mili-

1183 2377 1250 2414 tes
1285 2370 1382 2413 sive
1405 2370 1640 2413 vemillares
1657 2370 1754 2411 sive
1773 2366 1938 2410 ven-illa
1950 2372 2056 2410 tunc

1181 2436 1490 2483 memorantur,
1526 2442 1624 2471 cum
1646 2440 1792 2484 neque
1813 2427 1935 2484 legio
1956 2438 2054 2469 eum

1181 2491 1330 2547 aquila
1351 2502 1430 2532 sua
1449 2501 1594 2545 neque
1627 2487 1786 2530 cohors
1808 2486 2058 2544 legionario

1183 2562 1281 2592 cum
1314 2549 1515 2591 omnibus
1546 2548 1636 2590 suis
1667 2545 1875 2599 vexillis,
1907 2557 2055 2602 noque

1183 2609 1387 2651 cohortes
1421 2607 1611 2650 sociales
1645 2619 1742 2649 cum
1774 2606 1916 2663 signis
1947 2604 2055 2658 suis,

1182 2682 1327 2724 neque
1348 2668 1432 2721 ala,
1466 2668 1510 2710 h.
1531 2680 1572 2709 e.
1590 2678 1800 2708 numerus
1831 2666 2055 2721 quingen-

1182 2734 1325 2769 torum
1358 2728 1553 2783 equitum
1586 2738 1642 2768 ex
1673 2725 1833 2778 sociis,
1865 2722 1945 2777 sed
1976 2724 2055 2765 de-

1183 2788 1282 2830 lecti
1323 2800 1377 2829 ex
1410 2785 1664 2844 legionibus
1696 2783 1771 2826 vel
1804 2797 1860 2826 ex
1893 2782 2055 2825 cohor-

1178 2845 1298 2889 tibus
1330 2847 1549 2889 sociorum
1589 2843 1663 2886 vel
1705 2856 1762 2887 ex
1792 2842 1875 2886 alis
1907 2842 2055 2897 nomi-

1182 2900 1313 2948 handi
1332 2911 1447 2948 sunt.
1511 2904 1594 2956 Qui
1617 2902 1782 2946 delecti
1813 2903 1850 2944 si
1867 2906 1970 2944 sunt
2001 2914 2056 2944 ex

1176 2964 1456 3021 legionariis,
1515 2962 1678 3005 ves-itta
1721 2962 1936 3018 leyt'omcm
1982 2960 2056 3003 vel

1181 3024 1403 3066 vexillarii
1420 3024 1634 3079 leyionum
1658 3027 1887 3073 vocantur,
1914 3020 2054 3063 veluti

1182 3084 1267 3124 hoc
1298 3088 1446 3123 nostro
1488 3083 1587 3123 loco
1631 3080 1706 3121 ubi
1745 3079 1970 3121 vex-'llario‘
1999 3079 2053 3120 ab

1181 3143 1280 3183 aliis
1302 3154 1528 3196 perperam
1547 3152 1624 3193 pro
1647 3139 1863 3180 veteranis
1883 3136 2054 3179 haben-

1181 3207 1250 3243 tur
1262 3201 1414 3256 (immo
1436 3205 1673 3242 veteranos
1697 3203 1788 3238 tum
1803 3196 1918 3252 apud
1936 3197 2053 3251 ipsas

1181 3261 1385 3316 legiones
1408 3260 1452 3300 in
1472 3258 1653 3300 aestivis
1685 3256 1738 3298 ad
1756 3255 1897 3298 Rheni
1915 3256 2053 3310 ripam

1182 3320 1320 3361 fuisse
1354 3318 1592 3360 edocemur
1621 3315 1770 3358 verbis
1788 3315 1879 3357 illis
1911 3328 1951 3356 c.
1971 3315 2052 3358 35:

1181 3379 1472 3420 atrocissimus
1525 3384 1827 3418 veteranorum
1891 3372 2055 3414 clamor

1182 3443 1310 3495 cet.],
1344 3443 1387 3478 et
1419 3437 1475 3478 lv
1510 3438 1567 3479 73
1597 3434 1758 3477 vexilla
1789 3433 2001 3487 leyionum
2033 3447 2054 3473 e

1181 3498 1403 3554 superiore
1455 3497 1686 3552 provincia
1744 3497 1789 3534 et
1840 3490 1938 3532 XIV
1995 3492 2054 3534 34

1183 3564 1338 3612 quarta
1359 3557 1536 3598 decuma
1559 3554 1668 3609 leyio
1700 3564 1794 3592 cum
1812 3549 2054 3591 vexillariis

1180 3618 1464 3666 vicesimanis,
1499 3614 1541 3656 h.
1572 3626 1610 3655 e.
1635 3623 1732 3653 cum
1763 3608 1948 3651 delectis
1982 3611 2052 3650 vi-

1183 3677 1372 3717 cesimae
1418 3673 1622 3729 legionis.
1697 3667 1825 3715 Conf.
1858 3667 2049 3721 XV26:

1610 1351 1779 1404 Sensit
1813 1350 1960 1403 miles
1996 1349 2050 1401 in
2068 1345 2139 1394 37
