2280 4004
239 243 357 290 aaa
1014 242 1307 286 ANNALrvu
1809 262 1848 294 a.
1882 261 1926 294 a.
1961 248 2070 313 785„

238 384 326 442 Sic
359 385 554 453 Regulo
603 385 739 438 salus
790 390 839 437 et
875 386 1046 437 'lrioni
1090 387 1264 440 dilatio
1324 387 1489 441 exitii
1509 389 1754 455 quaesit-a.
1827 391 2061 447 Haterius

238 476 453 528 invisior
492 477 609 542 suit,
653 476 767 542 quia
807 490 986 529 somno
1029 483 1112 530 aut
1150 478 1441 532 libidinosis
1477 479 1674 548 vigiliis
1705 470 1978 548 marcidum
2015 488 2065 536 et

240 567 303 618 ob
333 567 600 634 segnitiam
638 568 865 633 quamvis
903 569 1158 629 crudelem
1195 571 1474 637 principem
1513 586 1615 623 non
1652 577 1898 638 metucns,
1932 562 2068 626 inlu·-

237 657 424 710 stribus
462 658 586 708 viris
621 659 900 724 perniciem
931 659 1062 711 inter
1095 658 1313 728 'ganeam
1347 678 1406 714 ac
1442 668 1612 730 stupra
1645 660 1996 716 meditabatur.

200 761 220 808 ξ.
376 749 506 800 Exin
542 749 687 818 Cotta
724 751 1057 817 Messalinus,
1117 750 1734 822 saevissimaecuiusque
1785 746 2116 809 sententi‘ae5

237 845 417 892 auctor
468 855 631 908 eoque
678 841 978 907 inveterata,
1011 843 1234 910 invidia,
1294 846 1379 897 ubi
1419 847 1630 912 primum
1681 847 1892 899 facultas
1932 847 2065 912 data,

235 933 464 1000 arguitur
499 933 771 1001 pleraque:
826 934 1001 1010 Gaium
1043 936 1495 1003 Caesarem-quasi
1533 937 1760 990 incertae
1794 924 2065 1003 virilitatis}

236 1029 285 1075 et
325 1040 436 1078 cum
479 1025 562 1078 die
598 1026 753 1078 natali
792 1029 1057 1095 Augustae
1094 1028 1226 1080 inter
1263 1029 1563 1081 sacerdotes
1600 1029 1915 1096 epularetur,
1966 1043 2069 1107 22-

234 1116 520 1169 xendialcm
560 1134 670 1169 eam
714 1134 905 1191 cenam
930 1119 1145 1183 dixisse3
1183 1135 1503 1193 querensque
1546 1121 1611 1172 de
1646 1121 1869 1187 potentia
1906 1121 2064 1173 Marci

173 1183 422 1274 ioLepidi
448 1196 509 1260 ac
547 1209 687 1261 Lucii
728 1198 981 1275 Ariuntii,
1049 1226 1159 1262 cum
1213 1212 1392 1278 quibus
1445 1213 1509 1286 ob
1562 1228 1668 1263 rem
1721 1211 2065 1278 pecuniariam

236 1299 569 1366 disceptabat,
615 1301 904 1353 addidisse:
936 1296 1072 1353 illos
1112 1302 1312 1368 quidem
1352 1309 1706 1367 senat11S,1ne
1747 1307 1912 1355 autem
1947 1307 2063 1355 tuc-

235 1390 369 1441 bitur
405 1390 688 1442 Tiberiolus
732 1391 905 1443 meus.²
978 1393 1152 1458 Neque
1193 1397 1372 1444 cuncta
1423 1410 1451 1444 a
1499 1393 1806 1459 primoribus
1842 1393 2061 1445 civitatis

234 1482 620 1547 revincebatur,
680 1484 843 1550 iisque
879 1484 1180 1535 instantibus
1233 1485 1293 1535 ad
1356 1485 1709 1551 imperatorem
1749 1485 2064 1551 provocavit.

234 1572 339 1627 Nec
378 1572 532 1629 multo
570 1578 685 1640 post
718 1573 917 1626 litterae
957 1574 1283 1639 adferuntur,
1339 1575 1519 1641 quibus
1556 1575 1606 1625 in
1643 1575 1845 1627 modum
1885 1574 2068 1628 defen-

172 1664 414 1729 15siouis,
451 1665 668 1731 repetito
704 1666 835 1718 inter
869 1681 925 1717 se
963 1671 1112 1732 atque
1143 1666 1338 1717 Cottam
1372 1666 1626 1718 amicitiae
1663 1666 2069 1732 principiocre-

235 1755 443 1821 brisque
482 1757 590 1808 eius
632 1756 815 1809 officiis
871 1758 1307 1823 commemoratis,
1365 1773 1429 1809 ne
1479 1757 1634 1809 verba
1674 1773 1831 1824 prave
1870 1757 2067 1810 detorta

233 1863 332 1900 neu
372 1849 707 1901 convivalium
747 1850 1029 1901 fabularum
1087 1850 1381 1916 simplicitas
1442 1850 1493 1900 in
1551 1850 1744 1902 crimen
1797 1850 2129 2105 duceretur{

38 1422 92 1485 ><

233 1939 522 2005 postulavit.
600 1941 805 2009 Insigne
843 1941 1006 1993 visum
1040 1945 1117 1993 est
1154 1957 1327 1993 earum
1364 1941 1598 1993 Caesaris
1648 1941 1927 2001 litterarum
1965 1941 2065 1994 ini-

236 2031 385 2095 tium3
425 2047 535 2083 nam
574 2033 651 2083 liis
680 2033 853 2085 verbis
883 2048 1096 2085 exorsus
1136 2038 1244 2086 est:
1279 2031 1415 2099 ‘quid
1445 2033 1664 2086 scribam
1696 2034 1862 2099 vobis,
1897 2038 2066 2101 patres

1188 2224 1209 2238 ρ

352 2223 393 2264 4.
424 2223 665 2279 permittent
698 2223 750 2265 M.
845 2224 885 2266 5.
925 2224 1036 2266 exim
1069 2223 1121 2265 M.
1192 2242 1226 2266 A.
1265 2223 1312 2265 C.
1348 2222 1402 2265 M.

235 2279 272 2323 M
315 2282 499 2335 incerta,
533 2282 774 2324 Beroaldus
810 2284 1001 2335 incesta,
1037 2283 1137 2324 inde
1171 2282 1404 2324 Rhenanus
1436 2283 1640 2326 incestae.

236 2354 312 2394 que
349 2341 402 2382 M.
508 2342 566 2383 M.
606 2343 657 2384 M.
758 2342 823 2384 10.
859 2343 908 2385 L.
944 2343 998 2384 M.

237 2408 482 2442 cnm-tatus.
520 2401 707 2443 l'ieliena
742 2415 873 2456 eaque
908 2410 1075 2445 cuncta.

1485 2223 1678 2264 incertae
1711 2221 2036 2266 Freinshemius
2053 2237 2063 2266 ε

1755 2283 1796 2327 9.
1829 2296 2065 2338 quaerens-

1096 2344 1162 2385 12.
1199 2356 1331 2396 neque
1363 2349 1519 2383 cuneta
1552 2343 1615 2384 M:
1656 2342 1896 2384 Beroaldus
1931 2356 2065 2397 neque

1235 2402 1301 2444 15.
1335 2402 1529 2443 amicitia
1563 2402 1615 2444 M.
1742 2401 1807 2445 19.
1843 2401 1888 2444 Ρ.
1924 2402 1972 2444 C.
2008 2402 2061 2444 M.

325 2564 473 2606 «litatio
507 2566 654 2607 exitii.-
701 2580 838 2622 usque
883 2568 934 2608 ad
970 2581 992 2609 a
1026 2569 1105 2610 535:

237 2634 278 2671 v.
315 2623 369 2664 Vl
402 2625 473 2666 38.

1193 2575 1291 2622 post
1324 2574 1505 2610 mortem
1531 2567 1602 2610 die
1636 2566 1910 2609 inhonorem
1945 2580 2062 2610 mor-

1195 2629 1254 2668 tui
1301 2627 1515 2669 celebrari
1561 2625 1706 2669 solita.
1770 2626 2002 2680 Donatus,
2039 2641 2063 2670 n

242 2705 244 2708 ·
324 2681 428 2736 Cap.
462 2685 502 2725 5.
553 2684 705 2726 Gai-um
731 2685 961 2726 Caesarem
988 2687 1109 2739 quasi

236 2742 430 2783 incertae
462 2743 680 2784 virilitatis
715 2770 768 2775 —-
805 2745 989 2786 dixisse:
1025 2758 1107 2785 no-

235 2813 332 2842 meu
384 2803 522 2855 ipsum
569 2816 591 2843 a
628 2802 755 2844 Cotta
789 2804 895 2845 Gaio
930 2804 1105 2846 Caesari

235 2859 424 2902 additum
444 2862 604 2905 omisit.
640 2875 694 2902 ne
720 2862 898 2905 humilia
921 2863 1108 2906 foedare

234 2918 509 2962 admisceret.
584 2920 908 2964 1⁴‘reinsliemius
955 2923 1109 2965 Caium

236 2977 469 3021 Caesarem
503 2981 708 3032 coniecit,
743 2981 818 3022 sed
853 2989 1003 3023 eontra
1037 2985 1106 3023 ui-

236 3037 338 3084 titur
371 3039 601 3080 verborum
651 3040 899 3084 collocatio.
966 3042 1105 3095 Ipsum

239 3097 396 3139 nomen
423 3097 530 3140 illud
556 3111 633 3153 per
663 3099 795 3141 verba
816 3101 938 3155 qnasi
959 3102 1106 3143 incer-

237 3164 306 3198 tae
339 3157 559 3200 virilitatis
585 3159 875 3214 significatum
905 3166 985 3202 est.
1037 3162 1107 3202 Sic

238 3216 293 3261 ‚vl
343 3218 395 3259 31
451 3218 637 3274 xulgart.
703 3220 888 3261 enimc-lai
949 3233 1104 3261 nomen

236 3283 543 3330 compensatur
568 3278 750 3319 vocibus
785 3280 1006 3336 ademptae
1038 3281 1106 3321 τί-

234 3335 423 3377 rilitatis.
505 3337 674 3379 Incesta
721 3345 862 3380 autem
922 3339 1106 3380 tirilitas

235 3393 352 3435 nulla
391 3398 724 3450 cst.qua1mis
759 3398 809 3439 ad
853 3398 1105 3452 patrandum

236 3454 447 3494 incestum
512 3456 628 3495 abuti
685 3457 843 3511 aliquis
897 3458 1106 3499 virilitate

237 3513 387 3565 possit.

308 3571 604 3613 novendialem
634 3587 726 3615 eam
752 3589 903 3617 cenam
925 3576 1106 3618 dixisse.-

237 3629 510 3677 novendialis
542 3638 660 3691 ‚cena
705 3640 766 3676 est
811 3633 961 3678 feralis
994 3648 1108 3679 nono

1194 2687 1340 2740 Lipsio
1378 2691 1753 2739 eonnnemoratus,
1787 2686 1839 2728 ad
1871 2685 2062 2729 Terentii

1195 2745 1366 2787 l’liorm.
1402 2746 1416 2788 1
1459 2749 1477 2788 1
1513 2745 1567 2788 6:
1601 2747 1645 2786 in
1678 2747 1837 2802 viuptit's
1865 2747 2063 2803 septimus

1195 2806 1283 2846 dies
1315 2807 1672 2847 instant-ationem
1703 2807 1789 2847 voti
1819 2805 1970 2858 habet,
2018 2812 2064 2847 nt

1195 2866 1235 2905 in
1284 2866 1436 2918 secuere
1483 2879 1645 2917 nonus,
1694 2878 1772 2920 quo
1813 2864 2065 2921 parentalia

1195 2923 1521 2967 concluduntur.
1585 2924 1682 2965 Alia
1711 2923 1858 2966 attulit
1875 2924 2061 2980 LipsinS.

1196 2982 1320 3024 Cotta
1356 2984 1420 3026 liis
1457 2983 1603 3025 verbis
1637 2983 1857 3037 protessus
1890 2989 1984 3026 erat
2014 2995 2063 3025 se

1193 3043 1433 3098 Augustam
1477 3055 1553 3097 pro
1598 3043 1697 3083 diva
1745 3055 1828 3084 non
1883 3042 2061 3093 babere,

1196 3103 1322 3142 immo
1374 3104 1466 3143 eius
1518 3102 1768 3143 memoriam
1825 3114 1914 3143 non
1963 3101 2062 3144 aliis

1194 3160 1406 3202 celebrari
1431 3160 1684 3212 honoribus,
1716 3173 1843 3216 quam
1877 3162 1949 3217 qui
1983 3173 2062 3204 ce-

1195 3221 1296 3260 teris
1331 3219 1578 3261 hominibus
1614 3221 1869 3263 tribuantur.

1192 3279 1290 3320 XVI
1325 3281 1402 3322 22:
1445 3280 1628 3321 eiusdem
1668 3281 1804 3321 (enimi
1844 3287 1903 3322 est
1949 3279 2061 3336 Pop-

1933 3219 2060 3262 Cont'.
2102 3271 2104 3274 v

1190 3352 1344 3394 paea-m
1371 3340 1509 3380 diram.
1542 3353 1625 3379 non
1649 3339 1838 3391 credere,
1867 3340 1986 3382 cuins
2015 3339 2061 3378 in
2085 3376 2089 3387 .

1193 3405 1293 3439 acta
1326 3398 1414 3440 ‹tiz-1?
1439 3398 1620 3453 Auqnsti
1654 3405 1692 3440 et
1724 3399 1811 3439 dim·
1845 3398 1946 3440 Iulii
1974 3397 2087 3450 ποηζ

1192 3459 1356 3499 imm-‚e
1420 3457 1573 3499 liviae
1621 3457 1805 3499 natalem
1856 3454 2061 3497 incidisse
2084 3452 2090 3512 ’ξ

1196 3531 1232 3559 ·ι,
1269 3516 1308 3558 d.
1345 3516 1404 3558 lv
1440 3516 1648 3558 kalendas
1682 3515 1891 3557 Octobres
1931 3519 2089 3555 acute.¹

1196 3578 1388 3644 iweppeiit
1430 3575 1691 3617 letionnius
1745 3572 1926 3616 Recueil
1984 3557 2095 3616 desl

1198 3638 1329 3679 inser.
1364 3634 1449 3679 iol
1479 3635 1584 3691 lp.
1619 3631 1691 3677 85.
1743 3663 1747 3665 »

2052 3658 2059 3663 ,
2083 3612 2092 3651 l
