2280 4004
249 244 356 289 272*
1017 246 1309 291 ANNALIVM
1824 262 1864 293 a.
1895 260 1942 299 m
1973 248 2078 297 7⁷8.

249 389 594 444 benivolentia
650 389 807 457 patris
846 390 1066 458 Augusti
1114 395 1163 442 et
1207 406 1326 443 mox
1379 391 1606 458 plurimis
1642 392 1830 449 Tiberii
1875 394 2085 452 iudiciis

249 481 317 534 ita
354 482 669 547 insuevisse,
703 487 758 532 ut
795 497 911 548 spes
955 487 1176 548 votaque
1214 498 1305 543 sua
1341 497 1445 534 non
1478 484 1618 550 prius
1664 484 1729 536 ad
1767 483 2079 553 deossquam

250 573 315 624 ad
362 573 642 639 principum
705 587 854 624 aures
912 573 1184 625 conferret.
1283 575 1458 640 Neque
1525 575 1777 643 fulgorem
1829 575 2079 635 honorum

249 677 468 729 unquam
502 667 790 729 precatum:
830 663 1071 715 excubias
1102 652 1170 716 'ac
1206 664 1428 730 laboreS,
1467 670 1520 716 ut
1557 681 1710 717 unum
1751 682 1781 718 e
1820 666 2076 732 militibus,

213 769 341 821 spro
381 753 727 806 incolumitate
774 755 1095 820 imperatoris
1135 756 1298 808 malle.
1374 756 1609 810 Attamen
1649 758 1783 824 quod
1837 758 2082 825 pulcher-2

247 847 444 912 rimum,
485 846 737 912 adeptum,
775 852 828 897 ut
866 847 1226 899 coniunctione
1260 848 1495 901 Caesaris
1545 849 1728 917 dignus
1766 849 2078 902 crederetur.-

247 938 378 990 Hinc
415 938 608 988 initium
643 938 768 1004 spei.
843 939 905 989 Et
942 940 1179 1005 quoniam
1219 941 1469 992 audiverit
1503 941 1785 1009 Augustum
1826 942 1879 992 in
1912 941 2080 994 collo-

250 1028 412 1080 canda
452 1028 553 1080 filia
579 1029 811 1080 nonnihil
845 1030 994 1081 etiam
1029 1030 1092 1081 de
1133 1031 1382 1096 equitibus
1411 1032 1651 1084 Romanis
1688 1031 2075 1097 consultavisse,

247 1120 333 1186 ita,
373 1120 416 1172 si
452 1121 660 1172 maritus
699 1120 873 1172 Liviae
911 1127 1266 1187 quaereretur,
1320 1122 1531 1174 haberet
1565 1123 1616 1173 in
1658 1124 1825 1174 animo
1862 1123 2076 1175 amicum

179 1228 232 1265 ’ω
247 1212 356 1264 sola
393 1212 787 1264 necessitudinis
817 1212 981 1280 gloria
1017 1228 1239 1264 usurum.
1315 1214 1428 1265 Non
1457 1214 1588 1266 enim
1619 1230 1808 1266 exuere
1843 1215 2076 1282 imposita

182 1344 192 1379 ,Ι
245 1304 449 1355 munia:
529 1303 651 1354 satis
710 1303 980 1355 aestimare
1043 1302 1230 1354 firmari
1288 1304 1488 1356 domum
1554 1305 1824 1357 adversum
1876 1305 2076 1373 iniquas

184 1380 195 1466 ζ
244 1395 557 1463 Agrippinae
582 1394 912 1460 offensiones,
939 1394 1091 1460 idque
1123 1394 1398 1446 liberorum
1438 1411 1607 1447 causa.
1669 1396 1793 1448 Nam
1820 1395 1919 1448 sibi
1947 1395 2080 1449 mul-

245 1491 346 1537 tum
384 1501 637 1553 superque
678 1486 812 1538 vitae
850 1486 988 1551 fore,
1029 1486 1164 1552 quod
1198 1486 1285 1538 tali
1333 1502 1444 1538 cum
1486 1488 1716 1554 principe
1752 1487 2075 1554 explevisset.

179 1606 184 1623 ;
243 1577 326 1629 Ad
365 1593 424 1629 ea
459 1577 689 1629 Tiberius
738 1577 940 1628 laudata
983 1577 1170 1643 pietate
1208 1577 1380 1631 Seiani
1417 1578 1624 1645 suisque
1666 1579 1718 1629 in
1765 1593 1878 1631 eum
1913 1578 2162 1636 bene-240

181 1669 373 1722 isficiis
410 1669 614 1721 modice
648 1669 939 1735 percursiS,
1002 1684 1113 1720 cum
1168 1674 1362 1735 tempus
1412 1675 1662 1736 tamquam
1712 1670 1775 1722 ad
1824 1671 2075 1739 integram

246 1761 667 1812 consultationem
706 1760 999 1827 petivisset,
1062 1761 1290 1812 adiunxit
1349 1762 1533 1813 ceteris
1582 1762 1878 1814 mortalibus
1916 1763 1969 1814 in
2009 1777 2072 1815 eo

243 1859 379 1906 stare
418 1853 631 1904 consilia
671 1852 790 1919 quid
819 1852 916 1904 sibi
956 1852 1246 1904 conducere
1278 1857 1467 1919 putent,
1504 1854 1784 1921 principum
1819 1854 2071 1908 diversam

243 1961 358 1997 esse
396 1950 613 2010 sortem,
677 1944 857 2010 quibus
898 1944 1171 2010 praecipua
1221 1960 1389 1996 rerum
1442 1945 1506 1995 ad
1555 1945 1737 1996 famam
1786 1946 2071 2014 dirigenda.

242 2037 363 2088 Ideo
403 2051 460 2088 se
496 2051 599 2087 non
638 2035 758 2086 illuc
799 2035 1076 2088 decurrere
1113 2035 1247 2101 quod
1289 2041 1570 2102 promptum
1600 2038 1881 2104 rescriptu,
1918 2052 2073 2105 posse

176 2128 404 2195 aoipsam
442 2127 634 2179 Liviam
672 2131 921 2191 statuere,
980 2127 1267 2178 nubendum
1306 2133 1421 2193 post
1460 2128 1677 2180 Drusum
1716 2143 1780 2181 an
1819 2129 1870 2180 in
1909 2144 2073 2196 pena-

243 2220 376 2271 tibus
416 2219 577 2271 isdem
615 2218 934 2270 tolerandum
973 2218 1213 2282 haberet,
1271 2234 1387 2271 esse
1425 2219 1496 2270 illi
1543 2225 1752 2272 matrem
1803 2225 1854 2273 et
1889 2222 2072 2287 aviam,

240 2312 482 2378 propiora
523 2311 755 2362 consilia.
831 2310 1116 2376 Simplicius
1144 2315 1387 2362 acturum.
1450 2312 1526 2362 De
1551 2312 1826 2364 inimicitiis
1861 2314 2072 2380 primum

240 2403 573 2471 Agrippinae,
605 2417 728 2469 quas
764 2402 920 2470 longe
953 2402 1121 2454 acrius
1159 2417 1380 2468 arsuraS,
1419 2403 1463 2454 si
1501 2404 1872 2455 matrimonium
1898 2405 2073 2456 Liviae

357 2558 399 2598 3.
431 2557 627 2611 principe
661 2569 755 2597 cum
792 2555 868 2598 lin.
907 2556 961 2599 M.
1084 2557 1125 2599 4.
1160 2572 1357 2613 umquam
1390 2558 1443 2601 M.

242 2615 283 2657 5.
318 2615 598 2657 incolimitate
631 2615 686 2656 M.
751 2629 828 2670 quo
860 2616 912 2658 M.
979 2617 1018 2658 7.
1047 2616 1156 2659 conl.
1193 2617 1245 2658 Μ.

240 2688 363 2717 suere
395 2674 449 2716 M.
542 2675 630 2730 inp.
664 2673 719 2715 M.
820 2677 887 2716 14.
920 2676 1139 2728 ueneficiis
1170 2676 1223 2718 M.

1565 2566 1740 2615 pentum
1772 2573 1868 2602 cum
1901 2559 1978 2604 lin.
2014 2561 2068 2605 M.

1310 2618 1351 2660 9.
1386 2618 1561 2660 haberet
1592 2620 1752 2661 ianimo
1779 2620 1833 2663 M.
1901 2621 1967 2664 10.
1992 2635 2070 2662 ex-

1304 2676 1372 2719 18.
1408 2677 1541 2733 cleriq.
1582 2679 1635 2721 M.

195 2843 199 2860 Ι
328 2804 527 2846 iudiciis.-
573 2804 614 2846 h.
659 2817 697 2845 e.
747 2803 1001 2846 honorificis
1047 2806 1118 2846 iu-

198 2871 202 2921 }
243 2863 384 2905 (liciis.
441 2862 507 2905 Cf.
530 2862 635 2918 Agr,
656 2865 738 2905 43:
772 2864 876 2905 satis
897 2865 1119 2906 constabat

204 2928 206 2937 ‘
245 2948 300 2955 -—
326 2923 530 2964 laetatum
550 2937 643 2964 eum
673 2923 785 2964 velut
816 2923 978 2965 honore
1000 2925 1117 2966 iudi-

202 3008 206 3031 ,ι
245 2983 405 3037 cioque.
450 2983 499 3024 11.
533 2981 550 3022 l
587 2983 670 3024 15:
693 2982 844 3023 iudicii
868 2985 951 3024 <mei
984 2983 1116 3024 ‹Iocu-

197 3039 202 3087 ,’
243 3049 442 3083 mentum.
566 3042 863 3082 coniunctione
891 3043 1115 3083 Caesaris:

1291 2821 1379 2848 non
1410 2810 1521 2850 enim
1554 2822 1736 2851 exuere:
1770 2822 1811 2853 v.
1845 2808 1899 2851 ad
1922 2809 1979 2852 ΠΙ
1995 2809 2067 2853 40.

1204 2864 1321 2907 Dicit
1352 2868 1498 2909 munia
1526 2869 1828 2922 praefecturae
1844 2870 2067 2924 praetorii.

1292 2954 1522 2997 liberorum
1560 2970 1719 2998 causa.-
1752 2957 1953 3013 suggerit
1982 2961 2070 2998 tres

1204 3013 1366 3055 liberos
1412 3029 1506 3056 eum
1550 3017 1734 3069 Apicata
1774 3017 1948 3071 genitos
1981 3017 2069 3057 ini-

243 3102 426 3155 respicit
490 3100 604 3156 quod
645 3100 814 3142 Claudii
857 3101 947 3143 lilio
991 3114 1117 3143 socer

245 3162 338 3214 ipse
359 3160 600 3202 destinatus
623 3166 738 3214 erat3
761 3160 877 3203 v.111
897 3162 968 3213 29,
991 3161 1049 3202 lv
1076 3162 1116 3203 7.

331 3219 532 3261 nonnihil
563 3221 689 3261 etiam
712 3220 761 3261 de
789 3221 992 3274 equitibus
1022 3222 1115 3263 lto-

243 3281 383 3320 meanis
417 3279 747 3321 consultat-isse:
781 3281 960 3322 Sueton.
998 3281 1111 3335 Aug.

244 3340 326 3381 63:
371 3338 566 3395 Aqrippa
609 3339 831 3393 defuncte,
876 3339 1016 3381 multis
1062 3353 1116 3380 ac

245 3399 317 3439 diu
350 3400 477 3439 etiam
520 3413 571 3439 ex
614 3400 797 3452 equestri
843 3400 991 3440 ordine
1026 3401 1116 3440 cfr-

246 3459 497 3512 cumspeelis
532 3458 868 3510 conditionibus,
910 3459 1118 3500 Tiberium

239 3517 487 3571 pririymcm
519 3531 637 3556 snum
671 3516 808 3571 eleyit.
868 3518 1029 3572 Eques,
1064 3518 1117 3558 (le

249 3586 334 3629 quo
381 3576 596 3630 cogitavit
627 3576 872 3630 Augustus,
918 3577 965 3618 U.
1008 3576 1116 3617 l’ro-

246 3633 416 3678 culeius
449 3634 555 3688 fuit,
590 3640 636 3675 ut
669 3634 902 3677 edocemur
936 3650 972 3679 c.
1004 3638 1076 3680 40.

1203 3075 1379 3114 micitiis
1412 3075 1680 3129 Agrippinae
1713 3073 1973 3130 quandoque
1998 3076 2068 3115 in-

1205 3133 1369 3178 festari,
1398 3135 1481 3174 nisi
1503 3133 1674 3174 domum
1694 3133 1852 3175 illustri
1879 3134 2068 3190 coniuge

1205 3192 1429 3233 firmasset.

1290 3278 1394 3333 Cap.
1425 3278 1497 3322 40.
1562 3280 1606 3320 in
1641 3279 1786 3320 eodem
1815 3279 1992 3322 ordine.-
2025 3279 2067 3320 in

1200 3337 1363 3379 ordinis
1389 3340 1603 3393 equestris
1627 3339 1778 3395 gradu,
1798 3339 1913 3380 unde
1938 3350 2067 3393 prae-

1203 3398 1305 3438 l'ccti
1332 3399 1643 3452 praetoriarum
1670 3398 1928 3439 cohortium.
1977 3396 2067 3437 Re-

1202 3458 1391 3510 spiciunt
1413 3457 1523 3499 haec
1540 3458 1641 3499 illa:
1676 3471 1763 3498 non
1784 3457 1894 3498 enim
1913 3468 2067 3496 eoeuere

1202 3517 1399 3571 imposita
1449 3518 1609 3558 niuniu.
1732 3516 1803 3569 qui
1853 3521 1891 3555 te
1933 3514 2066 3554 invito

1197 3584 1477 3633 perrumpunt
1529 3574 1797 3628 omnibusque
1848 3573 1898 3613 de
1943 3571 2068 3613 rebus

1204 3634 1459 3679 consulunt:
1509 3634 1552 3678 h.
1603 3647 1641 3679 e.
1697 3634 1770 3692 qui
1832 3637 1875 3675 te
1926 3631 2065 3677 invito
