2280 4004
209 297 239 334 a·
264 283 315 329 0.
348 286 421 330 64.
793 285 960 330 LIBER
991 285 1087 330 XV.
1149 285 1257 331 GAr.
1288 286 1484 331 41—43.

1941 290 2030 335 2⁸79

207 426 345 479 Nero
387 430 572 491 tamen,
613 430 668 479 ut
704 431 812 480 erat
845 426 1220 478 incredibilium
1261 427 1492 494 cupitor,
1533 426 1762 480 effodere
1803 427 2033 494 proxima

208 517 417 570 Averno
457 518 577 585 iuga
626 518 867 571 connisus
907 522 984 570 est
996 535 1013 580 3
1066 523 1369 584 manentque
1419 518 1638 586 vestigia
1685 519 1869 571 inritae
1906 519 2031 586 spei.

124 617 194 667 43
209 608 442 665 Ceterum
479 608 619 662 urbis
650 623 780 674 quae
804 613 1118 675 supererant,
1157 624 1277 672 non,
1318 614 1372 660 ut
1404 615 1519 675 post
1550 610 1742 661 Gallica
1776 610 2032 677 incendia,

207 699 343 751 nulls
383 698 710 751 distinctione
740 715 837 751 nec
875 696 1063 765 passim
1101 704 1304 764 erecta,
1362 701 1455 752 sed
1507 701 1748 754 dimensis
1804 702 2033 753 vicorum

207 789 472 845 ordinibus
531 795 580 841 et
627 791 740 843 latis
781 791 973 842 viarum
1032 791 1238 856 spatiiS,
1301 791 1623 858 cohibitaque
1685 793 2067 845 aedificiorums

206 881 469 934 altitudine
496 897 558 933 ac
593 882 858 947 patefactis
895 882 1048 946 areiS,
1083 882 1370 948 additisque
1404 883 1681 948 porticibus
1721 898 1849 950 quae
1885 885 2033 936 fron-

207 978 316 1026 tem.
341 972 621 1029 insularum
671 977 1015 1046 protegerent.
1088 974 1188 1025 Eas
1226 974 1452 1040 porticus
1489 975 1624 1026 Nero
1681 990 1772 1026 sua
1817 976 2030 1042 pecunia

207 1069 577 1129 extructurum,
619 1069 960 1131 purgatasque
997 1079 1144 1116 areas
1183 1065 1401 1117 dominis
1442 1065 1738 1117 traditurum
1776 1066 2030 1132 pollicitus

207 1159 299 1210 est.
369 1153 584 1211 Addidit
617 1154 842 1220 praemia
892 1168 984 1220 pro
1027 1155 1270 1221 cuiusque
1320 1156 1500 1207 ordine
1553 1161 1602 1208 et
1651 1157 1728 1207 rei
1767 1143 2030 1209 familiaris

206 1244 399 1311 copiis,
456 1244 718 1311 finivitque
754 1249 947 1311 tempus
986 1245 1117 1297 intra
1156 1246 1291 1311 quod
1330 1246 1524 1298 effectis
1565 1246 1798 1299 domibus
1837 1253 1921 1299 aut
1951 1248 2035 1299 in-
2051 1265 2098 1300 ιο

206 1335 333 1391 Sulis
369 1336 735 1402 apiscerentur.
810 1336 999 1388 Ruderi
1051 1336 1353 1402 accipiendo
1395 1337 1658 1390 Ostienses
1691 1338 1900 1404 paludes
1941 1339 2037 1391 de-

207 1426 457 1491 stinabat,
505 1427 677 1493 utique
713 1441 870 1478 naves
910 1442 1038 1493 quae
1079 1427 1380 1479 frumentum
1423 1429 1590 1480 Tiberi
1631 1429 2033 1495 subvectassent,

209 1523 421 1571 onustae
455 1518 641 1571 rudere
677 1518 1036 1583 decurrerent3
1072 1519 1405 1586 aedificiaque
1431 1520 1557 1586 ipsa,
1599 1525 1736 1572 certa
1764 1521 1841 1573 sui
1874 1527 2034 1587 parte,

208 1610 323 1662 sine
367 1609 591 1662 trabibus
648 1625 774 1663 saxo
813 1610 1008 1662 Gabino
1047 1610 1316 1664 Albanove
1364 1612 1738 1678 solidarentur,
1804 1613 1939 1679 quod
1990 1614 2034 1666 is

323 1792 366 1836 2.
401 1792 572 1833 conisus
604 1789 682 1833 Ma.
774 1792 906 1834 irrita
944 1790 1023 1834 Ma.
1126 1793 1168 1835 3.
1202 1798 1457 1848 supererant
1490 1791 1654 1834 editor:
1688 1793 1754 1835 M'a
1787 1793 1928 1835 domui
1957 1807 2034 1835 su-

199 1858 423 1909 pereo-ant,
455 1851 488 1893 B
524 1851 669 1893 domus
699 1866 790 1907 sup.
781 1883 808 1904 .,
844 1851 877 1894 G
905 1858 948 1894 et
974 1851 1245 1894 Oxonienses
1280 1852 1474 1894 domuum
1504 1867 1596 1909 sup.
1687 1852 1730 1896 4.
1765 1860 1910 1894 erecta
1939 1851 2032 1894 Ma:

203 1909 239 1953 B
273 1918 454 1954 erectae.
547 1911 588 1954 5.
621 1910 731 1966 edis.
765 1909 845 1954 Ma.
944 1913 1010 1954 12.
1045 1911 1126 1967 tyb.
1161 1910 1240 1953 Ma.
1351 1911 1554 1954 subuecta
1585 1920 1723 1955 essent
1753 1909 1846 1955 Ma:
1881 1924 2035 1955 corre-

206 1977 323 2014 ctum
354 1972 400 2013 in
429 1966 581 2013 ABCG
611 1974 655 2012 et
689 1966 1029 2014 Oxoniensibus.
1126 1971 1194 2014 13.
1230 1978 1382 2014 caerta
1415 1969 1494 2014 Ma.

1166 2128 1322 2171 cendia
1353 2128 1541 2170 arcenda
1575 2134 1618 2171 et
1652 2129 1839 2171 maxime
1870 2130 2033 2172 ruinas.

1162 2188 1315 2231 Strabo
1352 2189 1388 2230 V
1423 2190 1474 2244 (3
1507 2190 1551 2241 §.
1581 2190 1655 2245 7):
1705 2185 1826 2246 πρὸς
1873 2190 1922 2233 δὲ
1953 2186 2037 2238 τὰς

1165 2250 1463 2308 συαπτώσεις
1493 2246 1546 2291 τὰ
1596 2248 1688 2303 ὕψη
1722 2250 1816 2291 τῶν
1853 2249 2036 2294 καινῶν

301 2125 407 2183 Cap.
442 2129 515 2172 43.
589 2135 775 2170 ceterum
809 2128 927 2170 urbis
970 2142 1077 2184 quae

209 2187 392 2246 [domui]
424 2196 707 2244 supererant:
738 2188 855 2230 urbis
877 2202 985 2243 quae
1000 2203 1076 2230 su-

200 2254 410 2305 peremne
438 2254 541 2290 sunt
572 2254 748 2290 ceterae
781 2248 899 2289 urbis
933 2254 1078 2303 partes

205 2313 380 2364 praeter
409 2308 567 2363 ingens
599 2308 751 2349 domus
784 2320 943 2349 aureae
974 2320 1079 2362 spa-

205 2368 328 2410 tium.
392 2364 477 2409 Sed
508 2367 623 2423 quod
649 2367 783 2424 vulgo
808 2367 979 2409 additur
1000 2367 1079 2408 do-

204 2427 294 2469 mui
322 2425 396 2469 vel
438 2426 605 2480 domus,
650 2433 880 2482 utrumque
921 2426 1079 2469 falsum

208 2491 337 2528 estet
353 2484 490 2527 Taciti
516 2488 764 2529 sententiae
796 2488 1076 2528 contrarIum.

205 2544 311 2587 Nam
344 2545 489 2587 domus
530 2557 691 2588 nomen
734 2545 959 2588 denotabit
1006 2558 1079 2587 eas

207 2604 364 2661 quibus
386 2606 501 2661 ignis
520 2611 792 2660 pepercerat,
806 2611 1079 2663 repugnante

209 2669 357 2706 cetero
390 2663 476 2706 loci
519 2670 674 2707 tenore
721 2671 764 2707 et
804 2666 900 2719 ipso
933 2665 1080 2719 positu

205 2723 427 2776 vocabuli,
459 2723 601 2766 domui
628 2730 774 2766 autem
805 2736 937 2768 sannae
957 2725 1080 2767 Lati-

206 2784 334 2826 nitati
366 2783 598 2827 manifesto
640 2783 908 2827 adversatur.
972 2783 1077 2826 Nam

210 2856 319 2898 quae
350 2842 493 2884 domui
538 2850 796 2899 supererant
836 2855 923 2885 non
963 2843 1078 2884 idem

211 2914 310 2944 esse
343 2907 488 2956 potest
519 2915 571 2944 ac
614 2915 722 2956 quae
760 2909 855 2957 post
896 2903 1079 2958 spatium

211 2961 353 3004 domui
395 2968 630 3017 exemptum
674 2969 952 3017 supererant,
1001 2959 1079 3003 sed

209 3021 357 3076 potius
377 3032 485 3076 quae
506 3020 735 3063 struendae
757 3021 899 3064 domui
925 3033 1079 3077 super-

211 3086 351 3123 erant.
413 3079 532 3121 Haec
576 3091 682 3122 vero
720 3093 866 3136 neque
910 3093 990 3135 per
1030 3092 1079 3121 se

211 3145 311 3194 apta
354 3145 455 3181 sunt
495 3139 671 3194 (debuit
717 3146 837 3183 certe
876 3140 1077 3192 domibus,

211 3211 299 3241 non
351 3198 515 3255 domui)
557 3211 701 3255 neque
754 3199 826 3241 hic
876 3199 930 3242 de
973 3198 1079 3241 solis

212 3256 438 3309 domibus,
481 3257 523 3299 h.
557 3271 597 3301 e.
639 3258 852 3300 nobilium
883 3258 1079 3315 aedibus,

212 3319 343 3359 immo
376 3316 429 3359 de
470 3317 670 3360 omnibus
717 3318 836 3359 urbis
868 3316 1079 3360 aedificiis

212 3388 354 3420 sermo
388 3382 470 3418 est.
531 3376 682 3432 Itaque
717 3389 804 3418 vox
835 3378 1082 3431 importuna

213 3443 431 3491 tamquam
449 3434 598 3491 glossa
616 3437 795 3479 sinistre
819 3438 1080 3478 concinnata

215 3495 433 3539 eiicienda
466 3501 573 3538 erat.

303 3554 569 3608 cohibitaque
610 3556 903 3610 aedificiorum
933 3554 1082 3596 altitu-

215 3615 340 3658 dine:
386 3612 519 3670 ‘quod
567 3614 653 3657 iam
705 3619 806 3656 ante
853 3615 1077 3670 Augustus

217 3672 405 3727 fecerat,
437 3671 608 3716 eodem
639 3673 739 3729 fini,
785 3674 815 3717 i.
850 3686 889 3716 e.
925 3671 976 3715 ad
1007 3672 1079 3714 in-

1164 2289 1553 2367 οἰκοδομημάτων
1590 2302 1804 2353 καθελων
1834 2313 1914 2352 καὶ
1942 2324 2034 2352 κω-

1160 2368 1307 2416 λύσας
1340 2371 1546 2424 ἐξαίρειν
1575 2369 1739 2412 ποδῶν
1774 2367 1798 2411 ὀ
1829 2364 1882 2411 τοὶ
1915 2362 2035 2423 πρὸς

1161 2436 1263 2477 ταῖς
1307 2427 1437 2476 ὁδοῖς
1476 2434 1579 2476 ταῖς
1619 2428 1882 2487 δημοσίαις.
1947 2427 2034 2470 Sed

1162 2492 1205 2528 et
1237 2493 1337 2529 ante
1368 2487 1614 2542 Augustum
1643 2487 1832 2529 Rutilius
1865 2489 2034 2528 oratio-

1162 2559 1262 2588 nem
1286 2546 1455 2588 dixerat
1475 2545 1529 2588 de
1556 2547 1683 2588 modo
1715 2547 2031 2589 aedificiorum.

1159 2606 1214 2647 Et
1235 2606 1459 2662 Augustus
1497 2606 1670 2660 quidem
1703 2606 1837 2660 pedes
1866 2607 1922 2650 70
1942 2606 2032 2648 tol..

1161 2665 1255 2707 lere
1298 2666 1517 2719 permisit,
1562 2665 1768 2707 Traianus
1811 2666 2033 2708 dumtaxat

1160 2724 1233 2777 60,
1257 2731 1304 2765 ut
1334 2730 1456 2766 notat
1479 2724 1578 2766 Sex.
1598 2725 1803 2767 Aurelius
1831 2727 1936 2780 epit.
1964 2727 2032 2778 13,

1163 2786 1236 2838 qui
1269 2785 1421 2825 modus
1455 2785 1640 2827 fortasse
1682 2791 1725 2827 et
1758 2785 2033 2827 Neronianus

1160 2843 1272 2884 fuit'.
1332 2843 1525 2886 stms.

1262 2942 1335 2971 eas
1371 2926 1563 2986 porticus
1601 2955 1657 2962 —-
1685 2931 1903 2988 pollicitus
1946 2937 2031 2975 est-⁶

1162 2989 1341 3033 Sueton.
1379 2989 1464 3032 16:
1510 2992 1697 3045 sormam
1741 2991 2034 3047 aedificiorum

1159 3049 1278 3091 urbis
1308 3062 1463 3091 novam
1483 3051 1752 3105 excogitavit,
1788 3058 1827 3092 et
1856 3058 1902 3093 ut
1933 3059 2034 3093 anta

1160 3107 1324 3151 insulas
1371 3115 1410 3150 et
1454 3107 1599 3150 domus
1644 3111 1836 3166 porticus
1880 3118 2032 3164 essent,

1162 3168 1211 3209 de
1245 3181 1424 3224 quarum
1454 3166 1627 3210 solariis
1660 3169 1864 3211 incendia
1900 3183 2030 3212 arce·-

1160 3235 1337 3269 rentur:
1372 3240 1525 3282 easque
1544 3235 1709 3284 sumptu
1732 3242 1806 3271 suo
1829 3231 2032 3271 eoetruxit.

1249 3328 1355 3357 saaeo
1381 3314 1572 3356 Gabino:
1605 3314 1757 3358 Strabo
1784 3316 1819 3357 V
1839 3317 1866 3359 3
1892 3317 2032 3368 §.102

1163 3375 1326 3429 Γάβιοι
1367 3376 1455 3433 μὲν
1510 3376 1562 3418 ἐν
1611 3376 1662 3434 τῇ
1709 3379 2034 3436 Πραινεστίνῃ

1164 3434 1260 3492 ὁδῷ
1306 3438 1523 3502 κειμένη,
1587 3435 1809 3508 λαιόμιον
1858 3420 2036 3490 ἔχουσα

1166 3488 1408 3551 ὑπουργὸν
1449 3493 1500 3551 τῇ
1525 3492 1670 3554 Ῥώμη
1747 3493 1911 3538 ditata
1942 3508 2035 3539 των

1165 3553 1325 3598 ἄλλων.
1399 3552 1614 3594 custodes.-
1645 3565 1694 3595 su
1730 3553 1871 3595 intelli
1908 3566 1932 3595 e
1964 3567 2034 3596 es-

1163 3619 1268 3654 sent.
1333 3613 1533 3666 Quaeque
1560 3623 1799 3665 pronomen
1830 3625 1879 3656 ro
1900 3622 2034 3657 eren-

1165 3669 1264 3714 dum
1296 3669 1349 3713 ad
1380 3670 1591 3726 aedificia.
