2280 4004
255 274 318 318 ω
979 297 982 298 ⁷
1006 261 1311 309 ‚ANNALWM

1823 273 1877 306 a..
1894 267 1942 307 113.
1977 256 2083 313 7672

255 419 368 472 ciae
404 417 471 471 ob
510 412 817 469 imminentis
859 411 1084 477 Suevos,
1147 413 1370 463 ceterum
1413 410 1468 458 ut
1512 404 1852 461 avellerentur
1890 403 2079 460 eastris

251 510 482 565 trucibus
520 508 685 562 adhuc
731 519 836 558 non
876 504 1040 555 minus
1082 501 1354 569 asperitate
1401 497 1616 551 remedii
1673 508 1822 565 quam
1863 495 2080 555 sceleris

250 599 513 655 memoria.

591 597 1003 652 centurionatum
1055 594 1178 646 inde
1230 593 1352 660 egit.

1426 591 1617 644 Citatus
1663 589 1726 642 ab
1775 587 2082 654 imperatore

250 702 439 743 nomen
472 688 702 741 ordinem
735 685 965 753 patriam,
1005 692 1266 763 numerum
1289 680 1674 748 stipendiorum,
1714 689 1846 746 quae.
1875 682 2082 737 strenue

179 782 306 836 sin
357 780 569 849 proeliis
622 777 860 841 fecisset,
923 779 975 826 et
1032 774 1113 825 cui
1165 778 1312 826 erant
1364 772 1501 824 dona
1533 770 1817 851 militaria,
1878 768 2080 822 edebat.

250 874 306 927 si
338 872 544 937 tribuni,
586 870 631 922 si
667 868 804 935 legio
833 865 1135 917 industriam
1172 843 1618 930 innocentiamque
1647 855 2079 929 adprobaverunt,

247 962 503 1015 retinebat
554 960 792 1013 ordines:
843 957 930 1009 ubi
976 957 1241 1009 avaritiam
1285 961 1372 1008 aut
1420 955 1770 1008 crudelitatem
1827 962 2082 1007 censensu

251 1054 683 1118 obiectavissent,
728 1050 1024 1103 solvebatur
1055 1049 1247 1100 militia.

391 1147 477 1200 Sic
518 1143 812 1211 compositis
844 1141 1216 1209 praesentibus,
1253 1140 1388 1192 haud
1423 1140 1590 1191 minor
1622 1112 1783 1190 moles
1817 1139 2170 1211 superer-8345

186 1237 316 1293 roob
353 1237 600 1290 ferociam
641 1236 846 1302 quintae
883 1238 934 1285 et
957 1232 1357 1286 unetvicesimae
1393 1231 1670 1298 legionum,
1704 1227 2104 1296 sexagesimum

249 1328 383 1395 apud
418 1327 639 1393 lapidem
691 1326 836 1391 (loco
874 1325 1061 1376 Vetera
1099 1338 1287 1375 nomen
1343 1327 1445 1388 est)
1495 1321 1918 1373 hibernantium.-
1956 1322 2082 1374 Nam

246 1416 396 1483 primi
432 1415 736 1468 seditionem
777 1418 1163 1480 coeptaverant:
1202 1412 1573 1464 atrocissimum
1608 1413 1847 1478 quodque
1885 1412 2083 1465 facinus

247 1506 432 1559 horum
469 1505 701 1557 manibus
737 1509 1015 1570 patratum3
1066 1517 1164 1554 nec
1199 1517 1366 1569 poe-na
1420 1501 1816 1555 commilitonum
1856 1501 2083 1555 exterriti

248 1614 346 1651 nec
382 1596 691 1665 paenitentia
728 1596 966 1648 conversi
1002 1594 1105 1646 iras
1140 1594 1444 1663 retinebant.
1516 1593 1676 1661 Igitur
1716 1593 2084 1648 Gaesarmma

185 1689 468 1746 :sclassem
513 1688 687 1740 socios
730 1687 994 1739 demittere
1031 1686 1210 1738 Rheno
1266 1690 1435 1752 parat,
1496 1684 1542 1737 si
1595 1677 1862 1751 imperi-um
1908 1683 2092 1743 ἀθὴρ-ι,

249 1783 437 1846 otetur,
476 1780 612 1832 bello
650 1783 950 1831 certaturus

384 1872 453 1922 At
485 1872 678 1925 Romae
713 1870 937 1922 nondum
977 1869 1184 1937 cognito
1226 1869 1311 1935 qui
1349 1869 1530 1921 fuisset
1567 1867 1731 1919 exitus
1770 1865 1822 1916 in
1857 1865 2078 1934 myrum,
2097 1874 2170 1923 46

250 1963 301 2013 et
337 1960 599 2029 legionum
634 1961 1051 2013 Germanicarum
1085 1964 1223 2011 motu
1254 1959 1448 2025 audite,
1486 1958 1683 2025 trepida
1720 1957 1900 2009 civitas
1930 1957 2082 2009 ineu-

245 2068 363 2105 sare
385 2052 638 2106 Tiberium
667 2052 820 2119 quod,
855 2052 972 2103 dum
998 2056 1169 2118 patres
1196 2056 1246 2103 et
1276 2051 1490 2118 plebem,
1520 2050 1742 2102 invalida
1777 2054 1826 2100 et
1850 2049 2082 2114 inermia,

181 2158 232 2196 20
249 2141 573 2192 cunctatione
607 2140 723 2191 ficta
770 2140 1083 2205 ludificetur,
1145 2139 1394 2192 dissideat
1443 2139 1644 2190 interim
1685 2139 1862 2206 miles,
1917 2155 2083 2207 neque

371 2283 408 2322 1.
441 2281 590 2322 suebos
621 2281 677 2322 M.
741 2283 783 2325 2.
818 2281 958 2323 adhoc
989 2293 1205 2335 superscr.
1238 2295 1267 2321 u
1298 2280 1353 2322 M.
1416 2281 1458 2322 4.
1492 2287 1698 2322 strunuae
1727 2290 1943 2335 superscr.
1976 2294 2000 2323 c
2023 2279 2080 2324 M.

248 2340 289 2382 5.
325 2340 513 2381 donaria
545 2340 611 2381 M:
653 2342 844 2381 correxit
879 2342 1098 2382 Victorius
1140 2352 1377 2394 rursusque
1416 2338 1662 2381 Ernestius.
1725 2341 1790 2382 sic
1821 2339 1850 2382 6
1880 2339 1964 2383 48:
2010 2339 2080 2381 lu-

248 2399 390 2440 dibria
434 2406 473 2440 et
512 2398 797 2454 pericularia.

318 2573 663 2615 centurionatum
682 2574 784 2615 inde
795 2575 884 2630 >epit
896 2589 909 2614 .·
931 2573 1119 2615 mil-itum

245 2631 402 2673 seditio
451 2644 548 2673 cum
591 2645 793 2688 magnam
844 2639 1012 2687 partem
1061 2634 1118 2674 ob

244 2692 474 2733 saevitiam
508 2697 551 2732 et
568 2689 797 2733 avaritiam
816 2693 1119 2734 centurionum

248 2753 502 2803 exarsisset,
536 2750 590 2792 de
624 2750 693 2793 his
725 2764 925 2793 severam
961 2753 1119 2807 cogni-

243 2810 407 2852 tionem
451 2816 494 2851 et
526 2822 687 2852 novum
734 2812 858 2866 quasi
899 2810 1119 2852 delectum

243 2865 330 2908 dux
363 2882 496 2924 agere
527 2869 684 2911 voluit.
748 2869 794 2911 Id
826 2882 942 2913 novo
969 2878 1120 2912 centu-

243 2928 381 2968 riatus
413 2929 591 2969 nomine
615 2927 789 2970 Tacitus
825 2931 1117 2985 consignavit.

243 2985 388 3040 Agere
411 2988 756 3028 centurionatum
787 2987 952 3030 dictum
976 2994 1042 3029 est
1074 2994 1121 3030 ut

246 3058 377 3099 a9ere
402 3045 644 3087 delectuml
668 3047 739 3088 31.
778 3046 1120 3115 Bezzenberger

243 3104 517 3146 commendat
549 3118 777 3147 censuram
805 3107 1116 3148 centurionum.

331 3162 436 3218 Gap.
481 3162 553 3206 45.
653 3166 964 3219 seaeaqesimum
1005 3167 1120 3221 apud

240 3219 427 3277 lapidem
477 3222 590 3279 (loco
633 3223 787 3265 Vetera
821 3238 975 3266 nomen
1007 3229 1116 3283 est).-

239 3287 440 3324 numerat
463 3282 536 3324 hic
561 3288 711 3324 noster
731 3283 902 3338 lapides
923 3284 1117 3326 miliares

240 3339 293 3380 ab
334 3342 493 3395 oppido
530 3340 736 3383 Ubionun
775 3341 934 3399 (coln)
977 3356 1115 3399 usque

240 3398 293 3438 ad
327 3407 467 3442 castra
503 3401 670 3443 Vetera
737 3401 864 3444 Conf.
899 3402 952 3443 ad
985 3416 1023 3443 c.
1057 3403 1115 3446 39

240 3461 284 3496 et
303 3458 375 3498 31.
444 3460 598 3500 Vetera
628 3467 749 3503 tenet
770 3474 930 3503 nomen
954 3461 1114 3503 hodie-

238 3527 325 3568 que
382 3517 506 3557 vicus
549 3520 699 3560 Birten
761 3533 898 3574 prope
960 3521 1112 3563 urbem

236 3573 410 3615 Xanten
442 3577 486 3616 in
523 3575 650 3618 laeva
681 3578 823 3619 Rheni
863 3581 957 3633 ripa
988 3582 1110 3621 situs.

236 3629 365 3678 Coni'.
383 3633 699 3693 ‘Antiquitates
720 3636 864 3680 Rheni
887 3639 1111 3683 inferioris

920 2400 961 2442 9.
997 2399 1131 2455 haud]
1177 2406 1251 2440 aut
1284 2399 1338 2441 M.

247 2458 317 2501 17.
353 2459 539 2514 coqnitio
575 2458 783 2514 (alterum
813 2459 834 2500 a·
864 2464 1027 2513 puncto
1060 2463 1257 2515 notatur)
1292 2458 1346 2500 M.

1459 2397 1580 2439 molis
1615 2398 1669 2441 M.

1437 2458 1571 2512 Mssa
1603 2457 1657 2500 M.

1789 2400 1857 2442 11.
1890 2405 1992 2456 aput
2024 2398 2079 2442 M.

1206 2572 1530 2629 (Alterthtimer
1562 2583 1629 2614 am
1662 2569 1976 2630 Niederrhein)
2009 2571 2080 2615 fa-

1205 2633 1358 2675 scicul.
1392 2631 1423 2674 I.
1459 2645 1499 2686 p.
1520 2631 1578 2675 26
1610 2645 1705 2687 sqq.
1740 2638 1784 2672 et
1815 2645 1860 2686 p.
1893 2631 1952 2679 55
1980 2645 2078 2688 sqq.

1205 2692 1426 2734 Hodierna
1458 2690 1560 2732 urbs
1581 2691 1766 2744 Xanten,
1797 2689 1933 2745 paulo
1953 2691 2079 2734 infe..

1204 2753 1293 2793 rius
1327 2750 1380 2792 ad
1411 2751 1611 2793 Rhenum
1643 2751 1755 2802 sita,
1794 2756 1864 2792 est
1893 2749 2079 2792 Colonia

1211 2811 1402 2853 Traiana
1420 2841 1432 2863 ,
1464 2809 1649 2854 ,hiberna
1682 2809 1874 2866 legionis
1903 2808 2022 2854 XXX
2053 2821 2078 2852 a

1205 2870 1388 2912 Traiano
1431 2868 1539 2911 illuc
1571 2869 1838 2912 constitutae
1870 2874 1916 2912 et
1942 2867 2074 2924 Ulpia

1207 2933 1543 2988 cognominatae
1563 2960 1573 2971 .
1610 2947 1613 2949 >
1689 2927 1816 2971 Conf.
1869 2927 1946 2971 lib.
2000 2929 2077 2971 ott.

1204 3003 1305 3046 pag.
1340 2989 1395 3032 95
1427 3001 1521 3043 sqq.

1294 3045 1400 3102 Cap.
1420 3048 1492 3090 46.
1552 3053 1700 3103 patres
1735 3053 1775 3088 et
1791 3046 1970 3102 plelaem,
2001 3047 2076 3089 iu-

1201 3106 1351 3148 valida
1383 3114 1422 3148 et
1451 3107 1660 3147 inermia.-
1693 3111 1838 3159 patres
1872 3111 1916 3147 et
1946 3104 2073 3160 plebs

1203 3172 1421 3221 tamquam
1460 3178 1552 3217 res,
1615 3176 1702 3205 non
1749 3169 1796 3205 ut
1843 3176 2073 3219 personae,

1203 3226 1430 3279 scriptoris
1463 3223 1537 3266 vel
1570 3223 1718 3277 potius
1750 3223 1971 3265 invidiose
2003 3223 2075 3271 1ο-

1203 3285 1427 3340 quentium
1488 3283 1707 3325 mentibus
1762 3282 2070 3336 obversantur,

1199 3357 1314 3399 quae
1340 3356 1470 3386 causa
1503 3348 1570 3384 est
1602 3355 1679 3384 cur
1699 3355 1840 3398 genus
1871 3347 2072 3384 neutrum

1198 3404 1438 3457 praedicati
1470 3401 1665 3444 invalida
1691 3409 1729 3443 et
1748 3402 1934 3443 inermia
1964 3400 2070 3447 sub-3·

1197 3468 1420 3518 sequatur.
1472 3461 1614 3503 Acute
1649 3461 1818 3502 notavit
1845 3460 2069 3515 Reisigius

1197 3523 1240 3563 in
1259 3521 1634 3563 Praelectionibus
1664 3519 1718 3560 de
1743 3519 1939 3560 doen-ina
1970 3530 2067 3560 scr-

1196 3583 1338 3623 monis
1359 3581 1502 3622 Latini
1524 3579 1683 3621 habitis
1716 3590 1756 3630 p.
1777 3577 1879 3620 314.
1923 3576 2066 3625 Minus

1195 3641 1371 3698 insigne
1412 3645 1478 3683 est
1512 3636 1627 3697 quod
1665 3635 1780 3680 infra
1820 3635 1943 3695 (XIV
1978 3634 2063 3697 48)
