2280 4004
250 276 340 319 298
1005 275 1298 319 ANNALIVM
1817 292 1857 322 a.
1889 292 1934 324 u,
1963 280 2068 329 818.

251 418 366 484 quia
408 418 775 470 coniurationis
813 418 1132 469 manifestum
1174 424 1506 485 compererat,
1548 421 1641 472 sed
1673 426 1728 471 ut
1756 421 1895 473 ferro
1922 434 2075 490 gras-

249 515 462 574 saretur,
501 509 700 575 quando
737 524 985 561 venenum
1023 525 1127 560 non
1167 516 1508 575 processerat.
1583 511 1730 564 Solus
1773 513 2087 578 quippeNa-v

234 596 360 653 *talis
405 606 453 651 et
480 600 720 650 hactenus
757 602 1017 666 prompsit,
1058 601 1265 652 missum
1301 616 1358 652 se
1399 602 1463 652 ad
1503 608 1768 669 aegrotum
1800 603 2066 668 Senecam,
2099 642 2102 645 ⁴

245 692 315 742 uti
351 691 543 743 viseret
579 698 1088 759 conquerereturque
1120 708 1209 743 cur
1237 693 1471 745 Pisonem
1507 693 1646 746 aditu
1681 700 1913 749 arceret:
1962 711 2075 747 me-

208 782 339 832 slius
382 782 521 847 fore,
573 783 616 834 si
655 783 924 835 amicitiam
971 781 1206 835 familiari
1252 798 1535 851 congressu
1571 785 1937 838 exercuissent.
1985 785 2074 844 ,Et

243 873 573 939 respondisse
628 874 873 926 Senecam
928 890 1192 928 sermones
1242 881 1439 928 mutuos
1487 882 1537 928 et
1588 878 1768 930 crebra
1819 877 2072 945 colloquia

243 966 407 1015 neutri
445 966 764 1030 conducere3
807 973 1030 1018 ceterum
1067 968 1278 1020 salutem
1314 983 1455 1020 suam
1494 969 1840 1024 incolumitate
1874 970 2070 1022 Pisonis

241 1055 402 1105 inniti.
477 1057 615 1107 Haec
656 1058 791 1109 serre
846 1058 1032 1109 Gavius
1078 1059 1310 1110 Silvanus
1357 1060 1587 1112 tribunus
1636 1061 1928 1127 praetoriae
1970 1076 2064 1114 co-

241 1147 419 1211 hortiS,
460 1153 509 1198 et
546 1164 610 1198 an
651 1148 784 1200 dicta
823 1150 1014 1201 Natalis
1054 1166 1244 1216 suaque
1282 1167 1530 1217 responsa
1566 1158 1807 1204 nosceret
1843 1167 2069 1219 percon-

170 1254 216 1288 10
243 1240 338 1291 tari
378 1241 623 1292 Senecam
664 1242 877 1293 iubetur.
953 1244 1030 1307 Is,
1087 1243 1218 1294 forte
1254 1259 1318 1294 an
1353 1244 1608 1309 prudens,
1661 1244 1724 1295 ad
1775 1260 1889 1296 eum
1940 1244 2073 1299 diem

243 1347 307 1382 ex
330 1331 599 1397 Campania
636 1340 971 1397 remeaverat,
1009 1339 1338 1399 quartumque
1375 1335 1506 1400 apud
1540 1334 1759 1400 lapidem
1780 1331 2072 1391 suburbano

238 1437 357 1473 rure
416 1423 723 1474 substiterat.
799 1424 889 1474 Illo
943 1425 1226 1490 propinqua
1281 1440 1495 1490 vespera
1546 1425 1778 1477 tribunus
1833 1425 1973 1478 venit
2023 1430 2074 1479 et

240 1513 407 1564 villam
447 1514 615 1580 globis
655 1514 862 1565 militum
898 1516 1115 1581 saepsit3
1171 1521 1272 1566 tum
1309 1516 1405 1581 ipsi
1442 1531 1554 1566 cum
1593 1516 1830 1582 Pompeia
1862 1515 2068 1570 Paulina

235 1619 396 1656 uxore
447 1610 497 1656 et
542 1606 717 1657 amicis
757 1607 953 1658 duobus
993 1607 1210 1672 epulanti
1248 1608 1483 1659 mandata
1522 1608 1841 1674 imperatoris
1881 1607 2054 1660 edidit.

176 1707 221 1743 ιε.
238 1696 437 1748 Seneca
478 1697 684 1749 missum
727 1697 790 1748 ad
827 1713 884 1749 se
908 1698 1136 1749 Natalem
1176 1705 1608 1765 conquestumque
1647 1699 1852 1751 nomine
1871 1699 2069 1753 Pisonis
2085 1700 2153 1748 61

239 1787 372 1852 quod
413 1803 438 1838 a
478 1789 692 1839 visendo
733 1803 794 1840 eo
828 1790 1212 1855 prohiberetur,
1271 1806 1428 1856 seque
1477 1790 1728 1842 rationem
1765 1789 2072 1843 valetudinis

237 1884 286 1932 et
323 1894 545 1930 amorem
585 1881 767 1945 quietis
811 1882 1143 1933 excusavisse
1181 1883 1459 1947 respondit.
1518 1882 1618 1933 Cur
1652 1881 1864 1934 salutem
1887 1882 2070 1948 privati

236 1969 452 2024 hominis
490 1972 822 2025 incolumitati
861 1988 984 2026 suae
1020 1973 1326 2038 anteferret,
1383 1988 1588 2025 causam
1637 1987 1741 2024 non
1799 1973 2074 2037 habuisse3

329 2158 366 2199 1.
401 2157 673 2212 manifestum
705 2170 792 2199 non
828 2170 897 2198 om
938 2158 1024 2211 Ma,
1059 2163 1105 2199 ut
1138 2157 1322 2199 credidit
1354 2157 1596 2199 Ernestius.

236 2217 297 2270 qn?
329 2215 376 2268 G,
412 2218 612 2270 quoniam
642 2217 691 2260 B.
813 2219 855 2260 3.
891 2232 979 2273 egr.
1014 2217 1096 2260 Ma.

236 2281 468 2330 utrumque
502 2282 744 2318 correctum
777 2278 822 2318 in
855 2276 902 2319 G.

237 2333 359 2378 GMa:
393 2336 448 2378 cf.
484 2350 521 2378 e.
556 2337 613 2380 50
647 2343 690 2379 et
723 2337 791 2379 71.

1701 2158 1742 2198 2.
1777 2157 1945 2212 quando
1981 2157 2072 2204 Ma:

1217 2219 1259 2260 4.
1297 2218 1418 2260 aditu
1447 2215 1527 2258 Ma.
1664 2218 1706 2260 5.
1753 2218 1948 2261 amicitia
1978 2216 2073 2260 Ma:

984 2279 1024 2320 7.
1061 2283 1277 2320 caeterum
1309 2276 1388 2319 Ma.
1481 2277 1655 2332 posonis
1677 2274 1758 2318 Ma.
1833 2277 1877 2321 8.
1895 2278 2074 2334 grauius

893 2338 960 2380 13.
994 2339 1127 2393 sepsit
1158 2335 1238 2379 Ma.
1350 2337 1417 2380 16.
1452 2336 1710 2379 valetudinis
1738 2333 1830 2379 Ma:
1862 2337 1984 2380 vatic.
2020 2336 2068 2380 G.

234 2497 325 2539 lino
370 2499 511 2552 (conf.
555 2499 607 2541 ad
638 2498 676 2540 ΙΙ
713 2501 815 2554 32),
860 2512 1019 2541 nomen
1069 2502 1107 2541 ei

234 2558 490 2610 Sessorium,
523 2572 609 2599 non
629 2560 893 2610 Sestertium,
929 2565 974 2599 ut
1006 2573 1109 2600 nar-

1194 2500 1352 2553 privati
1397 2498 1587 2540 hominis
1626 2500 1839 2554 potiorem
1891 2498 2073 2542 duceret

1195 2572 1271 2600 sua
1305 2558 1633 2611 incolumitate3
1679 2558 1722 2599 id
1754 2558 1935 2601 fecisset
1966 2571 2072 2615 pro..

234 2622 299 2656 rat
331 2617 503 2669 Lipsius
529 2617 738 2671 deceptus
773 2617 883 2658 falsa
916 2618 1109 2659 lectione
1195 2618 1390 2659 sessione
1422 2630 1541 2658 suam
1576 2617 1761 2659 salutem
1795 2618 1921 2659 inniti
1944 2617 2072 2660 Piso-

234 2675 347 2728 apud
379 2675 657 2717 Plutarchum
693 2676 824 2717 Galba
860 2677 931 2719 28.
981 2676 1106 2718 Conf.

233 2734 422 2776 Beckeri
456 2735 509 2776 de
530 2736 692 2776 Romae
714 2741 802 2777 vet.
827 2736 959 2776 muris
977 2742 1108 2792 atque

233 2795 370 2847 portis
386 2807 425 2848 p.
452 2795 549 2847 120,
574 2794 799 2837 Enchirid.
818 2795 964 2849 Antiq.
982 2796 1105 2838 Rom.

234 2854 251 2894 1
285 2867 326 2907 p.
359 2854 444 2896 555
477 2867 596 2909 sqq,
631 2860 777 2895 annot.
814 2854 866 2895 ad
900 2855 949 2895 H.
984 2855 1002 2896 Ι
1033 2855 1106 2898 49.

321 2913 500 2954 salutem
541 2929 660 2955 suam
700 2915 990 2955 incolumitate
1034 2914 1109 2956 Pi-

237 2974 351 3012 sonis
384 2973 538 3013 inniti:
574 2974 614 3014 h.
641 2987 678 3015 e.
704 2987 751 3014 se
784 2973 912 3014 aliter
940 2974 1109 3014 salvum

237 3044 334 3072 esse
364 3043 450 3072 non
482 3045 626 3086 posse,
661 3034 743 3073 nisi
777 3046 873 3072 cum
907 3032 1003 3073 Piso
1038 3034 1109 3073 in-

235 3090 418 3133 columis
450 3098 607 3146 coepta
639 3105 716 3134 sua
745 3091 990 3146 perficeret.

341 3164 393 3190 ecc
442 3151 705 3207 Campania:
756 3151 848 3192 ‘ubi
903 3154 1107 3193 extremis

235 3210 360 3250 annis
392 3211 553 3252 multus
591 3211 696 3263 suit,
745 3212 883 3251 rarior
924 3212 966 3251 in
1009 3211 1109 3252 aula

237 3275 280 3310 et
333 3271 574 3322 sapientiae
635 3270 788 3311 studiis
852 3276 1105 3324 occupatus.

235 3327 461 3381 Epistolae
511 3330 569 3371 ibi
614 3336 657 3370 et
691 3330 980 3380 Quaestiones
1019 3329 1108 3370 Na-

238 3388 399 3429 turales
444 3389 522 3430 sub
568 3389 649 3430 hoc
683 3395 852 3442 tempus
884 3388 1106 3430 structae?

237 3447 428 3488 Livsms.
494 3455 497 3459 '

340 3505 444 3560 Gap.
486 3505 559 3547 61.
624 3507 918 3548 excusavisse:
972 3506 1014 3550 h.
1066 3521 1102 3548 e.

239 3575 314 3616 pro
343 3565 626 3606 excusatione
654 3564 828 3607 dixisse.
924 3579 1001 3607 cur
1031 3580 1105 3607 sa-

238 3621 363 3664 lutem
402 3625 563 3678 privati
600 3623 784 3666 hominis
825 3625 1109 3667 incolumitati

237 3693 339 3725 suae
373 3683 633 3738 anteferret:
667 3680 708 3724 h.
739 3697 777 3726 e.
815 3695 891 3725 cm·
922 3683 1106 3727 salutem

1194 2678 1260 2717 nis
1294 2676 1611 2718 incolumitate.
1672 2676 1891 2718 Privatum
1924 2676 2071 2719 homi-

1194 2749 1292 2778 nem
1330 2736 1529 2777 Pisonem
1563 2742 1714 2789 vocat,
1758 2741 1805 2776 ut
1845 2749 1936 2778 rem
1971 2750 2070 2780 esse

1195 2808 1283 2836 non
1316 2794 1570 2837 credibilem
1604 2802 1843 2851 suggerat,
1890 2797 2070 2838 minime

1194 2867 1299 2897 vcro
1334 2867 1418 2910 quo
1453 2867 1499 2895 se
1533 2854 1635 2896 olim
1672 2854 1898 2898 consulem
1932 2856 2071 2899 suffe-

1196 2921 1311 2956 ctum
1362 2915 1508 2955 Pisoni
1554 2920 1818 2968 anteponat,
1876 2920 1923 2955 ut
1965 2915 2072 2958 dicit

1196 2974 1401 3025 Orellius,
1436 2975 1509 3028 qui
1543 2972 1653 3015 haec
1691 2974 1825 3015 verba
1858 2975 1967 3016 miro
1998 2975 2071 3016 in..

1195 3039 1471 3086 terpretatur.
1536 3032 1641 3073 Nam
1707 3034 1838 3074 etiam
1902 3034 2097 3077 Seneca‘

1197 3095 1391 3147 privatus
1427 3097 1527 3132 tunc
1559 3098 1664 3132 erat.

1283 3166 1362 3193 nec
1391 3151 1471 3193 sibi
1499 3159 1737 3206 promptum
1768 3152 1813 3192 in
1848 3150 2070 3193 adulatio-

1194 3226 1268 3253 nes
1293 3212 1538 3266 inycnt'um:
1563 3217 1790 3265 postquam
1810 3212 2067 3253 monstravit

1194 3284 1241 3312 se
1275 3271 1351 3311 illa
1372 3270 1504 3311 verba
1528 3283 1613 3309 non
1638 3269 1800 3311 dixisse
1822 3276 2069 3324 propterea,

1195 3329 1310 3385 quod
1344 3333 1387 3370 in
1421 3334 1533 3370 statu
1555 3328 1723 3370 Pisonis
1757 3328 1869 3371 nihil
1895 3329 2069 3380 fuisset,

1195 3402 1279 3444 quo
1314 3389 1413 3430 talis
1446 3401 1588 3429 sermo
1612 3389 1804 3442 poluerit
1823 3388 2067 3443 provocari,

1194 3449 1339 3504 pergit
1387 3447 1619 3490 ostendere
1667 3460 1810 3503 neque
1863 3447 1963 3490 ideo
2019 3459 2068 3487 se

1192 3507 1378 3559 dixisse,
1432 3513 1478 3548 ut
1532 3505 1677 3548 Pisoni
1723 3506 2065 3562 gratificaretur:

1191 3580 1276 3607 non
1329 3567 1443 3608 enim
1486 3571 1730 3619 promptum
1762 3565 1845 3608 sibi
1876 3576 1972 3607 esse
2013 3561 2065 3605 ad

1193 3625 1454 3668 adulandum
1491 3626 1735 3681 ingenium.

1196 3723 1200 3727 .
1269 3684 1394 3739 idque
1426 3681 1535 3727 nulli
1566 3683 1701 3739 mayt‘s
1731 3692 1915 3738 quarum
1941 3693 2066 3736 quam

2264 2758 2280 3008 *nm-...mna-
2274 2683 2280 2732 .-.2
2275 2535 2280 2625 ..-...
2276 2472 2280 2480 .

2262 3213 2280 3394 v‘or'hamu'
2262 3122 2280 3213 .1‘'“
