<?xml version="1.0" encoding="UTF-8"?>
<!DOCTYPE html PUBLIC "-//W3C//DTD XHTML 1.0 Transitional//EN"
    "http://www.w3.org/TR/xhtml1/DTD/xhtml1-transitional.dtd">
<html xmlns="http://www.w3.org/1999/xhtml" xml:lang="en" lang="en">
 <head>
  <title>
</title>
<meta http-equiv="Content-Type" content="text/html;charset=utf-8" />
  <meta name='ocr-system' content='tesseract 3.04.00' />
  <meta name='ocr-capabilities' content='ocr_page ocr_carea ocr_par ocr_line ocrx_word'/>
</head>
<body>
  <div class='ocr_page' id='page_1' title='image "./operaadcodicesan01taciuoft_0440.png"; bbox 0 0 2280 4004; ppageno 0'>
   <div class='ocr_carea' id='block_1_1' title="bbox 96 774 559 851">
    <p class='ocr_par' dir='ltr' id='par_1_1' title="bbox 38 774 559 856">
     <span class='ocr_line' id='line_1_1' title="bbox 96 774 559 851; baseline -0.006 -22.347"><span class='ocrx_word' id='word_1_1' title='bbox 96 818 99 819; x_wconf 21' lang='lat'><em>⁷</em></span> <span class='ocrx_word' id='word_1_2' title='bbox 125 823 137 851; x_wconf 68' lang='lat' dir='ltr'><em>z</em></span> <span class='ocrx_word' id='word_1_3' title='bbox 215 791 238 831; x_wconf 70' lang='grc' dir='ltr'>ε</span> <span class='ocrx_word' id='word_1_4' title='bbox 254 774 559 830; x_wconf 81' lang='lat' dir='ltr'><strong>intercessit.</strong></span> 
     </span>
    </p>
   </div>
   <div class='ocr_carea' id='block_1_2' title="bbox 1025 272 2082 328">
    <p class='ocr_par' dir='ltr' id='par_1_2' title="bbox 1025 272 2082 328">
     <span class='ocr_line' id='line_1_2' title="bbox 1025 272 2082 328; baseline 0.009 -12"><span class='ocrx_word' id='word_1_5' title='bbox 1025 272 1318 317; x_wconf 75' lang='lat' dir='ltr'>ANNAlelu</span> <span class='ocrx_word' id='word_1_6' title='bbox 1826 293 1867 325; x_wconf 81' lang='lat' dir='ltr'><strong><em>a.</em></strong></span> <span class='ocrx_word' id='word_1_7' title='bbox 1878 315 1884 318; x_wconf 87' lang='grc'><strong>-</strong></span> <span class='ocrx_word' id='word_1_8' title='bbox 1895 283 1947 327; x_wconf 73' lang='lat' dir='ltr'>tt&#39;.</span> <span class='ocrx_word' id='word_1_9' title='bbox 1977 279 2082 328; x_wconf 50' lang='lat'>7904</span> 
     </span>
    </p>
   </div>
   <div class='ocr_carea' id='block_1_3' title="bbox 253 413 2166 847">
    <p class='ocr_par' dir='ltr' id='par_1_3' title="bbox 253 413 2166 847">
     <span class='ocr_line' id='line_1_3' title="bbox 420 413 2166 484; baseline 0.006 -17"><span class='ocrx_word' id='word_1_10' title='bbox 420 413 622 468; x_wconf 83' lang='lat' dir='ltr'>Interim</span> <span class='ocrx_word' id='word_1_11' title='bbox 672 413 864 467; x_wconf 88' lang='lat' dir='ltr'>Romae</span> <span class='ocrx_word' id='word_1_12' title='bbox 918 414 1098 468; x_wconf 87' lang='lat' dir='ltr'>sut-uris</span> <span class='ocrx_word' id='word_1_13' title='bbox 1151 417 1300 467; x_wconf 88' lang='lat' dir='ltr'>etiam</span> <span class='ocrx_word' id='word_1_14' title='bbox 1353 422 1468 484; x_wconf 88' lang='lat' dir='ltr'>post</span> <span class='ocrx_word' id='word_1_15' title='bbox 1523 418 1776 474; x_wconf 76' lang='lat' dir='ltr'><strong>Tiberium</strong></span> <span class='ocrx_word' id='word_1_16' title='bbox 1838 422 2081 476; x_wconf 75' lang='lat' dir='ltr'>caedibus</span> <span class='ocrx_word' id='word_1_17' title='bbox 2097 416 2166 467; x_wconf 68' lang='lat'>47</span> 
     </span>
     <span class='ocr_line' id='line_1_4' title="bbox 257 504 2082 576; baseline 0.007 -20"><span class='ocrx_word' id='word_1_18' title='bbox 257 517 452 557; x_wconf 78' lang='lat' dir='ltr'>semina</span> <span class='ocrx_word' id='word_1_19' title='bbox 492 504 821 558; x_wconf 83' lang='lat' dir='ltr'>iaciebantur.</span> <span class='ocrx_word' id='word_1_20' title='bbox 909 506 1110 560; x_wconf 79' lang='lat' dir='ltr'>Laelius</span> <span class='ocrx_word' id='word_1_21' title='bbox 1148 507 1332 562; x_wconf 83' lang='lat' dir='ltr'><strong>Balbus</strong></span> <span class='ocrx_word' id='word_1_22' title='bbox 1369 509 1631 576; x_wconf 85' lang='lat' dir='ltr'>Acutiam,</span> <span class='ocrx_word' id='word_1_23' title='bbox 1693 510 1854 566; x_wconf 84' lang='lat' dir='ltr'>Publii</span> <span class='ocrx_word' id='word_1_24' title='bbox 1889 512 2082 568; x_wconf 78' lang='lat' dir='ltr'>Vitellii</span> 
     </span>
     <span class='ocr_line' id='line_1_5' title="bbox 256 593 2082 678; baseline 0.008 -35"><span class='ocrx_word' id='word_1_25' title='bbox 256 593 510 662; x_wconf 80' lang='lat' dir='ltr'>quondam</span> <span class='ocrx_word' id='word_1_26' title='bbox 547 610 787 662; x_wconf 82' lang='lat' dir='ltr'>uxorem,</span> <span class='ocrx_word' id='word_1_27' title='bbox 823 597 1102 650; x_wconf 79' lang='lat' dir='ltr'>maiestatis</span> <span class='ocrx_word' id='word_1_28' title='bbox 1109 600 1505 678; x_wconf 85' lang='lat' dir='ltr'>postulaverat3</span> <span class='ocrx_word' id='word_1_29' title='bbox 1563 617 1660 670; x_wconf 83' lang='lat' dir='ltr'>qua</span> <span class='ocrx_word' id='word_1_30' title='bbox 1699 602 1934 657; x_wconf 70' lang='lat' dir='ltr'>damnata</span> <span class='ocrx_word' id='word_1_31' title='bbox 1969 619 2082 658; x_wconf 84' lang='lat' dir='ltr'>cum</span> 
     </span>
     <span class='ocr_line' id='line_1_6' title="bbox 253 685 2083 762; baseline 0.008 -28"><span class='ocrx_word' id='word_1_32' title='bbox 253 685 528 750; x_wconf 83' lang='lat' dir='ltr'>praemium</span> <span class='ocrx_word' id='word_1_33' title='bbox 558 689 847 739; x_wconf 84' lang='lat' dir='ltr'>accusatori</span> <span class='ocrx_word' id='word_1_34' title='bbox 874 689 1252 757; x_wconf 82' lang='lat' dir='ltr'>decerneretur,</span> <span class='ocrx_word' id='word_1_35' title='bbox 1293 692 1462 745; x_wconf 91' lang='lat' dir='ltr'>Iunius</span> <span class='ocrx_word' id='word_1_36' title='bbox 1489 694 1619 747; x_wconf 87' lang='lat' dir='ltr'><strong>Otho</strong></span> <span class='ocrx_word' id='word_1_37' title='bbox 1649 695 1879 747; x_wconf 84' lang='lat' dir='ltr'>tribunus</span> <span class='ocrx_word' id='word_1_38' title='bbox 1912 695 2083 762; x_wconf 80' lang='lat' dir='ltr'>plebei</span> 
     </span>
     <span class='ocr_line' id='line_1_7' title="bbox 633 778 2082 847; baseline 0.003 -16"><span class='ocrx_word' id='word_1_39' title='bbox 633 778 777 831; x_wconf 90' lang='lat' dir='ltr'>Unde</span> <span class='ocrx_word' id='word_1_40' title='bbox 811 780 912 832; x_wconf 91' lang='lat' dir='ltr'>illis</span> <span class='ocrx_word' id='word_1_41' title='bbox 950 781 1084 847; x_wconf 90' lang='lat' dir='ltr'>odia,</span> <span class='ocrx_word' id='word_1_42' title='bbox 1120 798 1240 835; x_wconf 85' lang='lat' dir='ltr'>mox</span> <span class='ocrx_word' id='word_1_43' title='bbox 1267 784 1454 837; x_wconf 84' lang='lat' dir='ltr'>Othoni</span> <span class='ocrx_word' id='word_1_44' title='bbox 1491 779 1711 838; x_wconf 81' lang='lat' dir='ltr'>exilium.</span> <span class='ocrx_word' id='word_1_45' title='bbox 1782 786 1914 839; x_wconf 85' lang='lat' dir='ltr'>Dein</span> <span class='ocrx_word' id='word_1_46' title='bbox 1949 787 2082 839; x_wconf 66' lang='lat' dir='ltr'>mul„</span> 
     </span>
    </p>
   </div>
   <div class='ocr_carea' id='block_1_4' title="bbox 188 852 2078 942">
    <p class='ocr_par' dir='ltr' id='par_1_4' title="bbox 188 852 2078 942">
     <span class='ocr_line' id='line_1_8' title="bbox 188 852 2078 942; baseline 0.006 -22"><span class='ocrx_word' id='word_1_47' title='bbox 188 864 190 867; x_wconf 46' lang='lat'><strong>⁴</strong></span> <span class='ocrx_word' id='word_1_48' title='bbox 252 871 416 921; x_wconf 88' lang='lat' dir='ltr'>torum</span> <span class='ocrx_word' id='word_1_49' title='bbox 474 870 731 924; x_wconf 85' lang='lat' dir='ltr'>amoribus</span> <span class='ocrx_word' id='word_1_50' title='bbox 787 852 982 927; x_wconf 81' lang='lat' dir='ltr'>famosa</span> <span class='ocrx_word' id='word_1_51' title='bbox 1040 874 1322 942; x_wconf 81' lang='lat' dir='ltr'>Albucilla,</span> <span class='ocrx_word' id='word_1_52' title='bbox 1405 877 1485 931; x_wconf 86' lang='lat' dir='ltr'>cui</span> <span class='ocrx_word' id='word_1_53' title='bbox 1529 878 1902 931; x_wconf 79' lang='lat' dir='ltr'>matrimonium</span> <span class='ocrx_word' id='word_1_54' title='bbox 1966 894 2078 932; x_wconf 88' lang='lat' dir='ltr'>cum</span> 
     </span>
    </p>
   </div>
   <div class='ocr_carea' id='block_1_5' title="bbox 250 959 2079 1215">
    <p class='ocr_par' dir='ltr' id='par_1_5' title="bbox 250 959 2079 1215">
     <span class='ocr_line' id='line_1_9' title="bbox 251 959 2079 1037; baseline 0.006 -24"><span class='ocrx_word' id='word_1_55' title='bbox 251 959 417 1013; x_wconf 86' lang='lat' dir='ltr'>Satrio</span> <span class='ocrx_word' id='word_1_56' title='bbox 441 959 678 1013; x_wconf 90' lang='lat' dir='ltr'>Secundo</span> <span class='ocrx_word' id='word_1_57' title='bbox 719 963 1087 1016; x_wconf 89' lang='lat' dir='ltr'>coniurationis</span> <span class='ocrx_word' id='word_1_58' title='bbox 1115 964 1285 1018; x_wconf 89' lang='lat' dir='ltr'>indice</span> <span class='ocrx_word' id='word_1_59' title='bbox 1324 966 1504 1033; x_wconf 81' lang='lat' dir='ltr'>fuerat,</span> <span class='ocrx_word' id='word_1_60' title='bbox 1544 968 1771 1023; x_wconf 84' lang='lat' dir='ltr'>defertur</span> <span class='ocrx_word' id='word_1_61' title='bbox 1807 970 2079 1037; x_wconf 75' lang='lat' dir='ltr'>impietatis</span> 
     </span>
     <span class='ocr_line' id='line_1_10' title="bbox 250 1049 2078 1121; baseline 0.005 -17"><span class='ocrx_word' id='word_1_62' title='bbox 250 1049 302 1104; x_wconf 89' lang='lat' dir='ltr'>in</span> <span class='ocrx_word' id='word_1_63' title='bbox 355 1051 660 1121; x_wconf 85' lang='lat' dir='ltr'>principem3</span> <span class='ocrx_word' id='word_1_64' title='bbox 729 1056 1162 1111; x_wconf 86' lang='lat' dir='ltr'>connectebantur</span> <span class='ocrx_word' id='word_1_65' title='bbox 1221 1062 1276 1111; x_wconf 93' lang='lat' dir='ltr'>ut</span> <span class='ocrx_word' id='word_1_66' title='bbox 1331 1059 1529 1111; x_wconf 85' lang='lat' dir='ltr'>conscii</span> <span class='ocrx_word' id='word_1_67' title='bbox 1589 1064 1640 1113; x_wconf 84' lang='lat' dir='ltr'>et</span> <span class='ocrx_word' id='word_1_68' title='bbox 1692 1060 1908 1113; x_wconf 84' lang='lat' dir='ltr'>adulteri</span> <span class='ocrx_word' id='word_1_69' title='bbox 1968 1061 2078 1116; x_wconf 80' lang='lat' dir='ltr'>eius</span> 
     </span>
     <span class='ocr_line' id='line_1_11' title="bbox 250 1140 2079 1215; baseline 0.008 -22"><span class='ocrx_word' id='word_1_70' title='bbox 250 1140 458 1196; x_wconf 86' lang='lat' dir='ltr'>Gnaeus</span> <span class='ocrx_word' id='word_1_71' title='bbox 489 1144 755 1211; x_wconf 88' lang='lat' dir='ltr'>Domitius,</span> <span class='ocrx_word' id='word_1_72' title='bbox 793 1147 970 1199; x_wconf 91' lang='lat' dir='ltr'>Vibius</span> <span class='ocrx_word' id='word_1_73' title='bbox 994 1149 1208 1215; x_wconf 89' lang='lat' dir='ltr'>Marsus,</span> <span class='ocrx_word' id='word_1_74' title='bbox 1240 1151 1424 1202; x_wconf 86' lang='lat' dir='ltr'>Lucius</span> <span class='ocrx_word' id='word_1_75' title='bbox 1449 1151 1739 1205; x_wconf 76' lang='lat' dir='ltr'>ArruntiuS.</span> <span class='ocrx_word' id='word_1_76' title='bbox 1810 1153 1887 1206; x_wconf 89' lang='lat' dir='ltr'>De</span> <span class='ocrx_word' id='word_1_77' title='bbox 1922 1153 2079 1206; x_wconf 82' lang='lat' dir='ltr'>clari-</span> 
     </span>
    </p>
   </div>
   <div class='ocr_carea' id='block_1_6' title="bbox 183 1234 2078 1311">
    <p class='ocr_par' dir='ltr' id='par_1_6' title="bbox 183 1234 2078 1311">
     <span class='ocr_line' id='line_1_12' title="bbox 183 1234 2078 1311; baseline 0.006 -26"><span class='ocrx_word' id='word_1_78' title='bbox 183 1247 237 1286; x_wconf 63' lang='lat' dir='ltr'>uo</span> <span class='ocrx_word' id='word_1_79' title='bbox 251 1234 426 1287; x_wconf 88' lang='lat' dir='ltr'>tudine</span> <span class='ocrx_word' id='word_1_80' title='bbox 461 1236 668 1289; x_wconf 90' lang='lat' dir='ltr'>Domitii</span> <span class='ocrx_word' id='word_1_81' title='bbox 703 1253 854 1305; x_wconf 89' lang='lat' dir='ltr'>supra</span> <span class='ocrx_word' id='word_1_82' title='bbox 892 1241 1197 1293; x_wconf 88' lang='lat' dir='ltr'>memoravi:</span> <span class='ocrx_word' id='word_1_83' title='bbox 1248 1243 1444 1295; x_wconf 85' lang='lat' dir='ltr'>Marsus</span> <span class='ocrx_word' id='word_1_84' title='bbox 1489 1257 1690 1311; x_wconf 80' lang='lat' dir='ltr'>quoque</span> <span class='ocrx_word' id='word_1_85' title='bbox 1727 1245 1940 1296; x_wconf 75' lang='lat' dir='ltr'>vetustis</span> <span class='ocrx_word' id='word_1_86' title='bbox 1979 1245 2078 1296; x_wconf 84' lang='lat' dir='ltr'>ho-</span> 
     </span>
    </p>
   </div>
   <div class='ocr_carea' id='block_1_7' title="bbox 175 1691 1555 1749">
    <p class='ocr_par' dir='ltr' id='par_1_7' title="bbox 175 1691 1555 1749">
     <span class='ocr_line' id='line_1_13' title="bbox 175 1691 1555 1749; baseline 0.008 -12"><span class='ocrx_word' id='word_1_87' title='bbox 175 1699 225 1737; x_wconf 70' lang='lat' dir='ltr'>r15</span> <span class='ocrx_word' id='word_1_88' title='bbox 242 1691 307 1743; x_wconf 89' lang='lat' dir='ltr'>ob</span> <span class='ocrx_word' id='word_1_89' title='bbox 347 1692 637 1745; x_wconf 80' lang='lat' dir='ltr'>inimicitias</span> <span class='ocrx_word' id='word_1_90' title='bbox 676 1695 933 1747; x_wconf 82' lang='lat' dir='ltr'>Macronis</span> <span class='ocrx_word' id='word_1_91' title='bbox 970 1701 1118 1749; x_wconf 86' lang='lat' dir='ltr'>notas</span> <span class='ocrx_word' id='word_1_92' title='bbox 1158 1697 1209 1747; x_wconf 85' lang='lat' dir='ltr'>in</span> <span class='ocrx_word' id='word_1_93' title='bbox 1246 1697 1555 1749; x_wconf 76' lang='lat' dir='ltr'>Arruntium.</span> 
     </span>
    </p>
   </div>
   <div class='ocr_carea' id='block_1_8' title="bbox 174 1841 185 2042">
    <p class='ocr_par' dir='ltr' id='par_1_8' title="bbox 174 1841 185 2042">
     <span class='ocr_line' id='line_1_14' title="bbox 174 1841 185 2042; baseline 0 1962"><span class='ocrx_word' id='word_1_94' title='bbox 174 1841 185 2042; x_wconf 95' lang='lat' dir='ltr'> </span> 
     </span>
    </p>
   </div>
   <div class='ocr_carea' id='block_1_9' title="bbox 240 1326 2158 2039">
    <p class='ocr_par' dir='ltr' id='par_1_9' title="bbox 240 1326 2158 2039">
     <span class='ocr_line' id='line_1_15' title="bbox 249 1326 2075 1403; baseline 0.005 -26"><span class='ocrx_word' id='word_1_95' title='bbox 249 1326 460 1379; x_wconf 86' lang='lat' dir='ltr'>noribus</span> <span class='ocrx_word' id='word_1_96' title='bbox 501 1332 551 1379; x_wconf 90' lang='lat' dir='ltr'>et</span> <span class='ocrx_word' id='word_1_97' title='bbox 596 1328 822 1381; x_wconf 88' lang='lat' dir='ltr'>inlustris</span> <span class='ocrx_word' id='word_1_98' title='bbox 859 1331 1039 1383; x_wconf 90' lang='lat' dir='ltr'>studiis</span> <span class='ocrx_word' id='word_1_99' title='bbox 1080 1337 1205 1383; x_wconf 88' lang='lat' dir='ltr'>erat.</span> <span class='ocrx_word' id='word_1_100' title='bbox 1278 1333 1379 1386; x_wconf 90' lang='lat' dir='ltr'>Sed</span> <span class='ocrx_word' id='word_1_101' title='bbox 1425 1335 1627 1386; x_wconf 86' lang='lat' dir='ltr'>testium</span> <span class='ocrx_word' id='word_1_102' title='bbox 1666 1334 2075 1403; x_wconf 79' lang='lat' dir='ltr'>interrogationi,</span> 
     </span>
     <span class='ocr_line' id='line_1_16' title="bbox 245 1419 2076 1491; baseline 0.007 -23"><span class='ocrx_word' id='word_1_103' title='bbox 245 1419 511 1471; x_wconf 89' lang='lat' dir='ltr'>tormentis</span> <span class='ocrx_word' id='word_1_104' title='bbox 561 1435 828 1472; x_wconf 81' lang='lat' dir='ltr'>servorum</span> <span class='ocrx_word' id='word_1_105' title='bbox 882 1423 1176 1475; x_wconf 88' lang='lat' dir='ltr'>Macronem</span> <span class='ocrx_word' id='word_1_106' title='bbox 1227 1425 1555 1491; x_wconf 84' lang='lat' dir='ltr'>praesedisse</span> <span class='ocrx_word' id='word_1_107' title='bbox 1611 1427 2076 1487; x_wconf 65' lang='lat' dir='ltr'>commentariisad</span> 
     </span>
     <span class='ocr_line' id='line_1_17' title="bbox 243 1510 2077 1583; baseline 0.007 -21"><span class='ocrx_word' id='word_1_108' title='bbox 243 1514 472 1562; x_wconf 84' lang='lat' dir='ltr'>senatum</span> <span class='ocrx_word' id='word_1_109' title='bbox 510 1510 650 1563; x_wconf 90' lang='lat' dir='ltr'>missi</span> <span class='ocrx_word' id='word_1_110' title='bbox 690 1512 948 1579; x_wconf 87' lang='lat' dir='ltr'>ferebant,</span> <span class='ocrx_word' id='word_1_111' title='bbox 998 1515 1265 1582; x_wconf 78' lang='lat' dir='ltr'>nullaeque</span> <span class='ocrx_word' id='word_1_112' title='bbox 1303 1515 1355 1565; x_wconf 91' lang='lat' dir='ltr'>in</span> <span class='ocrx_word' id='word_1_113' title='bbox 1393 1530 1484 1567; x_wconf 92' lang='lat' dir='ltr'>eos</span> <span class='ocrx_word' id='word_1_114' title='bbox 1522 1516 1840 1583; x_wconf 88' lang='lat' dir='ltr'>imperatoris</span> <span class='ocrx_word' id='word_1_115' title='bbox 1876 1517 2077 1573; x_wconf 78' lang='lat' dir='ltr'>litterae</span> 
     </span>
     <span class='ocr_line' id='line_1_18' title="bbox 242 1601 2075 1677; baseline 0.005 -26"><span class='ocrx_word' id='word_1_116' title='bbox 242 1601 587 1668; x_wconf 85' lang='lat' dir='ltr'>suspicionem</span> <span class='ocrx_word' id='word_1_117' title='bbox 628 1602 816 1656; x_wconf 84' lang='lat' dir='ltr'>dabant</span> <span class='ocrx_word' id='word_1_118' title='bbox 853 1605 1078 1657; x_wconf 92' lang='lat' dir='ltr'>invalido</span> <span class='ocrx_word' id='word_1_119' title='bbox 1117 1620 1178 1658; x_wconf 90' lang='lat' dir='ltr'>ac</span> <span class='ocrx_word' id='word_1_120' title='bbox 1216 1606 1436 1658; x_wconf 87' lang='lat' dir='ltr'>fortasse</span> <span class='ocrx_word' id='word_1_121' title='bbox 1465 1607 1648 1675; x_wconf 88' lang='lat' dir='ltr'>ignaro</span> <span class='ocrx_word' id='word_1_122' title='bbox 1687 1608 1802 1659; x_wconf 85' lang='lat' dir='ltr'>licta</span> <span class='ocrx_word' id='word_1_123' title='bbox 1831 1606 2075 1677; x_wconf 79' lang='lat' dir='ltr'>&#39;pleraque</span> 
     </span>
     <span class='ocr_line' id='line_1_19' title="bbox 1631 1698 2158 1766; baseline 0.015 -16"><span class='ocrx_word' id='word_1_124' title='bbox 1631 1698 1790 1766; x_wconf 79' lang='lat' dir='ltr'>Igitur-</span> <span class='ocrx_word' id='word_1_125' title='bbox 1822 1699 2072 1752; x_wconf 81' lang='lat' dir='ltr'>Domitius</span> <span class='ocrx_word' id='word_1_126' title='bbox 2088 1706 2158 1757; x_wconf 83' lang='grc'>48</span> 
     </span>
     <span class='ocr_line' id='line_1_20' title="bbox 243 1776 2070 1857; baseline 0.004 -22"><span class='ocrx_word' id='word_1_127' title='bbox 243 1783 595 1837; x_wconf 86' lang='lat' dir='ltr'>defensionem</span> <span class='ocrx_word' id='word_1_128' title='bbox 625 1787 892 1854; x_wconf 82' lang='lat' dir='ltr'>meditanS,</span> <span class='ocrx_word' id='word_1_129' title='bbox 931 1789 1127 1845; x_wconf 82' lang='lat' dir='ltr'>Marsus</span> <span class='ocrx_word' id='word_1_130' title='bbox 1158 1776 1416 1857; x_wconf 41' lang='lat' dir='ltr'>tamquam*</span> <span class='ocrx_word' id='word_1_131' title='bbox 1434 1790 1657 1845; x_wconf 84' lang='lat' dir='ltr'>inediam</span> <span class='ocrx_word' id='word_1_132' title='bbox 1693 1789 2070 1857; x_wconf 78' lang='lat' dir='ltr'>destinavisset,</span> 
     </span>
     <span class='ocr_line' id='line_1_21' title="bbox 240 1874 2072 1942; baseline 0.004 -16"><span class='ocrx_word' id='word_1_133' title='bbox 240 1874 531 1942; x_wconf 86' lang='lat' dir='ltr'>produxere</span> <span class='ocrx_word' id='word_1_134' title='bbox 565 1878 738 1930; x_wconf 83' lang='lat' dir='ltr'>vitam.</span> <span class='ocrx_word' id='word_1_135' title='bbox 813 1879 1085 1932; x_wconf 82' lang='lat' dir='ltr'>Arruntius</span> <span class='ocrx_word' id='word_1_136' title='bbox 1126 1881 1498 1932; x_wconf 89' lang='lat' dir='ltr'>cunctationem</span> <span class='ocrx_word' id='word_1_137' title='bbox 1548 1886 1598 1933; x_wconf 91' lang='lat' dir='ltr'>et</span> <span class='ocrx_word' id='word_1_138' title='bbox 1633 1895 1804 1934; x_wconf 82' lang='lat' dir='ltr'>morus</span> <span class='ocrx_word' id='word_1_139' title='bbox 1843 1882 2072 1934; x_wconf 76' lang='lat' dir='ltr'>suaden-</span> 
     </span>
     <span class='ocr_line' id='line_1_22' title="bbox 240 1966 2071 2039; baseline 0.004 -22"><span class='ocrx_word' id='word_1_140' title='bbox 240 1966 374 2020; x_wconf 88' lang='lat' dir='ltr'>tibus</span> <span class='ocrx_word' id='word_1_141' title='bbox 424 1969 634 2035; x_wconf 77' lang='lat' dir='ltr'>amiciS,</span> <span class='ocrx_word' id='word_1_142' title='bbox 692 1985 796 2024; x_wconf 88' lang='lat' dir='ltr'>non</span> <span class='ocrx_word' id='word_1_143' title='bbox 840 1971 1019 2024; x_wconf 85' lang='lat' dir='ltr'>eadem</span> <span class='ocrx_word' id='word_1_144' title='bbox 1082 1971 1317 2028; x_wconf 89' lang='lat' dir='ltr'>omnibus</span> <span class='ocrx_word' id='word_1_145' title='bbox 1368 1972 1558 2025; x_wconf 90' lang='lat' dir='ltr'>decora</span> <span class='ocrx_word' id='word_1_146' title='bbox 1610 1972 1891 2039; x_wconf 85' lang='lat' dir='ltr'>respondit.</span> <span class='ocrx_word' id='word_1_147' title='bbox 1961 1971 2071 2029; x_wconf 84' lang='lat' dir='ltr'>Sibi</span> 
     </span>
    </p>
   </div>
   <div class='ocr_carea' id='block_1_10' title="bbox 176 2043 2072 2131">
    <p class='ocr_par' dir='ltr' id='par_1_10' title="bbox 176 2043 2072 2131">
     <span class='ocr_line' id='line_1_23' title="bbox 176 2043 2072 2131; baseline 0.003 -20"><span class='ocrx_word' id='word_1_148' title='bbox 176 2043 196 2118; x_wconf 53' lang='grc' dir='ltr'>’ἶ</span> <span class='ocrx_word' id='word_1_149' title='bbox 240 2059 364 2111; x_wconf 87' lang='lat' dir='ltr'>satis</span> <span class='ocrx_word' id='word_1_150' title='bbox 405 2060 602 2126; x_wconf 88' lang='lat' dir='ltr'>aetatis,</span> <span class='ocrx_word' id='word_1_151' title='bbox 646 2075 811 2130; x_wconf 87' lang='lat' dir='ltr'>neque</span> <span class='ocrx_word' id='word_1_152' title='bbox 850 2063 984 2117; x_wconf 80' lang='lat' dir='ltr'>aliud</span> <span class='ocrx_word' id='word_1_153' title='bbox 1010 2063 1370 2131; x_wconf 90' lang='lat' dir='ltr'>paenitendum</span> <span class='ocrx_word' id='word_1_154' title='bbox 1409 2076 1557 2130; x_wconf 84' lang='lat' dir='ltr'>quam</span> <span class='ocrx_word' id='word_1_155' title='bbox 1593 2064 1726 2130; x_wconf 90' lang='lat' dir='ltr'>quod</span> <span class='ocrx_word' id='word_1_156' title='bbox 1767 2064 1900 2116; x_wconf 87' lang='lat' dir='ltr'>inter</span> <span class='ocrx_word' id='word_1_157' title='bbox 1934 2063 2072 2116; x_wconf 84' lang='lat' dir='ltr'>ludi-</span> 
     </span>
    </p>
   </div>
   <div class='ocr_carea' id='block_1_11' title="bbox 173 2125 222 2287">
    <p class='ocr_par' dir='ltr' id='par_1_11' title="bbox 173 2125 222 2287">
     <span class='ocr_line' id='line_1_24' title="bbox 173 2125 222 2287; baseline 0 0"><span class='ocrx_word' id='word_1_158' title='bbox 173 2125 222 2287; x_wconf 55' lang='grc' dir='ltr'>ῗὶῡ</span> 
     </span>
    </p>
   </div>
   <div class='ocr_carea' id='block_1_12' title="bbox 236 2149 2068 2315">
    <p class='ocr_par' dir='ltr' id='par_1_12' title="bbox 236 2149 2068 2315">
     <span class='ocr_line' id='line_1_25' title="bbox 237 2149 2068 2221; baseline 0.004 -21"><span class='ocrx_word' id='word_1_159' title='bbox 237 2149 347 2201; x_wconf 87' lang='lat' dir='ltr'>bria</span> <span class='ocrx_word' id='word_1_160' title='bbox 398 2155 447 2202; x_wconf 90' lang='lat' dir='ltr'>et</span> <span class='ocrx_word' id='word_1_161' title='bbox 492 2152 717 2217; x_wconf 81' lang='lat' dir='ltr'>pericula</span> <span class='ocrx_word' id='word_1_162' title='bbox 751 2154 953 2209; x_wconf 81' lang='lat' dir='ltr'>anxiam</span> <span class='ocrx_word' id='word_1_163' title='bbox 1010 2160 1269 2207; x_wconf 85' lang='lat' dir='ltr'>senectam</span> <span class='ocrx_word' id='word_1_164' title='bbox 1321 2154 1679 2219; x_wconf 87' lang='lat' dir='ltr'>toleravisset,</span> <span class='ocrx_word' id='word_1_165' title='bbox 1740 2154 1827 2206; x_wconf 90' lang='lat' dir='ltr'>diu</span> <span class='ocrx_word' id='word_1_166' title='bbox 1854 2155 2068 2221; x_wconf 87' lang='lat' dir='ltr'>Seiano,</span> 
     </span>
     <span class='ocr_line' id='line_1_26' title="bbox 236 2241 2066 2315; baseline 0.003 -24"><span class='ocrx_word' id='word_1_167' title='bbox 236 2255 369 2291; x_wconf 90' lang='lat' dir='ltr'>nunc</span> <span class='ocrx_word' id='word_1_168' title='bbox 404 2241 665 2309; x_wconf 85' lang='lat' dir='ltr'>Macroni,</span> <span class='ocrx_word' id='word_1_169' title='bbox 718 2259 922 2310; x_wconf 88' lang='lat' dir='ltr'>semper</span> <span class='ocrx_word' id='word_1_170' title='bbox 962 2245 1112 2299; x_wconf 88' lang='lat' dir='ltr'>alicui</span> <span class='ocrx_word' id='word_1_171' title='bbox 1162 2244 1441 2311; x_wconf 85' lang='lat' dir='ltr'>potentium</span> <span class='ocrx_word' id='word_1_172' title='bbox 1482 2244 1705 2311; x_wconf 82' lang='lat' dir='ltr'>invisuS,</span> <span class='ocrx_word' id='word_1_173' title='bbox 1759 2259 1863 2296; x_wconf 89' lang='lat' dir='ltr'>non</span> <span class='ocrx_word' id='word_1_174' title='bbox 1904 2244 2066 2315; x_wconf 82' lang='lat' dir='ltr'>culpa,</span> 
     </span>
    </p>
   </div>
   <div class='ocr_carea' id='block_1_13' title="bbox 234 2373 2065 2668">
    <p class='ocr_par' dir='ltr' id='par_1_13' title="bbox 234 2373 2065 2668">
     <span class='ocr_line' id='line_1_27' title="bbox 351 2373 2065 2429; baseline 0.001 -12"><span class='ocrx_word' id='word_1_175' title='bbox 351 2375 392 2417; x_wconf 82' lang='lat'><strong><em>2.</em></strong></span> <span class='ocrx_word' id='word_1_176' title='bbox 426 2374 579 2416; x_wconf 79' lang='lat' dir='ltr'>laetius</span> <span class='ocrx_word' id='word_1_177' title='bbox 612 2373 666 2417; x_wconf 82' lang='lat' dir='ltr'><strong><em>M.</em></strong></span> <span class='ocrx_word' id='word_1_178' title='bbox 759 2374 805 2417; x_wconf 92' lang='grc' dir='ltr'>Ρ.</span> <span class='ocrx_word' id='word_1_179' title='bbox 838 2375 892 2417; x_wconf 88' lang='grc' dir='ltr'>Μ.</span> <span class='ocrx_word' id='word_1_180' title='bbox 1017 2377 1062 2419; x_wconf 89' lang='lat'>3.</span> <span class='ocrx_word' id='word_1_181' title='bbox 1094 2376 1266 2419; x_wconf 72' lang='lat' dir='ltr'>uxorim</span> <span class='ocrx_word' id='word_1_182' title='bbox 1298 2375 1353 2418; x_wconf 87' lang='grc' dir='ltr'>Μ.</span> <span class='ocrx_word' id='word_1_183' title='bbox 1476 2373 1519 2423; x_wconf 82' lang='grc'>4.</span> <span class='ocrx_word' id='word_1_184' title='bbox 1556 2374 1679 2417; x_wconf 76' lang='lat' dir='ltr'>ortho</span> <span class='ocrx_word' id='word_1_185' title='bbox 1710 2375 1766 2429; x_wconf 88' lang='grc' dir='ltr'>Μ,</span> <span class='ocrx_word' id='word_1_186' title='bbox 1800 2387 1889 2417; x_wconf 89' lang='lat' dir='ltr'>non</span> <span class='ocrx_word' id='word_1_187' title='bbox 1922 2376 2065 2428; x_wconf 69' lang='lat' dir='ltr'>arelao,</span> 
     </span>
     <span class='ocr_line' id='line_1_28' title="bbox 234 2433 2065 2492; baseline 0.002 -18"><span class='ocrx_word' id='word_1_188' title='bbox 234 2441 335 2474; x_wconf 85' lang='lat' dir='ltr'>mox</span> <span class='ocrx_word' id='word_1_189' title='bbox 368 2433 529 2487; x_wconf 80' lang='lat' dir='ltr'>othoni,</span> <span class='ocrx_word' id='word_1_190' title='bbox 562 2447 649 2475; x_wconf 91' lang='lat' dir='ltr'>non</span> <span class='ocrx_word' id='word_1_191' title='bbox 683 2434 848 2478; x_wconf 75' lang='lat' dir='ltr'>athoni.</span> <span class='ocrx_word' id='word_1_192' title='bbox 963 2434 1004 2479; x_wconf 86' lang='lat'><strong><em>7.</em></strong></span> <span class='ocrx_word' id='word_1_193' title='bbox 1038 2435 1125 2491; x_wconf 78' lang='lat' dir='ltr'>inp.</span> <span class='ocrx_word' id='word_1_194' title='bbox 1161 2435 1215 2477; x_wconf 89' lang='lat' dir='ltr'>M.</span> <span class='ocrx_word' id='word_1_195' title='bbox 1338 2433 1382 2477; x_wconf 90' lang='grc'>8.</span> <span class='ocrx_word' id='word_1_196' title='bbox 1417 2439 1580 2477; x_wconf 70' lang='lat' dir='ltr'>concor.</span> <span class='ocrx_word' id='word_1_197' title='bbox 1615 2434 1670 2476; x_wconf 90' lang='lat' dir='ltr'>M.</span> <span class='ocrx_word' id='word_1_198' title='bbox 1793 2434 1835 2478; x_wconf 87' lang='grc'>9.</span> <span class='ocrx_word' id='word_1_199' title='bbox 1872 2435 2065 2492; x_wconf 76' lang='lat' dir='ltr'>Gnaeus]</span> 
     </span>
     <span class='ocr_line' id='line_1_29' title="bbox 237 2491 2065 2550; baseline 0.001 -17"><span class='ocrx_word' id='word_1_200' title='bbox 237 2491 285 2534; x_wconf 87' lang='lat' dir='ltr'><strong><em>C.</em></strong></span> <span class='ocrx_word' id='word_1_201' title='bbox 322 2492 374 2535; x_wconf 90' lang='lat' dir='ltr'>N.</span> <span class='ocrx_word' id='word_1_202' title='bbox 407 2492 459 2534; x_wconf 87' lang='grc' dir='ltr'>Μ.</span> <span class='ocrx_word' id='word_1_203' title='bbox 553 2493 603 2535; x_wconf 90' lang='lat' dir='ltr'>L.</span> <span class='ocrx_word' id='word_1_204' title='bbox 636 2493 692 2536; x_wconf 84' lang='lat' dir='ltr'><strong><em>M.</em></strong></span> <span class='ocrx_word' id='word_1_205' title='bbox 773 2495 840 2536; x_wconf 89' lang='grc'>12.</span> <span class='ocrx_word' id='word_1_206' title='bbox 871 2494 1103 2550; x_wconf 76' lang='lat' dir='ltr'>praesidiis</span> <span class='ocrx_word' id='word_1_207' title='bbox 1134 2508 1178 2535; x_wconf 84' lang='lat' dir='ltr'>se</span> <span class='ocrx_word' id='word_1_208' title='bbox 1212 2493 1278 2536; x_wconf 86' lang='lat' dir='ltr'>M:</span> <span class='ocrx_word' id='word_1_209' title='bbox 1311 2493 1502 2536; x_wconf 85' lang='lat' dir='ltr'>correxit</span> <span class='ocrx_word' id='word_1_210' title='bbox 1532 2491 1789 2537; x_wconf 68' lang='lat' dir='ltr'>Beroaldus.</span> <span class='ocrx_word' id='word_1_211' title='bbox 1824 2493 1882 2536; x_wconf 82' lang='lat' dir='ltr'>cf.</span> <span class='ocrx_word' id='word_1_212' title='bbox 1915 2499 2065 2536; x_wconf 81' lang='lat' dir='ltr'>annot.</span> 
     </span>
     <span class='ocr_line' id='line_1_30' title="bbox 234 2549 2064 2611; baseline 0.003 -20"><span class='ocrx_word' id='word_1_213' title='bbox 234 2549 285 2591; x_wconf 81' lang='lat' dir='ltr'>ad</span> <span class='ocrx_word' id='word_1_214' title='bbox 325 2553 341 2592; x_wconf 94' lang='lat'>1</span> <span class='ocrx_word' id='word_1_215' title='bbox 381 2551 451 2594; x_wconf 89' lang='lat'>76.</span> <span class='ocrx_word' id='word_1_216' title='bbox 578 2551 646 2595; x_wconf 69' lang='lat'>14.</span> <span class='ocrx_word' id='word_1_217' title='bbox 691 2554 967 2608; x_wconf 82' lang='lat' dir='ltr'>suspitionem</span> <span class='ocrx_word' id='word_1_218' title='bbox 998 2553 1052 2595; x_wconf 83' lang='lat' dir='ltr'><strong><em>M.</em></strong></span> <span class='ocrx_word' id='word_1_219' title='bbox 1150 2552 1217 2595; x_wconf 89' lang='grc'>16.</span> <span class='ocrx_word' id='word_1_220' title='bbox 1252 2552 1474 2593; x_wconf 81' lang='lat' dir='ltr'>inaedioem</span> <span class='ocrx_word' id='word_1_221' title='bbox 1504 2553 1561 2596; x_wconf 87' lang='grc' dir='ltr'>Μ.</span> <span class='ocrx_word' id='word_1_222' title='bbox 1649 2554 1722 2597; x_wconf 82' lang='grc'>20.</span> <span class='ocrx_word' id='word_1_223' title='bbox 1749 2551 1994 2611; x_wconf 73' lang='grc' dir='ltr'>Ρθνίονῑνία</span> <span class='ocrx_word' id='word_1_224' title='bbox 2024 2553 2064 2596; x_wconf 84' lang='grc' dir='ltr'>Μ</span> 
     </span>
     <span class='ocr_line' id='line_1_31' title="bbox 234 2609 1507 2668; baseline 0.002 -18"><span class='ocrx_word' id='word_1_225' title='bbox 234 2614 345 2652; x_wconf 82' lang='lat' dir='ltr'>teste</span> <span class='ocrx_word' id='word_1_226' title='bbox 377 2609 576 2662; x_wconf 84' lang='lat' dir='ltr'>Baitero,</span> <span class='ocrx_word' id='word_1_227' title='bbox 611 2622 698 2651; x_wconf 88' lang='lat' dir='ltr'>non</span> <span class='ocrx_word' id='word_1_228' title='bbox 724 2610 1012 2668; x_wconf 77' lang='lat' dir='ltr'>pericularia,</span> <span class='ocrx_word' id='word_1_229' title='bbox 1046 2617 1092 2652; x_wconf 88' lang='lat' dir='ltr'>ut</span> <span class='ocrx_word' id='word_1_230' title='bbox 1124 2617 1268 2655; x_wconf 70' lang='lat' dir='ltr'>narrat</span> <span class='ocrx_word' id='word_1_231' title='bbox 1299 2610 1507 2653; x_wconf 81' lang='lat' dir='ltr'>l‘ichena.</span> 
     </span>
    </p>
   </div>
   <div class='ocr_carea' id='block_1_14' title="bbox 230 2708 1106 3076">
    <p class='ocr_par' dir='ltr' id='par_1_14' title="bbox 230 2708 1106 3065">
     <span class='ocr_line' id='line_1_32' title="bbox 233 2708 1106 2753; baseline 0 -1"><span class='ocrx_word' id='word_1_232' title='bbox 233 2709 468 2752; x_wconf 85' lang='lat' dir='ltr'>Suetonius</span> <span class='ocrx_word' id='word_1_233' title='bbox 510 2708 601 2751; x_wconf 83' lang='lat' dir='ltr'>Tib.</span> <span class='ocrx_word' id='word_1_234' title='bbox 644 2709 717 2752; x_wconf 85' lang='grc'>68.</span> <span class='ocrx_word' id='word_1_235' title='bbox 795 2710 1015 2753; x_wconf 83' lang='lat' dir='ltr'>Plutarch.</span> <span class='ocrx_word' id='word_1_236' title='bbox 1051 2710 1106 2752; x_wconf 87' lang='lat' dir='ltr'>de</span> 
     </span>
     <span class='ocr_line' id='line_1_33' title="bbox 235 2769 1104 2823; baseline -0.001 -11"><span class='ocrx_word' id='word_1_237' title='bbox 235 2770 372 2812; x_wconf 84' lang='lat' dir='ltr'>Sanit.</span> <span class='ocrx_word' id='word_1_238' title='bbox 395 2773 632 2823; x_wconf 80' lang='lat' dir='ltr'>praecepta</span> <span class='ocrx_word' id='word_1_239' title='bbox 665 2783 701 2811; x_wconf 88' lang='lat' dir='ltr'>c.</span> <span class='ocrx_word' id='word_1_240' title='bbox 722 2770 780 2813; x_wconf 79' lang='grc'>,24</span> <span class='ocrx_word' id='word_1_241' title='bbox 803 2769 922 2811; x_wconf 86' lang='lat' dir='ltr'>aliud</span> <span class='ocrx_word' id='word_1_242' title='bbox 945 2769 1104 2811; x_wconf 85' lang='lat' dir='ltr'>&#39;liberii</span> 
     </span>
     <span class='ocr_line' id='line_1_34' title="bbox 232 2827 1106 2904; baseline 0.003 -34"><span class='ocrx_word' id='word_1_243' title='bbox 232 2828 394 2870; x_wconf 87' lang='lat' dir='ltr'>dictum</span> <span class='ocrx_word' id='word_1_244' title='bbox 447 2829 603 2870; x_wconf 79' lang='lat' dir='ltr'>affert·</span> <span class='ocrx_word' id='word_1_245' title='bbox 666 2827 845 2882; x_wconf 78' lang='grc' dir='ltr'><strong><em>ἤκουσα</em></strong></span> <span class='ocrx_word' id='word_1_246' title='bbox 895 2830 1106 2904; x_wconf 73' lang='grc' dir='ltr'><strong><em>Τιβέριόν</em></strong></span> 
     </span>
     <span class='ocr_line' id='line_1_35' title="bbox 230 2881 1102 2943; baseline -0.005 -11"><span class='ocrx_word' id='word_1_247' title='bbox 230 2902 343 2932; x_wconf 72' lang='grc' dir='ltr'>ποτε</span> <span class='ocrx_word' id='word_1_248' title='bbox 377 2889 603 2942; x_wconf 81' lang='grc' dir='ltr'><strong><em>Καίσαρα</em></strong></span> <span class='ocrx_word' id='word_1_249' title='bbox 645 2890 827 2941; x_wconf 79' lang='grc' dir='ltr'>εἰπεῖν,</span> <span class='ocrx_word' id='word_1_250' title='bbox 877 2888 938 2934; x_wconf 81' lang='grc' dir='ltr'>ως</span> <span class='ocrx_word' id='word_1_251' title='bbox 984 2881 1102 2943; x_wconf 78' lang='grc' dir='ltr'>ἄνηρ</span> 
     </span>
     <span class='ocr_line' id='line_1_36' title="bbox 232 2944 1103 3005; baseline 0.002 -17"><span class='ocrx_word' id='word_1_252' title='bbox 232 2947 350 3003; x_wconf 64' lang='grc' dir='ltr'>ὑπὲρ</span> <span class='ocrx_word' id='word_1_253' title='bbox 383 2944 456 2994; x_wconf 63' lang='grc' dir='ltr'>ἑξν</span> <span class='ocrx_word' id='word_1_254' title='bbox 438 2947 601 2998; x_wconf 66' lang='grc' dir='ltr'><em>ἤκονῐα</em></span> <span class='ocrx_word' id='word_1_255' title='bbox 634 2948 846 3005; x_wconf 76' lang='grc' dir='ltr'><em>γεγονώς</em></span> <span class='ocrx_word' id='word_1_256' title='bbox 885 2948 977 3002; x_wconf 77' lang='grc' dir='ltr'>ἔτη,</span> <span class='ocrx_word' id='word_1_257' title='bbox 1025 2951 1103 2990; x_wconf 80' lang='grc' dir='ltr'>καὶ</span> 
     </span>
     <span class='ocr_line' id='line_1_37' title="bbox 231 3006 1092 3076; baseline 0.005 -31"><span class='ocrx_word' id='word_1_258' title='bbox 231 3010 496 3076; x_wconf 63' lang='lat' dir='ltr'>„paniarum</span> <span class='ocrx_word' id='word_1_259' title='bbox 529 3006 677 3064; x_wconf 74' lang='grc' dir='ltr'><strong><em>ἰατρῷ</em></strong></span> <span class='ocrx_word' id='word_1_260' title='bbox 701 3012 864 3064; x_wconf 75' lang='grc' dir='ltr'><strong>χεῖρα,</strong></span> <span class='ocrx_word' id='word_1_261' title='bbox 901 3009 1092 3065; x_wconf 71' lang='grc' dir='ltr'><em>καταγέ-</em></span> 
     </span>
    </p>
   </div>
   <div class='ocr_carea' id='block_1_15' title="bbox 231 3063 1102 3176">
    <p class='ocr_par' dir='ltr' id='par_1_15' title="bbox 231 3063 1098 3176">
     <span class='ocr_line' id='line_1_38' title="bbox 231 3063 574 3112; baseline 0 -4"><span class='ocrx_word' id='word_1_262' title='bbox 231 3063 401 3112; x_wconf 72' lang='grc' dir='ltr'><strong><em>λαστός</em></strong></span> <span class='ocrx_word' id='word_1_263' title='bbox 434 3066 574 3108; x_wconf 74' lang='grc' dir='ltr'><strong>ἐστιν.</strong></span> 
     </span>
     <span class='ocr_line' id='line_1_39' title="bbox 321 3122 1102 3176; baseline -0.003 -11"><span class='ocrx_word' id='word_1_264' title='bbox 321 3123 424 3176; x_wconf 79' lang='lat' dir='ltr'>Cap.</span> <span class='ocrx_word' id='word_1_265' title='bbox 454 3124 526 3166; x_wconf 83' lang='lat'><strong><em>47.</em></strong></span> <span class='ocrx_word' id='word_1_266' title='bbox 587 3135 686 3164; x_wconf 79' lang='lat' dir='ltr'>mooe</span> <span class='ocrx_word' id='word_1_267' title='bbox 711 3122 870 3165; x_wconf 73' lang='lat' dir='ltr'>Othoni</span> <span class='ocrx_word' id='word_1_268' title='bbox 900 3123 1102 3164; x_wconf 74' lang='lat' dir='ltr'>exilium.-</span> 
     </span>
    </p>
   </div>
   <div class='ocr_carea' id='block_1_16' title="bbox 231 3181 1103 3298">
    <p class='ocr_par' dir='ltr' id='par_1_16' title="bbox 231 3181 1103 3298">
     <span class='ocr_line' id='line_1_40' title="bbox 233 3181 1102 3235; baseline -0.005 -9"><span class='ocrx_word' id='word_1_269' title='bbox 233 3185 362 3227; x_wconf 83' lang='lat' dir='ltr'>etiam</span> <span class='ocrx_word' id='word_1_270' title='bbox 385 3181 562 3235; x_wconf 81' lang='lat' dir='ltr'>Balbus,</span> <span class='ocrx_word' id='word_1_271' title='bbox 597 3181 782 3224; x_wconf 88' lang='lat' dir='ltr'>Othonis</span> <span class='ocrx_word' id='word_1_272' title='bbox 809 3182 1102 3234; x_wconf 80' lang='lat' dir='ltr'>adversarius,</span> 
     </span>
     <span class='ocr_line' id='line_1_41' title="bbox 231 3240 1103 3298; baseline -0.002 -13"><span class='ocrx_word' id='word_1_273' title='bbox 231 3255 331 3285; x_wconf 87' lang='lat' dir='ltr'>mox</span> <span class='ocrx_word' id='word_1_274' title='bbox 368 3241 505 3283; x_wconf 85' lang='lat' dir='ltr'>exilio</span> <span class='ocrx_word' id='word_1_275' title='bbox 538 3240 748 3282; x_wconf 86' lang='lat' dir='ltr'>multatur</span> <span class='ocrx_word' id='word_1_276' title='bbox 781 3244 843 3297; x_wconf 85' lang='lat' dir='ltr'>(c.</span> <span class='ocrx_word' id='word_1_277' title='bbox 876 3242 984 3298; x_wconf 84' lang='lat'>48),</span> <span class='ocrx_word' id='word_1_278' title='bbox 1026 3241 1103 3283; x_wconf 83' lang='lat' dir='ltr'>sed</span> 
     </span>
    </p>
   </div>
   <div class='ocr_carea' id='block_1_17' title="bbox 1187 2708 2065 3285">
    <p class='ocr_par' dir='ltr' id='par_1_17' title="bbox 1187 2708 2065 3007">
     <span class='ocr_line' id='line_1_42' title="bbox 1189 2708 2065 2765; baseline -0.001 -14"><span class='ocrx_word' id='word_1_279' title='bbox 1189 2717 1274 2763; x_wconf 80' lang='lat' dir='ltr'>tur,</span> <span class='ocrx_word' id='word_1_280' title='bbox 1307 2711 1550 2765; x_wconf 80' lang='lat' dir='ltr'>interprete</span> <span class='ocrx_word' id='word_1_281' title='bbox 1571 2710 1764 2756; x_wconf 78' lang='lat' dir='ltr'>Antonia</span> <span class='ocrx_word' id='word_1_282' title='bbox 1795 2717 1932 2753; x_wconf 78' lang='lat' dir='ltr'>matre</span> <span class='ocrx_word' id='word_1_283' title='bbox 1953 2708 2065 2754; x_wconf 75' lang='lat' dir='ltr'>Ger.</span> 
     </span>
     <span class='ocr_line' id='line_1_43' title="bbox 1189 2768 2065 2826; baseline 0.003 -15"><span class='ocrx_word' id='word_1_284' title='bbox 1189 2771 1375 2822; x_wconf 81' lang='lat' dir='ltr'>manici3</span> <span class='ocrx_word' id='word_1_285' title='bbox 1409 2782 1451 2812; x_wconf 87' lang='lat' dir='ltr'><strong><em>v.</em></strong></span> <span class='ocrx_word' id='word_1_286' title='bbox 1487 2768 1662 2824; x_wconf 79' lang='lat' dir='ltr'>loseph.</span> <span class='ocrx_word' id='word_1_287' title='bbox 1683 2769 1899 2826; x_wconf 81' lang='lat' dir='ltr'>Antiquit.</span> <span class='ocrx_word' id='word_1_288' title='bbox 1925 2771 2065 2818; x_wconf 84' lang='lat' dir='ltr'>xvtn</span> 
     </span>
     <span class='ocr_line' id='line_1_44' title="bbox 1190 2827 2061 2884; baseline 0.002 -12"><span class='ocrx_word' id='word_1_289' title='bbox 1190 2829 1218 2872; x_wconf 82' lang='lat'><strong>6</strong></span> <span class='ocrx_word' id='word_1_290' title='bbox 1248 2830 1294 2881; x_wconf 77' lang='lat'>§-</span> <span class='ocrx_word' id='word_1_291' title='bbox 1328 2828 1370 2881; x_wconf 85' lang='grc'>6,</span> <span class='ocrx_word' id='word_1_292' title='bbox 1404 2827 1600 2884; x_wconf 80' lang='lat' dir='ltr'>Ryckius</span> <span class='ocrx_word' id='word_1_293' title='bbox 1632 2827 1687 2870; x_wconf 81' lang='lat' dir='ltr'>ad</span> <span class='ocrx_word' id='word_1_294' title='bbox 1716 2827 1909 2872; x_wconf 74' lang='lat' dir='ltr'>Tacitum</span> <span class='ocrx_word' id='word_1_295' title='bbox 1929 2829 1985 2872; x_wconf 80' lang='lat' dir='ltr'>Vl</span> <span class='ocrx_word' id='word_1_296' title='bbox 2016 2831 2061 2874; x_wconf 87' lang='lat'><strong><em>8.</em></strong></span> 
     </span>
     <span class='ocr_line' id='line_1_45' title="bbox 1192 2887 2063 2943; baseline 0.006 -13"><span class='ocrx_word' id='word_1_297' title='bbox 1192 2887 1519 2932; x_wconf 69' lang='lat' dir='ltr'>Coniurationis</span> <span class='ocrx_word' id='word_1_298' title='bbox 1560 2887 1602 2930; x_wconf 89' lang='lat' dir='ltr'><strong><em>h.</em></strong></span> <span class='ocrx_word' id='word_1_299' title='bbox 1636 2887 1667 2929; x_wconf 91' lang='lat' dir='ltr'>l.</span> <span class='ocrx_word' id='word_1_300' title='bbox 1714 2893 1780 2930; x_wconf 84' lang='lat' dir='ltr'>est</span> <span class='ocrx_word' id='word_1_301' title='bbox 1812 2889 1886 2943; x_wconf 69' lang='grc' dir='ltr'>τῆς</span> <span class='ocrx_word' id='word_1_302' title='bbox 1918 2901 2063 2936; x_wconf 67' lang='grc' dir='ltr'>συνο-</span> 
     </span>
     <span class='ocr_line' id='line_1_46' title="bbox 1187 2951 1387 3007; baseline 0.005 -19"><span class='ocrx_word' id='word_1_303' title='bbox 1187 2951 1387 3007; x_wconf 78' lang='grc' dir='ltr'><strong>μωσίας.</strong></span> 
     </span>
    </p>

    <p class='ocr_par' dir='ltr' id='par_1_18' title="bbox 1187 3006 2061 3285">
     <span class='ocr_line' id='line_1_47' title="bbox 1307 3006 2061 3051; baseline 0.005 -4"><span class='ocrx_word' id='word_1_304' title='bbox 1307 3013 1354 3047; x_wconf 77' lang='lat' dir='ltr'>ut</span> <span class='ocrx_word' id='word_1_305' title='bbox 1393 3006 1557 3046; x_wconf 67' lang='lat' dir='ltr'>conscii</span> <span class='ocrx_word' id='word_1_306' title='bbox 1603 3013 1643 3047; x_wconf 76' lang='lat' dir='ltr'>et</span> <span class='ocrx_word' id='word_1_307' title='bbox 1687 3006 1901 3049; x_wconf 69' lang='lat' dir='ltr'>adulteri:</span> <span class='ocrx_word' id='word_1_308' title='bbox 1925 3009 2061 3051; x_wconf 77' lang='lat' dir='ltr'>=fatso</span> 
     </span>
     <span class='ocr_line' id='line_1_48' title="bbox 1190 3064 2057 3123; baseline 0.005 -18"><span class='ocrx_word' id='word_1_309' title='bbox 1190 3064 1442 3107; x_wconf 74' lang='lat' dir='ltr'>waltherus</span> <span class='ocrx_word' id='word_1_310' title='bbox 1486 3071 1525 3106; x_wconf 79' lang='lat' dir='ltr'>et</span> <span class='ocrx_word' id='word_1_311' title='bbox 1568 3066 1741 3119; x_wconf 81' lang='lat' dir='ltr'>accepit</span> <span class='ocrx_word' id='word_1_312' title='bbox 1785 3078 1865 3123; x_wconf 86' lang='lat' dir='ltr'>pro</span> <span class='ocrx_word' id='word_1_313' title='bbox 1913 3069 2057 3120; x_wconf 76' lang='lat' dir='ltr'>etiam,</span> 
     </span>
     <span class='ocr_line' id='line_1_49' title="bbox 1190 3123 2058 3181; baseline 0.006 -18"><span class='ocrx_word' id='word_1_314' title='bbox 1190 3123 1303 3164; x_wconf 88' lang='lat' dir='ltr'>unde</span> <span class='ocrx_word' id='word_1_315' title='bbox 1327 3123 1514 3179; x_wconf 84' lang='lat' dir='ltr'>emergit</span> <span class='ocrx_word' id='word_1_316' title='bbox 1532 3125 1752 3166; x_wconf 77' lang='lat' dir='ltr'>sententia</span> <span class='ocrx_word' id='word_1_317' title='bbox 1770 3137 1903 3181; x_wconf 76' lang='lat' dir='ltr'>prava</span> <span class='ocrx_word' id='word_1_318' title='bbox 1929 3127 2058 3168; x_wconf 74' lang='lat' dir='ltr'>etiam</span> 
     </span>
     <span class='ocr_line' id='line_1_50' title="bbox 1187 3183 2058 3238; baseline 0.003 -15"><span class='ocrx_word' id='word_1_319' title='bbox 1187 3183 1438 3223; x_wconf 81' lang='lat' dir='ltr'>Arruntium</span> <span class='ocrx_word' id='word_1_320' title='bbox 1459 3213 1470 3233; x_wconf 93' lang='lat'>,</span> <span class='ocrx_word' id='word_1_321' title='bbox 1544 3183 1687 3223; x_wconf 82' lang='lat' dir='ltr'>virum</span> <span class='ocrx_word' id='word_1_322' title='bbox 1750 3184 2058 3238; x_wconf 78' lang='lat' dir='ltr'>innocentem,</span> 
     </span>
     <span class='ocr_line' id='line_1_51' title="bbox 1187 3240 1923 3285; baseline 0.004 -3"><span class='ocrx_word' id='word_1_323' title='bbox 1187 3240 1402 3283; x_wconf 85' lang='lat' dir='ltr'>adulterio</span> <span class='ocrx_word' id='word_1_324' title='bbox 1435 3253 1483 3282; x_wconf 85' lang='lat' dir='ltr'>se</span> <span class='ocrx_word' id='word_1_325' title='bbox 1516 3241 1923 3285; x_wconf 74' lang='lat' dir='ltr'>commaculavisse.</span> 
     </span>
    </p>
   </div>
   <div class='ocr_carea' id='block_1_18' title="bbox 230 3300 1101 3708">
    <p class='ocr_par' dir='ltr' id='par_1_19' title="bbox 230 3300 1101 3476">
     <span class='ocr_line' id='line_1_52' title="bbox 231 3300 1101 3353; baseline -0.003 -9"><span class='ocrx_word' id='word_1_326' title='bbox 231 3303 359 3344; x_wconf 85' lang='lat' dir='ltr'>aliam</span> <span class='ocrx_word' id='word_1_327' title='bbox 393 3300 448 3341; x_wconf 79' lang='lat' dir='ltr'>ob</span> <span class='ocrx_word' id='word_1_328' title='bbox 485 3312 683 3353; x_wconf 79' lang='lat' dir='ltr'>causam,</span> <span class='ocrx_word' id='word_1_329' title='bbox 733 3305 780 3340; x_wconf 86' lang='lat' dir='ltr'>ut</span> <span class='ocrx_word' id='word_1_330' title='bbox 812 3300 933 3342; x_wconf 87' lang='lat' dir='ltr'>illius</span> <span class='ocrx_word' id='word_1_331' title='bbox 964 3306 1101 3342; x_wconf 79' lang='lat' dir='ltr'>status</span> 
     </span>
     <span class='ocr_line' id='line_1_53' title="bbox 232 3359 1099 3404; baseline -0.005 0"><span class='ocrx_word' id='word_1_332' title='bbox 232 3372 412 3404; x_wconf 86' lang='lat' dir='ltr'>eversus</span> <span class='ocrx_word' id='word_1_333' title='bbox 449 3359 531 3401; x_wconf 86' lang='lat' dir='ltr'>hoc</span> <span class='ocrx_word' id='word_1_334' title='bbox 572 3359 672 3401; x_wconf 88' lang='lat' dir='ltr'>loco</span> <span class='ocrx_word' id='word_1_335' title='bbox 713 3361 876 3401; x_wconf 84' lang='lat' dir='ltr'>narrari</span> <span class='ocrx_word' id='word_1_336' title='bbox 910 3360 1099 3401; x_wconf 85' lang='lat' dir='ltr'>nondum</span> 
     </span>
     <span class='ocr_line' id='line_1_54' title="bbox 230 3425 395 3476; baseline -0.012 -15"><span class='ocrx_word' id='word_1_337' title='bbox 230 3425 395 3476; x_wconf 89' lang='lat' dir='ltr'>posset.</span> 
     </span>
    </p>

    <p class='ocr_par' dir='ltr' id='par_1_20' title="bbox 230 3476 1101 3708">
     <span class='ocr_line' id='line_1_55' title="bbox 329 3476 1101 3519; baseline -0.004 0"><span class='ocrx_word' id='word_1_338' title='bbox 329 3477 639 3519; x_wconf 74' lang='lat' dir='ltr'>coniurationis</span> <span class='ocrx_word' id='word_1_339' title='bbox 679 3476 845 3518; x_wconf 74' lang='lat' dir='ltr'>indice:</span> <span class='ocrx_word' id='word_1_340' title='bbox 894 3478 1101 3517; x_wconf 83' lang='lat' dir='ltr'>coniura-</span> 
     </span>
     <span class='ocr_line' id='line_1_56' title="bbox 230 3532 1101 3588; baseline -0.003 -10"><span class='ocrx_word' id='word_1_341' title='bbox 230 3541 397 3579; x_wconf 82' lang='lat' dir='ltr'>tionem</span> <span class='ocrx_word' id='word_1_342' title='bbox 445 3549 470 3576; x_wconf 88' lang='lat' dir='ltr'>a</span> <span class='ocrx_word' id='word_1_343' title='bbox 515 3536 673 3577; x_wconf 85' lang='lat' dir='ltr'>Seiano</span> <span class='ocrx_word' id='word_1_344' title='bbox 722 3532 1101 3588; x_wconf 67' lang='lat' dir='ltr'>paratam,&#39;cliens</span> 
     </span>
     <span class='ocr_line' id='line_1_57' title="bbox 231 3593 1101 3650; baseline -0.001 -13"><span class='ocrx_word' id='word_1_345' title='bbox 231 3597 368 3648; x_wconf 87' lang='lat' dir='ltr'>ipsius</span> <span class='ocrx_word' id='word_1_346' title='bbox 414 3593 499 3648; x_wconf 69' lang='lat' dir='ltr'>(IV</span> <span class='ocrx_word' id='word_1_347' title='bbox 547 3594 627 3650; x_wconf 77' lang='lat'>34)</span> <span class='ocrx_word' id='word_1_348' title='bbox 670 3594 834 3636; x_wconf 71' lang='lat' dir='ltr'>Satrius</span> <span class='ocrx_word' id='word_1_349' title='bbox 877 3593 1101 3636; x_wconf 80' lang='lat' dir='ltr'>Secundus</span> 
     </span>
     <span class='ocr_line' id='line_1_58' title="bbox 232 3652 1100 3708; baseline -0.012 -7"><span class='ocrx_word' id='word_1_350' title='bbox 232 3653 403 3701; x_wconf 73' lang='lat' dir='ltr'>Tiberio</span> <span class='ocrx_word' id='word_1_351' title='bbox 435 3652 708 3708; x_wconf 82' lang='lat' dir='ltr'>prodiderat,</span> <span class='ocrx_word' id='word_1_352' title='bbox 743 3664 860 3704; x_wconf 82' lang='lat' dir='ltr'>usus,</span> <span class='ocrx_word' id='word_1_353' title='bbox 893 3658 939 3692; x_wconf 83' lang='lat' dir='ltr'>ut</span> <span class='ocrx_word' id='word_1_354' title='bbox 972 3653 1100 3695; x_wconf 81' lang='lat' dir='ltr'>vide..</span> 
     </span>
    </p>
   </div>
   <div class='ocr_carea' id='block_1_19' title="bbox 1188 3300 2059 3696">
    <p class='ocr_par' dir='ltr' id='par_1_21' title="bbox 1188 3300 2059 3696">
     <span class='ocr_line' id='line_1_59' title="bbox 1274 3300 2056 3356; baseline 0.001 -16"><span class='ocrx_word' id='word_1_355' title='bbox 1274 3313 1406 3356; x_wconf 78' lang='lat' dir='ltr'>supra</span> <span class='ocrx_word' id='word_1_356' title='bbox 1436 3301 1697 3342; x_wconf 71' lang='lat' dir='ltr'>memoravt:</span> <span class='ocrx_word' id='word_1_357' title='bbox 1730 3301 1792 3342; x_wconf 80' lang='lat' dir='ltr'>tv</span> <span class='ocrx_word' id='word_1_358' title='bbox 1823 3302 1906 3353; x_wconf 77' lang='lat'>763</span> <span class='ocrx_word' id='word_1_359' title='bbox 1940 3300 2056 3343; x_wconf 79' lang='lat' dir='ltr'>conf.</span> 
     </span>
     <span class='ocr_line' id='line_1_60' title="bbox 1189 3358 2059 3402; baseline -0.001 -2"><span class='ocrx_word' id='word_1_360' title='bbox 1189 3359 1423 3401; x_wconf 86' lang='lat' dir='ltr'>Suetonius</span> <span class='ocrx_word' id='word_1_361' title='bbox 1454 3358 1555 3402; x_wconf 83' lang='lat' dir='ltr'>Ner.</span> <span class='ocrx_word' id='word_1_362' title='bbox 1600 3360 1640 3401; x_wconf 90' lang='grc'>5.</span> <span class='ocrx_word' id='word_1_363' title='bbox 1763 3359 2059 3402; x_wconf 72' lang='lat' dir='ltr'>commentarii</span> 
     </span>
     <span class='ocr_line' id='line_1_61' title="bbox 1188 3418 2054 3460; baseline -0.001 -2"><span class='ocrx_word' id='word_1_364' title='bbox 1188 3418 1245 3459; x_wconf 83' lang='lat' dir='ltr'>ad</span> <span class='ocrx_word' id='word_1_365' title='bbox 1274 3425 1466 3460; x_wconf 79' lang='lat' dir='ltr'>senatum</span> <span class='ocrx_word' id='word_1_366' title='bbox 1488 3419 1630 3459; x_wconf 73' lang='lat' dir='ltr'>missi:</span> <span class='ocrx_word' id='word_1_367' title='bbox 1664 3418 1707 3459; x_wconf 84' lang='lat' dir='ltr'>in</span> <span class='ocrx_word' id='word_1_368' title='bbox 1739 3420 1794 3460; x_wconf 77' lang='lat' dir='ltr'>iis</span> <span class='ocrx_word' id='word_1_369' title='bbox 1828 3430 2054 3459; x_wconf 80' lang='lat' dir='ltr'>commen-</span> 
     </span>
     <span class='ocr_line' id='line_1_62' title="bbox 1188 3475 2053 3546; baseline -0.003 -28"><span class='ocrx_word' id='word_1_370' title='bbox 1188 3478 1309 3518; x_wconf 84' lang='lat' dir='ltr'>tariis</span> <span class='ocrx_word' id='word_1_371' title='bbox 1345 3476 1654 3546; x_wconf 72' lang='lat' dir='ltr'>(Protocollen)</span> <span class='ocrx_word' id='word_1_372' title='bbox 1694 3490 1718 3518; x_wconf 79' lang='lat' dir='ltr'>a</span> <span class='ocrx_word' id='word_1_373' title='bbox 1763 3477 1960 3532; x_wconf 79' lang='lat' dir='ltr'>principe</span> <span class='ocrx_word' id='word_1_374' title='bbox 2001 3475 2053 3516; x_wconf 86' lang='lat' dir='ltr'>ad</span> 
     </span>
     <span class='ocr_line' id='line_1_63' title="bbox 1188 3534 2053 3589; baseline -0.003 -12"><span class='ocrx_word' id='word_1_375' title='bbox 1188 3543 1385 3577; x_wconf 80' lang='lat' dir='ltr'>senatum</span> <span class='ocrx_word' id='word_1_376' title='bbox 1418 3538 1513 3577; x_wconf 88' lang='lat' dir='ltr'>sine</span> <span class='ocrx_word' id='word_1_377' title='bbox 1535 3536 1672 3589; x_wconf 76' lang='lat' dir='ltr'>ipsius</span> <span class='ocrx_word' id='word_1_378' title='bbox 1694 3534 1881 3588; x_wconf 80' lang='lat' dir='ltr'>epistola</span> <span class='ocrx_word' id='word_1_379' title='bbox 1910 3534 2053 3574; x_wconf 79' lang='lat' dir='ltr'>missis</span> 
     </span>
     <span class='ocr_line' id='line_1_64' title="bbox 1188 3592 2052 3650; baseline -0.001 -15"><span class='ocrx_word' id='word_1_380' title='bbox 1188 3596 1456 3650; x_wconf 78' lang='lat' dir='ltr'>quaestionis</span> <span class='ocrx_word' id='word_1_381' title='bbox 1505 3599 1627 3636; x_wconf 81' lang='lat' dir='ltr'>extra</span> <span class='ocrx_word' id='word_1_382' title='bbox 1666 3592 1860 3635; x_wconf 88' lang='lat' dir='ltr'>ordinem</span> <span class='ocrx_word' id='word_1_383' title='bbox 1903 3605 1929 3632; x_wconf 84' lang='lat' dir='ltr'>a</span> <span class='ocrx_word' id='word_1_384' title='bbox 1959 3593 2052 3634; x_wconf 76' lang='lat' dir='ltr'>Ma-</span> 
     </span>
     <span class='ocr_line' id='line_1_65' title="bbox 1189 3652 2016 3696; baseline -0.004 -1"><span class='ocrx_word' id='word_1_385' title='bbox 1189 3653 1529 3696; x_wconf 79' lang='lat' dir='ltr'>crone-habitae</span> <span class='ocrx_word' id='word_1_386' title='bbox 1559 3652 1672 3693; x_wconf 81' lang='lat' dir='ltr'>ratio</span> <span class='ocrx_word' id='word_1_387' title='bbox 1705 3656 1876 3695; x_wconf 80' lang='lat' dir='ltr'>narrata</span> <span class='ocrx_word' id='word_1_388' title='bbox 1911 3657 2016 3694; x_wconf 83' lang='lat' dir='ltr'>erat.</span> 
     </span>
    </p>
   </div>
  </div>
 </body>
</html>
