2280 4004
240 317 267 351 a
298 306 346 351 C.
379 305 569 352 51-252.
808 303 973 349 LIBER
1005 302 1096 347 XII.
1159 302 1266 347 Gn.
1299 302 1488 349 50—53.
1997 302 2063 346 39,

238 448 415 501 urbem
454 448 697 500 Artaxata
746 446 949 511 ferunt3
1001 445 1136 496 unde
1171 444 1372 511 publica
1413 458 1532 495 cura
1575 441 1789 496 deducta
1828 441 1892 494 ad
1926 441 2059 494 Tiri-

242 539 422 604 daten,
462 538 772 604 comiterque
811 541 1021 604 excepta
1063 535 1197 587 cultu
1228 536 1375 603 regio
1412 535 1582 586 habita
1618 539 1709 586 est.

156 636 227 685 52
379 630 561 682 Fausto
604 628 738 681 Sulla
777 628 945 680 Salvio
988 627 1188 680 Othone
1229 626 1519 678 consulibus
1558 626 1734 678 Furius
1764 624 2062 677 Scribonia-

242 736 337 774 nus
374 722 428 772 in
465 720 667 773 exilium
718 721 910 787 agitur,
962 719 1106 785 quasi
1143 719 1292 770 finem
1347 717 1592 784 principis
1643 732 1735 783 per
1774 716 2058 769 Chaldaeos

243 817 567 866 scrutaretur.
641 810 1022 861 Adnectebatur
1068 809 1262 860 crimini
1303 809 1444 860 Iunia
1481 813 1640 860 mater
1676 807 1784 859 eius
1816 811 1869 859 ut
1910 820 2097 859 casuss

242 903 427 971 prioris
460 908 601 965 (nam
636 901 863 969 relegata
902 906 1035 967 erat)
1071 900 1351 966 impatiens.
1423 900 1569 951 Pater
1603 897 1924 952 Scriboniani
1959 898 2062 949 Ca-

243 982 406 1047 millus
444 1009 582 1045 arma
629 1007 721 1059 per
754 991 1049 1044 Delmatiam
1099 996 1356 1054 moverat3
1416 990 1568 1056 idque
1625 990 1688 1041 ad
1746 989 2062 1043 clementiam

241 1085 471 1137 trahebat
506 1083 722 1148 Caesar,
780 1083 915 1149 quod
963 1083 1170 1148 stirpem
1221 1081 1456 1132 hostilem
1495 1081 1674 1132 iterum
1715 1085 2061 1133 conservaret.

239 1177 415 1243 Neque
450 1180 618 1226 tamen
653 1174 785 1225 exuli
822 1173 977 1241 longa
1013 1173 1226 1239 posthac
1261 1172 1364 1224 vita
1399 1172 1519 1223 fuit:
1557 1176 1721 1223 morte
1759 1171 1962 1223 fortuita
2000 1187 2064 1223 an

241 1282 333 1334 per
369 1281 618 1318 venenum
657 1265 903 1319 extinctus
943 1269 1110 1329 esset,
1150 1268 1204 1315 ut
1242 1264 1454 1330 quisque
1495 1263 1728 1328 credidit,
1768 1263 2060 1330 vulgavere.
2081 1277 2127 1317 ιο

242 1359 318 1410 De
369 1356 734 1409 mathematicis
785 1356 926 1408 Italia
977 1355 1225 1422 pellendis
1279 1355 1465 1406 factum
1517 1360 1723 1407 senatus
1784 1354 2065 1406 consultum

245 1455 392 1502 atrox
430 1452 480 1500 et
514 1449 732 1499 inritum.
807 1448 1017 1500 Laudati
1065 1447 1250 1499 dehinc
1295 1447 1526 1498 oratione
1560 1446 1804 1513 principis
1858 1445 1941 1512 qui
1999 1446 2063 1499 ob

247 1539 507 1608 angustias
544 1539 817 1591 familiares
856 1539 1036 1591 ordine
1074 1539 1333 1591 senatorio
1370 1543 1549 1604 sponte
1588 1537 1858 1602 cederent,
1914 1536 2068 1588 moti-

157 1632 343 1699 5:3que
380 1631 464 1698 qui
500 1631 812 1683 remanendo
849 1630 1207 1699 impudentiam
1251 1629 1533 1697 paupertati
1583 1628 1860 1681 adicerent.
1932 1629 2067 1682 Inter

248 1737 377 1789 quae
408 1722 568 1774 refert
607 1722 671 1773 ad
709 1726 878 1788 patres
918 1721 981 1773 de
1015 1736 1179 1788 poena
1229 1721 1526 1773 feminarum
1568 1734 1696 1787 quae
1734 1719 1897 1771 servis
1939 1733 2129 1773 con-¹⁵

244 1814 600 1882 iungerentur3
653 1813 1018 1879 statuiturque,
1053 1817 1108 1864 ut
1144 1812 1326 1881 ignaro
1367 1811 1572 1863 domino
1609 1811 1673 1863 ad
1711 1810 1762 1862 id
1796 1810 2066 1877 prolapsae

244 1905 298 1957 in
319 1905 579 1969 servitute,
603 1905 683 1957 sin
711 1905 1076 1969 consensisset,
1106 1919 1199 1971 pro
1228 1904 1423 1956 libertis
1454 1904 1777 1956 haberentur.
1838 1902 2066 1967 Pallanti,

245 2011 391 2063 quem
437 2001 750 2062 repertorem
793 1996 900 2047 eius
952 1996 1214 2048 relationis
1271 1995 1501 2047 ediderat
1535 1995 1752 2059 Caesar,
1812 1992 2068 2059 praetoria

250 2087 471 2154 insignia
509 2092 558 2139 et
595 2087 787 2139 centies
837 2087 1170 2156 quinquagies
1207 2088 1493 2140 sestertium
1530 2086 1728 2138 censuit
1763 2083 1940 2135 consul
1975 2084 2070 2138 de-

360 2214 403 2257 3.
437 2213 539 2255 silla
568 2211 649 2256 Ma.
741 2227 826 2255 cos.
861 2227 957 2256 cum
989 2213 1067 2255 lin.
1102 2213 1182 2256 Ma.
1285 2215 1328 2258 4.
1364 2213 1563 2256 chaldeos
1600 2211 1680 2256 Ma.
1781 2215 1821 2257 5.
1858 2214 2067 2255 adnecta-

243 2273 369 2315 batur
398 2285 448 2327 pr
475 2271 556 2315 Ma.
627 2272 749 2316 uiuia
780 2271 867 2316 Ma:
901 2274 1032 2315 Iunia
1060 2272 1340 2315 Puteolanus.
1402 2274 1444 2317 6.
1477 2274 1565 2330 inp.
1599 2271 1678 2315 Ma.
1748 2281 1873 2330 patre
1906 2286 1956 2328 pr
1985 2272 2066 2316 Ma.

245 2334 287 2375 7.
321 2331 587 2374 Dalmatiam
618 2331 704 2374 Ma:
737 2334 781 2374 in
812 2333 1054 2375 Annalibus
1087 2333 1267 2375 formam
1287 2331 1425 2375 Delm.
1462 2337 1713 2375 constanter
1739 2334 1860 2375 tenui
1893 2338 2068 2376 secutus

244 2391 488 2434 Mediceum
520 2392 724 2446 priorem.
818 2394 885 2434 11.
919 2392 1046 2434 italia
1078 2392 1134 2434 G:
1167 2391 1231 2434 Ma
1258 2393 1337 2435 ita.
1405 2394 1472 2436 12.
1506 2393 1587 2434 irr.
1623 2391 1694 2435 Or.
1763 2394 1831 2435 14.
1862 2394 1952 2447 inp.
1986 2391 2066 2434 Ma.

243 2452 436 2506 interque
466 2454 603 2507 refert
632 2449 713 2494 Ma.
790 2451 858 2494 15.
887 2466 1034 2508 paena
1059 2451 1138 2494 Ma.
1213 2452 1279 2495 16.
1311 2451 1518 2508 prolapsa
1551 2449 1629 2494 Ma.
1663 2451 1777 2493 idem
1809 2451 1954 2493 statim
1985 2452 2066 2507 sin,

243 2522 331 2552 non
359 2511 439 2564 sui,
472 2516 519 2552 ut
549 2512 691 2553 visum
722 2509 957 2553 Pichenae.
990 2512 1058 2553 sui
1090 2511 1139 2564 G,
1170 2511 1272 2553 item
1302 2510 1523 2569 prolapsa.
1651 2510 1717 2554 19.
1751 2525 1835 2553 cos.
1868 2509 1947 2556 Ma.

244 2623 338 2666 filio
370 2623 657 2668 Scriboniano
689 2624 982 2679 pepercisset,
1018 2637 1114 2666 cum

244 2688 368 2738 pater
418 2683 569 2726 civilia
620 2696 738 2725 arma
787 2685 1024 2738 movisset,
1072 2689 1114 2725 et

245 2743 329 2785 iam
340 2749 522 2785 mortem
537 2742 677 2785 eidem
689 2744 946 2796 remitteret,
960 2757 1114 2799 quam-

245 2803 314 2844 vis
344 2814 422 2844 reo
455 2803 708 2845 maiestatis.
758 2802 829 2844 Ad
850 2803 1116 2845 clementiam

246 2861 420 2904 trahere
452 2866 518 2903 est
537 2861 799 2904 clementiae
831 2861 1003 2904 laudem
1034 2875 1114 2904 cu-

247 2921 348 2975 pide
380 2926 533 2975 petere
565 2920 755 2976 ideoque
782 2934 952 2962 causam
975 2920 1115 2963 laudis

246 2992 396 3034 parum
432 2991 598 3022 curare.
657 2980 728 3022 Sic
757 2978 795 3021 11
829 2979 909 3023 84:
944 2987 1113 3033 cuncta,

248 3039 375 3081 etiam
403 3039 599 3094 fortuita,
633 3039 692 3080 ad
707 3038 892 3094 yloriam
910 3039 1112 3082 vertebat.

248 3096 304 3138 111
334 3098 416 3140 37:
449 3103 668 3151 utrumque
702 3098 750 3139 in
780 3098 949 3140 laudem
983 3099 1116 3140 Drusi

249 3154 514 3197 trahebatur.
577 3157 762 3212 Stirpem
802 3157 995 3198 hostilem
1036 3170 1114 3199 ac-

251 3213 349 3267 cipe
380 3213 514 3255 filium
548 3214 685 3257 hostis
727 3216 999 3259 Scriboniani
1035 3229 1114 3270 pa-

250 3273 352 3324 tris;
387 3271 443 3315 cf.
478 3271 530 3313 ad
561 3273 639 3315 ΧΙῙ
667 3276 707 3317 2.

339 3329 388 3371 de
410 3330 721 3373 mathematicis
738 3358 792 3364 -—-
810 3341 979 3374 senatus
1006 3348 1112 3374 con-

248 3388 426 3430 sultum=
471 3390 631 3431 crimen
661 3391 943 3432 Scriboniano
985 3392 1112 3433 obie-

250 3453 365 3489 ctum
389 3453 532 3503 patres
556 3449 741 3491 advertit
767 3451 808 3490 in
840 3450 1117 3491 mathemati-

250 3516 324 3549 cos
356 3508 451 3550 sive
485 3505 753 3561 Chaldaeos;
796 3508 851 3550 cf.
886 3510 936 3550 ad
975 3508 1010 3550 ΙΙ
1043 3511 1114 3554 32.

337 3567 387 3608 ob
428 3568 648 3622 anqustias
688 3568 952 3623 familiares:
1011 3567 1116 3609 dicit

251 3636 327 3667 eos
347 3626 504 3681 quibus
523 3625 702 3669 deerant
723 3627 871 3671 decies
896 3629 1112 3682 sestertii3

252 3694 293 3724 v.
326 3683 380 3727 ad
409 3683 446 3729 11
482 3686 552 3730 33.

1287 2624 1392 2680 Gap.
1427 2625 1497 2668 53.
1562 2624 1613 2666 de
1640 2638 1784 2681 poena
1808 2650 1863 2658 —-
1885 2625 2069 2666 coniun-

1197 2692 1429 2740 9erentur:
1476 2684 1560 2726 hoc
1598 2691 1774 2727 senatus
1824 2684 2067 2727 consultum

1199 2743 1252 2785 ab
1295 2749 1474 2786 auctore
1532 2743 1819 2786 Claudianum
1867 2750 2068 2786 vocatum

1201 2809 1295 2855 est,
1335 2803 1389 2845 de
1432 2815 1517 2858 quo
1552 2806 1732 2858 exponit
1772 2804 1930 2845 Paulus
1962 2804 2067 2845 Rec.

1201 2863 1319 2905 Sent.
1352 2861 1390 2903 ΙΙ
1424 2864 1477 2906 21
1515 2862 1567 2903 A.
1602 2865 1647 2915 ς.
1681 2863 1823 2905 1--18
1856 2877 1906 2904 ac
1938 2875 2067 2916 prae-

1201 2923 1330 2976 cipue
1364 2921 1493 2963 Gaius
1529 2920 1771 2964 Comment.
1804 2922 1820 2963 1
1857 2924 1902 2974 ς.
1936 2922 1994 2964 84
2026 2926 2070 2962 et

1201 2982 1254 3024 91
1289 2986 1331 3022 et
1366 2981 1474 3033 1603
1510 2981 1627 3023 conf.
1661 2981 1871 3035 Ulpianus
1895 2981 2066 3037 Fragm.

1205 3041 1251 3082 11
1303 3042 1347 3092 ς.
1385 3042 1459 3091 11,
1500 3040 1792 3083 Tertullianus
1835 3041 1889 3083 de
1932 3052 2068 3081 uxore

1198 3099 1235 3140 ll
1253 3099 1296 3141 8.
1350 3099 1644 3153 Vespasianus
1667 3099 1878 3140 nonnulla
1897 3099 2069 3140 videtur

1200 3157 1418 3199 addidisse
1451 3158 1523 3198 vel
1564 3159 1844 3199 immutasse:
1887 3158 2066 3199 Sueton.

1205 3218 1282 3257 11:
1315 3222 1467 3256 auctor
1497 3218 1665 3258 senatui
1689 3217 1772 3271 suit
1795 3216 2068 3266 decernendi,

1198 3281 1244 3315 ut
1265 3287 1372 3327 quae
1391 3288 1433 3315 se
1456 3274 1599 3315 alieno
1621 3289 1742 3317 servo
1765 3264 2067 3326 coniunxis'see,

1200 3332 1365 3373 ancilla
1397 3333 1638 3376 haberetur.

1284 3394 1509 3446 praetoria
1522 3419 1575 3425 —-
1598 3394 1831 3434 sestertium
1850 3408 1863 3433 .·
1897 3393 2067 3434 foedam

1204 3449 1497 3491 adulationem
1547 3458 1590 3492 et
1632 3458 1807 3493 senatus
1848 3452 2068 3493 infamiam

1203 3508 1347 3550 multis
1404 3509 1549 3551 verbis
1603 3513 1843 3567 exagitavit
1904 3511 2068 3553 Plinius

1200 3565 1337 3621 Epist.
1378 3568 1469 3610 Vlll
1507 3569 1550 3612 6.
1614 3569 1680 3612 Cf.
1730 3571 1866 3612 maior
1904 3570 2068 3612 Plinius

1200 3625 1248 3668 N.
1298 3628 1347 3671 H.
1403 3628 1560 3671 XXXV
1603 3629 1672 3672 58.
