2280 4004
213 269 273 323 π,

983 275 1273 321 ANNALIVM

1787 291 1828 322 a.
1859 279 1904 322 u'.
1937 275 2041 326 268.

157 460 159 463 .
215 419 545 472 circumventi
584 418 837 471 exercitus
880 418 1014 469 fama
1035 457 1049 482 ,
1108 423 1158 470 et
1207 417 1393 469 infesto
1437 418 1803 471 Germanorum
1838 422 2043 489 agmine

215 512 405 564 Gallias
444 512 584 578 peti3
623 526 684 562 ac
721 509 774 559 ni
813 508 1095 576 Agrippina
1131 508 1415 575 impositum
1451 510 1628 563 Rheno
1665 515 1871 577 pontem
1909 514 2041 566 solvi

211 604 579 670 prohibuisset,
622 607 766 653 erant
808 601 892 668 qui
927 601 979 651 id
1014 602 1257 669 flagitium
1295 602 1567 654 formidine
1606 603 1868 655 auderent.
1933 605 2044 657 *Sed

216 695 403 763 femina
440 696 623 762 ingens
660 692 812 744 animi
853 693 1022 744 munia
1062 693 1206 769 ducis
1245 708 1338 759 per
1376 709 1466 746 eos
1503 694 1613 746 dies
1651 694 1829 760 induit,
1867 695 2043 746 militi-2

174 786 424 853 sbusque,
463 791 516 836 ut
550 785 661 851 quis
687 786 835 851 inops
869 789 954 836 aut
990 771 1211 849 sauciuS,
1239 790 1432 837 vestem
1470 790 1520 837 et
1553 785 1776 837 fomenta
1805 785 2043 854 dilargita

212 882 303 929 est.

380 877 551 928 Tradit
591 876 742 928 Gaius
779 876 1000 941 Plinius,
1059 876 1478 928 Germanicorum
1519 877 1768 929 bellorum
1802 878 2039 945 scriptor,

210 969 415 1020 stetisse
465 967 947 1038 apud-*principium
996 968 1187 1044 pontis,
1251 967 1429 1020 laudes
1479 973 1528 1019 et
1584 973 1757 1035 grates
1812 970 2040 1021 reversis

207 1059 499 1126 legionibus
557 1058 842 1110 habentem.

207 1151 323 1201 Non
362 1151 493 1201 enim
531 1150 786 1217 simplices
823 1165 911 1202 eas
940 1166 1105 1215 curaS,

477 1242 612 1294 Nihil
650 1242 881 1294 relictum
919 1243 1340 1308 imperatoribuS,
1402 1243 1487 1293 ubi
1530 1243 1717 1295 femina
1756 1243 2038 1310 manipulos

144 1246 195 1290 lo
210 1242 403 1309 quaeri.

941 1059 995 1110 Id
1033 1058 1220 1110 Tiberii
1266 1059 1484 1110 animum
1541 1059 1687 1110 altius
1736 1060 2039 1126 penetravit.

1149 1166 1245 1202 nec
1280 1151 1528 1203 adversus
1557 1156 1796 1203 externos
1833 1152 2038 1204 militem

208 1334 490 1399 intervisat,
529 1335 677 1402 signa
719 1334 897 1399 adeat,
935 1334 1258 1408 largitionem
1291 1339 1533 1401 temptet,
1574 1339 1824 1401 tamquam
1862 1350 2040 1400 parum

209 1426 476 1477 ambitiose
509 1425 662 1476 filium
691 1425 835 1476 ducis
869 1425 1070 1492 gregali
1105 1408 1278 1475 habitu
1317 1425 1640 1476 circumferat
1668 1425 2040 1492 Caesaremque

210 1517 487 1585 Caligulam
515 1517 756 1583 appellari
779 1517 916 1568 velit.
981 1517 1235 1568 Potiorem
1271 1516 1371 1568 iam
1407 1517 1538 1583 apud
1569 1517 1823 1568 exercitus
1847 1516 2042 1584 Agrip—

208 1608 377 1674 pinam
423 1623 570 1674 quam
621 1607 856 1675 legatOS,
920 1622 1068 1674 quam
1117 1607 1304 1671 duces;
1363 1622 1707 1674 compressam
1756 1624 1786 1660 a
1828 1607 2040 1660 muliere

144 1706 193 1744 ¹⁵
211 1700 548 1765 seditionem,
603 1691 709 1751 'cui
763 1714 950 1752 nomen
1019 1699 1263 1765 principis
1326 1699 1577 1751 obsistere
1644 1714 1748 1750 non
1804 1699 2038 1766 quiverit.

208 1791 543 1842 Accendebat
578 1791 707 1842 haec
747 1791 1092 1856 onerabatque
1127 1791 1358 1855 Seianus,
1397 1790 1577 1856 peritia
1610 1805 1806 1842 morum
1832 1789 2037 1855 Tiberii,

209 1882 327 1933 odia
364 1883 416 1932 in
452 1882 660 1950 longum
698 1882 927 1947 iaciens,
969 1897 1098 1947 quae
1134 1882 1442 1934 reconderet
1480 1887 1727 1948 auctaque
1763 1887 2036 1949 promeret.

346 1975 414 2025 At
453 1973 784 2026 Germanicus
826 1974 1117 2042 legionum,
1159 1989 1284 2040 quas
1324 1974 1538 2026 navibus
1576 1978 1812 2038 vexerat,
1850 1988 2041 2026 secun-
2055 1975 2126 2025 ⁷0

205 2066 319 2118 dam
359 2071 673 2132 etquartam
713 2065 977 2117 decumam
1013 2066 1196 2117 itinere
1237 2066 1466 2118 terrestri
1490 2065 1664 2117 Publio
1700 2065 1903 2118 Vitellio
1943 2065 2041 2116 (lu-³

325 2248 367 2289 2.
401 2245 490 2302 inp.
509 2246 565 2287 M.
629 2247 671 2290 5.
705 2246 859 2303 inopsa
891 2249 944 2302 (a
975 2253 1138 2301 puncto
1170 2251 1369 2304 notatur)
1392 2245 1445 2287 M.
1510 2246 1552 2290 6.
1589 2246 1638 2288 G.
1661 2245 1716 2288 Μ.
1780 2246 1820 2288 7.
1854 2253 1959 2302 aput
1981 2246 2037 2290 M.

199 2305 293 2360 poti
326 2307 438 2359 (non
467 2307 612 2363 ponti)
646 2306 713 2347 M:
748 2307 940 2348 correxit
970 2306 1214 2348 Beroaldus
1247 2308 1291 2347 in
1325 2306 1696 2348 annotationibus.

642 2366 710 2407 13.
746 2364 975 2407 calieulam
1007 2366 1061 2408 Μ.

592 2424 639 2466 Ρ.
673 2424 728 2467 M.

204 2362 248 2407 9.
279 2363 459 2405 militum
491 2365 543 2406 M.

206 2421 414 2464 decimam
443 2423 499 2466 M.

295 2579 400 2635 Cap.
428 2580 499 2624 69.
558 2580 726 2624 Gallias
749 2582 862 2638 peti.-
895 2582 1079 2636 primum

204 2641 250 2682 in
291 2638 458 2682 Gallica
497 2639 640 2682 Rheni
690 2641 786 2695 ripa
829 2642 1079 2696 provincias

205 2699 462 2742 inferiorem
487 2706 530 2741 et
555 2701 841 2755 superiorem,
876 2706 965 2742 tum
1000 2714 1078 2743 ce-

204 2766 341 2802 teram
364 2758 562 2802 Galliam.
666 2760 905 2816 impositum
925 2760 1077 2803 Rheno

199 2826 397 2875 pontem.-
457 2818 662 2874 intellige
722 2825 899 2873 pontem
963 2819 1078 2874 apud

209 2878 370 2919 Vetera
422 2890 446 2918 a
492 2878 748 2920 Germanico
798 2891 912 2920 anno
976 2884 1078 2921 ante

206 2936 395 2977 factum:
438 2935 455 2976 I
486 2937 558 2979 49.

266 2996 619 3037 Germanicorum
644 2996 847 3037 bellorum
868 2998 1076 3053 scriptor.-

205 3054 384 3097 Sueton.
428 3056 518 3096 vita
564 3054 722 3096 Plinii:
777 3055 889 3096 bella
932 3058 1076 3097 omnia

204 3127 311 3169 quae
342 3127 529 3169 unquam
572 3129 665 3156 cum
699 3115 924 3156 Germanis
954 3123 1076 3170 qesta

202 3180 323 3225 sunt,
371 3174 524 3229 viyinti
565 3174 845 3216 voluminibus
878 3189 1073 3230 compre-

203 3226 362 3275 he'ndit.
410 3232 520 3275 Plin.
540 3233 677 3287 Epist.
698 3232 824 3276 1115:
869 3233 1074 3275 bellorum

205 3291 465 3333 Germaniae
508 3293 686 3347 viginti,
741 3293 887 3347 quibus
929 3294 1074 3333 omnia

203 3364 310 3403 quae
344 3366 437 3392 eum
472 3352 697 3412 Germanis
727 3353 930 3407 ¹qessimus
963 3351 1074 3393 bella

203 3408 387 3465 colleyit.
440 3411 664 3452 Inchoaeit
697 3424 790 3452 cum
820 3413 866 3452 in
891 3411 1073 3453 Germa-

201 3467 279 3507 nia
310 3469 513 3511 militaret
542 3471 704 3511 somnio
733 3472 928 3512 monitus.
979 3470 1072 3512 Ad-

203 3526 308 3567 stitit
341 3529 453 3567 enim
485 3531 715 3581 quiescenti
732 3531 867 3572 Drusi
887 3530 1073 3572 Neronis

205 3586 391 3641 efliqies,
458 3588 528 3642 qui
569 3589 829 3632 Germaniae
868 3589 1072 3632 latissime

203 3646 340 3687 victor
400 3646 460 3687 ibi
514 3648 676 3703 periit3
754 3649 1075 3696 commendabat

1811 2305 1951 2347 laudis
1980 2305 2037 2348 Μ.

1140 2372 1243 2422 aput
1269 2365 1323 2408 M.
1401 2366 1468 2409 14.
1503 2378 1652 2423 conpr.
1686 2364 1741 2408 M.
1820 2364 1888 2411 19.
1922 2377 2037 2411 nunc

1163 2584 1411 2625 memoriam
1451 2596 1573 2625 suam
1614 2583 1871 2639 orabatque,
1916 2590 1964 2627 ut
1992 2599 2038 2629 se

1165 2643 1218 2684 ab
1280 2643 1446 2684 iniuria
1516 2642 1739 2684 oblivionis
1808 2652 2034 2689 assereret.

1163 2701 1297 2743 Aliud
1320 2702 1451 2744 Plinii
1485 2714 1594 2756 opus
1616 2701 1815 2744 laudatur
1846 2702 1942 2745 XIII
1961 2705 2034 2758 20,

1163 2761 1243 2802 XV
1268 2761 1339 2813 53,
1373 2762 1425 2804 Η.
1449 2761 1598 2814 11128,
1635 2761 1779 2816 quode
1809 2775 1852 2804 v.
1883 2769 2032 2806 annot.

1164 2820 1218 2862 ad
1249 2819 1343 2862 XIII
1375 2822 1446 2865 20.

1252 2880 1353 2921 odia
1392 2882 1439 2922 in
1470 2879 1641 2935 lonqum
1681 2881 1872 2922 iaciens.-
1916 2886 2036 2923 sator
2056 2927 2070 2932 ,

1163 2944 1229 2979 est
1248 2939 1446 2992 Seianus,
1483 2939 1625 2981 solum
1652 2940 1878 2994 excipiens
1899 2938 2034 2984 'rihe-

1160 2999 1265 3040 rius.
1329 2999 1394 3041 De
1428 2999 1512 3041 hoc
1543 2998 1705 3040 dictum
1737 3013 1844 3054 quae
1876 3013 2035 3042 recon-

1161 3057 1279 3098 deret
1302 3065 1511 3113 auctaque
1526 3065 1755 3114 promeret.
1789 3058 1845 3100 In
1864 3057 2036 3116 longum

1161 3122 1226 3156 est
1258 3117 1302 3157 in
1337 3122 1506 3171 tempus
1541 3117 1675 3173 longe
1694 3123 1922 3159 remotum.
1969 3117 2033 3160 Ea

1160 3178 1275 3215 enim
1302 3175 1472 3217 indoles
1491 3175 1650 3217 Tiberii
1683 3182 1730 3216 ut
1757 3175 1901 3220 odium
1930 3176 2031 3219 diu-

1159 3235 1243 3274 tius
1255 3240 1470 3277 retentum
1482 3241 1526 3277 et
1537 3235 1839 3277 absconditum
1854 3237 2032 3292 gravius

1159 3300 1378 3347 promeret
1401 3301 1445 3335 et
1469 3294 1666 3336 homines
1686 3294 1853 3337 invisos
1875 3295 2032 3338 acerba

1161 3351 1329 3394 ultione
1363 3359 1650 3408 perverteret.
1711 3353 1831 3397 113:
1863 3355 1911 3395 in
1934 3354 2030 3396 Ha-

1159 3413 1311 3453 terium
1331 3414 1473 3454 statim
1491 3414 1681 3455 invectus
1699 3420 1784 3455 est.-
1803 3413 2029 3467 Scaurum,

1159 3472 1230 3513 eui
1250 3471 1554 3528 inplacabilius
1584 3472 1868 3524 irascebatur,
1894 3470 2029 3513 silen-

1159 3532 1215 3572 tio
1241 3533 1437 3574 tramisit.
1478 3532 1536 3573 lv
1561 3533 1639 3574 71:
1671 3532 1880 3586 mitigavit
1902 3531 2028 3587 (iram

1157 3590 1318 3635 Tiberii
1344 3594 1389 3634 in
1405 3591 1608 3646 Gallum),
1627 3603 1714 3632 non
1727 3588 1843 3632 Galli
1864 3602 2026 3643 autore,

1157 3664 1303 3694 verum
1332 3658 1378 3694 ut
1402 3650 1694 3694 cunctationes
1714 3649 1928 3707 principis
1947 3662 2026 3708 op-
