2280 4004
263 252 325 308 ts
912 260 920 263 “
1042 260 1333 311 ΑΝΝΑιΝΜ

259 395 482 464 Honesta
521 398 749 479 quidem,
804 410 897 463 sed
941 426 1006 464 ex
1046 411 1157 479 quis
1201 411 1474 467 deterrima
1509 419 1808 485 orerentur,
1852 416 2086 475 ‘tristitiic

259 501 426 555 multis
463 517 494 553 ιοι
532 515 563 552 »οε
602 516 633 552 ›t-

377 656 416 701 1.
450 655 541 713 quis
570 657 669 755 {per
701 658 1025 717 compendium)
1046 657 1127 702 Ma.

1224 660 1407 704 tristitiis
1436 660 1577 704 multis
1602 661 1718 716 GM³‚
1752 663 1935 706 tristitiis
1963 663 2083 707 inut-

255 702 308 756 ns
337 710 387 756 Β.
431 713 625 758 corneis
662 715 796 762 Tacen
832 717 958 763 Liber
987 719 1208 789 audeant,-
1252 720 1368 779 Eap.
1403 723 1526 778 (cum
1557 721 1746 780 lineola)
1783 723 1920 781 [neap.
1957 725 2080 779 (cum

223 808 231 815 .
254 773 358 833 lin.)
391 774 494 818 Χιι.
528 774 609 818 ma.

255 919 396 961 seines
440 918 617 961 Stolz-es.
683 918 788 961 Cum
842 933 990 964 veram
1041 935 1126 978 po-

253 979 434 1020 tentiam
468 985 511 1020 et
545 991 663 1032 eam,
699 992 810 1036 quae
843 993 994 1024 omnes
1028 996 1125 1025 ma-

253 1037 461 1095 gistratus
505 1044 766 1096 ceterosque
816 1041 998 1084 libertos
1045 1056 1123 1085 su-

251 1103 447 1152 peraret,
480 1106 706 1141 assecutus
738 1107 879 1154 esset,
930 1103 1124 1159 insignia

250 1155 328 1200 illa
369 1157 447 1199 vix
478 1158 656 1214 aliquod
702 1162 934 1214 superbiae
971 1163 1121 1204 incre-

189 1260 194 1268 ι
249 1222 442 1260 mentum
492 1218 671 1262 efficere
719 1226 968 1275 potuerunt.
1033 1222 1122 1264 Le-

248 1277 462 1319 vissimum
514 1280 702 1333 positum
752 1287 818 1322 est
871 1287 918 1324 ut
961 1294 1121 1324 nomen

248 1335 586 1380 substantivum.
636 1338 787 1381 Altera
819 1342 1033 1395 scriptura
1055 1340 1120 1383 le-

247 1397 463 1440 vissimum
495 1399 663 1454 fastiqii
692 1410 779 1440 non
811 1400 972 1455 placet,
1005 1413 1120 1457 quo-

246 1457 363 1499 niam
400 1455 468 1507 ad·
493 1459 714 1513 sastiyium
753 1458 1119 1516 altitudinemque

246 1515 510 1557 vocabulum
541 1516 809 1572 levissimum,
839 1532 928 1575 quo
947 1519 1118 1574 pondus

247 1573 515 1631 designatur,
549 1589 636 1618 non
670 1583 816 1632 aptum
851 1585 930 1622 est.

1208 929 1291 967 tur,
1354 925 1463 968 Nam
1506 938 1604 968 cum
1649 927 1786 969 verbo
1819 934 1969 984 aqeret
1998 927 2083 983 ab·

1208 985 1353 1028 solute
1396 985 1539 1040 posito
1586 985 1700 1028 bene
1743 992 1933 1043 apteque
1951 985 1957 1028 s
1973 994 2089 1030 seru

1207 1045 1345 1087 tentia
1358 1045 1647 1088 concluditur.
1663 1045 1824 1089 Contra
1833 1046 2082 1090 Narcissum

1207 1105 1386 1147 honesta
1418 1105 1770 1163 (Tuqendsames)
1805 1109 1967 1163 egisse,
1994 1107 2080 1149 im-

1205 1165 1361 1207 merita
1392 1171 1436 1207 et
1466 1165 1600 1207 nimia
1630 1164 1778 1207 liberti
1819 1165 1914 1209 laus
1946 1163 2078 1210 foret.

1204 1223 1311 1266 Nam
1365 1223 1600 1267 Messalina
1652 1226 1851 1281 quamvis
1900 1227 2093 1272 meritas

1204 1296 1369 1339 poenas
1390 1284 1590 1337 solverit,
1615 1284 1658 1324 in
1679 1284 1917 1327 audacibus
1933 1292 2080 1328 tamen

1202 1342 1395 1385 Narcissi
1428 1344 1547 1386 ausis
1579 1343 1684 1399 quid
1714 1342 1892 1385 honesti
1927 1345 2076 1399 fuerit,

1204 1414 1448 1459 agnoscere
1479 1402 1664 1444 difficile
1698 1408 1779 1444 est.
1811 1401 1964 1461 Itaque
2022 1405 2077 1450 ab

1206 1461 1396 1504 Honesta
1439 1462 1607 1517 quidem
1635 1473 1752 1503 nova
1783 1461 1940 1517 incipit
1970 1476 2077 1506 sen-

1203 1522 1366 1575 tentia,
1421 1522 1499 1564 sed
1552 1520 1813 1575 imperfecta
1859 1521 2078 1579 ethiani

1204 1587 1417 1625 truncata.
1479 1581 1527 1623 In
1561 1594 1615 1622 ea
1646 1579 1700 1622 de
1733 1581 1826 1622 vita
1858 1586 1906 1623 ‚et
1937 1583 2076 1625 mori-

1201 1641 1282 1683 bus
1329 1642 1602 1698 Agrippinae
1667 1639 1937 1696 Domitiique
1988 1641 2074 1687 'filii

361 1634 552 1677 Honesta
613 1637 778 1691 quidem
827 1665 882 1671 —-
934 1639 1118 1682 tristitiis

1201 1701 1429 1755 nonnihil,
1465 1701 1636 1760 opinor,
1667 1699 1855 1742 relatum
1887 1696 1987 1746 fuit.

186 1714 198 1728 ι
243 1692 408 1736 multis.-
435 1696 801 1749 praecedentibus
824 1699 859 1740 si
877 1698 987 1741 haec
1007 1712 1117 1741 con-

243 1753 485 1811 tinuantur,
519 1756 794 1800 incommoda
814 1758 939 1816 plura
962 1760 1115 1804 oriun-

881 2041 1247 2049 —---—-——-.-.-..——
1262 2044 1388 2051 *-

766 2327 981 2388 LIBER
1041 2327 1545 2394 DVODECIMVS.

748 2633 1254 2687 BREVIARIVM
1308 2635 1531 2688 LIBRI.

399 2781 505 2838 Cap.
542 2781 672 2824 1-4.
735 2781 855 2824 Anni
899 2795 927 2824 a
961 2782 1065 2825 cnr.
1112 2781 1431 2838 quadraqesimi
1474 2783 1616 2825 octavi
1657 2797 1821 2827 menses
1861 2785 1942 2827 duo
1978 2799 2064 2843 po-

229 2855 390 2899 stremi.
455 2854 661 2897 Claudius
698 2856 873 2898 caelibis
902 2857 1016 2898 vitae
1042 2855 1283 2898 intolerans
1317 2863 1356 2898 et
1378 2859 1606 2913 coniugum
1635 2857 1827 2914 imperiis
1857 2858 2065 2902 otnoaius

230 2929 519 2985 circumspicit
548 2943 740 2971 umorem.
806 2930 922 2972 Eam
957 2930 1007 2972 ob
1038 2943 1130 2971 rem
1167 2929 1311 2971 liberti
1353 2937 1544 2983 certant,
1592 2944 1673 2972 nec
1703 2932 1870 2974 minore
1904 2931 2064 2974 ambitu

227 3003 417 3060 feminae
455 3002 753 3045 exardescunt.
818 3003 1064 3059 Aqrippina
1091 3003 1296 3059 praelata
1321 3005 1473 3046 ceteris
1504 3005 1674 3046 maiora
1708 3006 1834 3048 struit
1863 3007 2072 3062 nuptias-⁴

230 3090 308 3131 que
344 3076 524 3118 Domitii
553 3077 619 3118 sui
651 3084 690 3118 et
724 3078 928 3119 Octaviae
956 3078 1074 3130 filiae
1109 3077 1295 3118 molitur.
1362 3078 1463 3118 Ideo
1492 3078 1648 3120 Lucius
1676 3078 1852 3120 Silanus
1882 3093 2062 3135 sponsus

230 3150 436 3191 Octaviae
478 3151 696 3192 senatorio
744 3151 894 3192 ordine
938 3157 1121 3192 remotus
1163 3158 1202 3191 et
1243 3164 1315 3207 spe
1355 3164 1435 3191 sua
1482 3151 1668 3193 deiectus
1707 3158 1780 3194 est.
1845 3150 2056 3210 Pleraque

237 3222 395 3266 Vitellii
425 3223 589 3266 artibus
626 3228 665 3265 et
695 3222 890 3279 fallaciis
920 3223 973 3265 ab
1006 3222 1252 3281 Ayrippina
1278 3229 1460 3279 patrata
1490 3230 1601 3266 sunt.

398 3297 504 3353 Cap.
538 3300 698 3340 5-24.
762 3297 914 3339 Annus
946 3312 974 3339 a
1008 3297 1112 3339 Chr.
1147 3297 1498 3353 quadragesimus
1529 3311 1692 3350 nonus,
1727 3297 1901 3340 Claudii
1927 3298 2057 3354 prin-

229 3371 335 3427 cipis
366 3383 518 3412 nonus.
584 3370 757 3412 Pactum
785 3372 899 3412 inter
920 3370 1146 3413 Claudium
1176 3377 1214 3411 et
1239 3370 1527 3427 Ay¹·ippinant
1557 3372 1876 3413 matrimonium
1906 3377 2058 3412 orante

237 3443 406 3485 Vitellio
445 3457 473 3484 a
501 3444 697 3499 patribus
742 3445 1054 3500 empostulatur,
1102 3444 1397 3499 decretumque
1439 3452 1485 3486 ut
1528 3457 1622 3486 cum
1660 3447 1848 3500 fratrum
1883 3443 2055 3497 filiabus

230 3516 434 3571 coniuyia
473 3520 586 3557 iusta
631 3519 678 3558 in
728 3524 943 3573 posterum
984 3518 1258 3561 haberentur.
1340 3518 1524 3576 Nuptiae
1566 3518 1827 3567 celebratae,
1878 3514 2054 3558 Silanus

230 3589 381 3631 salutis
414 3603 485 3645 spe
518 3590 701 3645 abrupta
741 3599 917 3634 mortem
956 3593 1038 3635 sibi
1078 3593 1318 3635 consciscit.
1382 3592 1651 3649 Ayrippinae
1693 3603 1831 3630 mores
1867 3594 1907 3630 et
1938 3591 2055 3632 artes

230 3662 402 3721 (5—8).
479 3662 641 3705 oratur
676 3662 881 3707 Claudius
921 3666 1179 3723 despondere
1214 3666 1436 3709 Octaviam
1471 3664 1656 3707 Domitio
1669 3677 1683 3716 ,-
1724 3663 1760 3704 is
1800 3674 1975 3718 sponsus
2014 3669 2057 3722 et
