2280 4004
246 343 275 375 ιι
302 326 354 376 c.
389 333 462 380 zo.
856 330 1020 375 LlssER
1048 330 1119 373 111.
1183 330 1289 374 cn.
1324 330 1513 375 23-„25
1989 321 2077 374 185¹?

246 473 377 525 ultra
416 475 548 526 foret
597 470 844 527 saevitum
881 489 1028 541 quam
1078 478 1131 525 ut
1169 473 1390 525 amicitia
1432 472 1666 525 Caesaris
1701 471 2073 538 prohiberetur,

247 564 454 617 exilium
489 565 588 616 sibi
627 565 967 617 demonstrari
1001 564 1274 629 intellexit,
1338 579 1435 616 nec
1476 564 1574 616 nisi
1612 563 1814 615 Tiberio
1866 562 2078 630 imperi-

250 660 387 707 tante
434 656 702 721 deprecari
741 661 970 707 senatum
1011 673 1072 708 ac
1107 656 1386 722 principem
1423 669 1576 707 ausus
1613 660 1691 707 est
1721 655 1879 708 Marci
1916 655 2075 708 Silani

249 745 408 796 fretus
444 745 698 811 potentia,
755 745 840 812 qui
875 761 967 813 per
1007 747 1259 814 insignem
1295 746 1607 798 nobilitatem
1649 751 1699 798 et
1739 746 2076 812 eloquentiam

247 836 602 902 praecellebat.
676 836 779 889 Sed
816 835 1044 888 Tiberius
1081 837 1240 904 gratis
1277 838 1449 904 agenti
1487 837 1685 901 Silan0,
1720 836 1946 903 patribus
1984 846 2118 888 co-5

246 935 372 992 rani,
411 927 675 993 respondit
705 943 762 979 se
805 942 1005 994 quoque
1038 929 1218 980 laetari
1259 929 1393 994 quod
1434 928 1593 980 frater
1630 928 1738 979 eius
1778 945 1807 980 e
1840 928 2080 996 peregri-

247 1018 455 1070 natione
492 1018 769 1086 longinqua
803 1020 1137 1083 revertisset3
1194 1019 1346 1086 idque
1382 1020 1493 1071 iure
1530 1020 1754 1084 licitum,
1821 1019 1938 1085 quia
1974 1034 2078 1070 non

247 1114 452 1161 senatus
490 1110 739 1175 consulto,
777 1125 880 1161 non
914 1110 1030 1177 lege
1056 1109 1228 1176 pulsus
1265 1111 1412 1162 foret.
1486 1110 1594 1163 Sibi
1631 1115 1798 1161 tamen
1827 1110 2077 1162 adversus
2107 1103 2120 1185 {³
2143 1164 2202 1186 ψ

245 1213 359 1252 eum
395 1201 625 1268 integras
679 1202 904 1267 parentis
954 1201 1031 1252 sui
1083 1200 1421 1265 offensioneS,
1480 1213 1645 1267 neque
1703 1201 1870 1252 reditu
1920 1201 2077 1254 Silani
2096 1186 2107 1264 ζ
2146 1185 2211 1226 „x

245 1291 490 1342 dissoluta
539 1306 668 1357 quae
715 1287 975 1359 Augustus
1025 1291 1287 1368 voluisset.
1381 1292 1491 1343 Fuit
1547 1292 1762 1358 posthac
1817 1291 1870 1344 in
1930 1279 2143 1358 urbe,{o

245 1396 412 1449 neque
446 1382 670 1435 honores
707 1384 917 1450 adeptus
958 1387 1048 1435 est.

160 1471 231 1521 25
385 1474 613 1526 Relatum
665 1474 851 1526 deinde
918 1475 981 1526 de
1033 1473 1347 1526 moderanda
1392 1474 1544 1552 Papia
1586 1475 1858 1552 Poppaea,
1930 1488 2078 1542 quam
2154 1450 2280 1529 2⁶³&

246 1564 423 1616 senior
451 1564 739 1633 AugustuS,
799 1571 915 1633 post
952 1565 1101 1618 Iulias
1141 1566 1469 1633 rogationeS,
1520 1565 1790 1617 incitandis
1832 1567 2106 1618 caelibum
2097 1544 2238 1606 J:

245 1656 425 1723 poenis
478 1662 527 1707 et
570 1655 809 1724 augendo
866 1657 1066 1709 aerario
1120 1663 1374 1708 sanxerat
1450 1658 1556 1709 Nee
1597 1657 1714 1709 ideo
1752 1658 1991 1726 coniugia
2032 1663 2082 1709 et
2112 1645 2177 1689 ²⁶⁰

248 1749 579 1801 educationes
637 1749 850 1800 liberum
912 1749 1394 1814 frequentabantur,
1476 1749 1772 1815 praevalida
1837 1749 2144 1802 orbitatem

246 1844 468 1893 ceterum
507 1836 768 1891 multitudo
805 1839 1197 1906 periclitantium
1232 1840 1502 1907 gliscebat,
1547 1855 1658 1891 cum
1698 1841 1860 1895 omnis
1901 1840 2080 1895 domus

0 2154 3 2166 '
0 1812 20 2135 '‘W-W‘QGVW
0 1710 12 1794 ¹⁴¹·<w
0 1683 6 1691 ‘¹

361 1980 403 2022 3.
438 1979 615 2034 depcari
646 1993 742 2021 cum
774 1979 852 2022 lin.
886 1981 939 2023 M.
1016 1979 1076 2022 M.
1111 1980 1166 2023 M.
1227 1982 1270 2023 4.
1303 1982 1438 2036 fretus
1475 1980 1641 2023 editor:
1675 1981 1715 2024 M
1746 1982 1913 2037 fratris,
1945 1982 2065 2025 Bez-

258 2037 503 2094 zenberger
532 2038 686 2094 fratris
715 2040 868 2095 fretus.
932 2039 973 2082 5
1010 2040 1147 2095 yratis
1178 2039 1232 2082 M.

244 2162 455 2237 ἐπιτίμια
482 2165 682 2219 ἐπέταξε,
701 2170 780 2211 καὶ
804 2168 1010 2226 ἔμπαλιν
1038 2170 1119 2210 τοῦ

244 2238 289 2268 τε
337 2223 493 2284 γάμου
547 2230 623 2269 καὶ
677 2228 754 2280 τῆς
813 2226 1122 2275 παιδοποιίας

242 2280 368 2327 ἆθλα
399 2287 579 2335 έθηκεν.
639 2283 767 2327 Celte
801 2292 913 2327 errat
932 2285 1118 2339 Lipsius

243 2343 343 2384 dum
375 2343 521 2385 verbis
553 2345 786 2401 βαρύτερα
815 2343 867 2388 τοὶ
905 2348 1120 2404 ἐπιτίιιια

242 2404 431 2452 ἐπέταξε
482 2409 524 2444 et
570 2405 773 2461 ἔμπαλιν
816 2406 982 2456 ἔθηκεν
1030 2417 1118 2444 non

242 2467 362 2503 recte
385 2462 579 2516 acceptis
599 2463 735 2504 fretus
758 2464 826 2519 (in
848 2463 1047 2505 Excursu
1060 2462 1116 2520 C)

241 2522 521 2575 pronuntiat,
568 2523 697 2563 etiam
739 2529 838 2564 ante
872 2522 915 2563 id
946 2528 1117 2575 tempus

241 2580 441 2636 Augusto
475 2579 587 2622 hanc
629 2594 774 2623 curam
816 2579 970 2623 fuisse.
1033 2581 1117 2622 Sed

242 2638 387 2694 legem
419 2639 537 2681 illam
560 2654 653 2680 cum
676 2640 895 2695 aliquanto
911 2640 1114 2695 (Sueton.

240 2698 354 2754 Aug.
406 2698 486 2755 34)
541 2702 729 2742 severius
778 2713 902 2754 quam
951 2705 1116 2740 ceteras

242 2756 526 2810 emendasset,
559 2771 666 2813 prae
699 2758 875 2801 tumultu
907 2771 1117 2799 recusan-

241 2815 343 2857 tium
400 2820 599 2872 perferre
664 2832 752 2859 non
802 2818 969 2874 potuit,
1032 2817 1117 2859 uisi

241 2873 438 2930 adempta
470 2876 633 2917 demum
660 2876 844 2918 lenitave
861 2882 987 2933 parte
1010 2890 1117 2932 poe-

239 2946 414 2985 narum,
462 2942 501 2975 et
530 2936 756 2977 vacatione
791 2936 969 2977 triennii
999 2935 1115 2988 data,

242 2993 458 3046 auctisque
509 2995 728 3049 praemiis.
792 2995 857 3036 De
909 2994 990 3036 hac
1042 3007 1116 3036 re-

242 3053 500 3092 tractatione
532 3051 782 3107 Propertius
813 3053 850 3094 ΙΙ
879 3055 902 3096 7
941 3056 990 3095 1:
1033 3067 1116 3108 ya-

240 3111 334 3152 vt‘su
387 3118 449 3153 est
499 3118 613 3153 certe
665 3112 878 3154 sublatam
930 3112 1116 3168 Cynthia

241 3169 397 3225 legem,
439 3182 523 3225 qua
554 3172 764 3226 quondam
803 3173 943 3214 edicta
973 3171 1115 3227 flemus

242 3235 414 3282 uterque
446 3229 531 3280 diu,
562 3232 609 3272 ni
625 3243 703 3272 nos
725 3232 945 3273 divideret.
988 3232 1114 3272 Anno

242 3292 384 3327 tamen
432 3287 513 3329 737
568 3290 733 3341 perlata
787 3292 871 3332 iam
927 3291 1113 3343 videtur,

242 3337 456 3399 siquidem
467 3351 568 3387 tunc
582 3347 782 3389 Horatius
797 3350 958 3390 cecinit
971 3347 1112 3390 Carni.

241 3417 330 3444 sec.
363 3416 405 3444 v.
442 3404 518 3446 17.-
554 3405 667 3456 dt'va,
695 3407 908 3462 producas
931 3406 1116 3448 subolem

236 3470 487 3518 patrumque
515 3477 739 3519 prosperes
779 3465 952 3506 decreta
989 3479 1117 3520 super

239 3522 440 3576 iuyandis
495 3524 666 3577 seminis
709 3523 924 3578 prolisque
976 3537 1114 3563 novae

241 3582 383 3634 feraci
419 3579 510 3635 leqe
552 3583 727 3623 marita.
797 3582 997 3622 Horatius
1027 3595 1112 3637 pa-

243 3645 353 3682 trum
383 3639 557 3682 decreta
589 3654 685 3683 cum
718 3641 852 3694 dicit,
888 3641 1113 3683 consulta-

243 3698 404 3741 tionem
430 3706 607 3743 senatus
637 3701 889 3744 moderante
914 3700 1113 3757 principe

1207 2167 1260 2208 de
1294 2166 1395 2224 lege
1431 2167 1593 2222 populo
1636 2165 1857 2209 suadenda
1888 2168 2082 2222 respicit.

1207 2226 1475 2267 Postremum
1496 2226 1720 2284 Augustus
1740 2226 1887 2283 legem
1907 2225 2083 2281 Papiam

1207 2285 1452 2340 Poppaeam
1492 2287 1536 2326 in
1579 2292 1733 2327 senatu
1782 2287 2082 2341 quinquennio

1207 2350 1307 2386 ante
1338 2350 1519 2386 mortem
1553 2345 1680 2400 (hinc
1712 2344 1765 2386 ab
1798 2347 1967 2387 seniore
1987 2345 2083 2387 Au-

1205 2411 1324 2458 qusto
1366 2404 1496 2445 latam
1549 2402 1656 2445 dicit
1703 2403 1899 2461 Tacitus)
1948 2403 2081 2459 Papio

1206 2462 1358 2505 Mutilo
1391 2463 1593 2517 Poppaeo
1627 2464 1787 2506 Sabino
1828 2463 2084 2505 consulibus

1208 2523 1358 2578 (762)
1416 2522 1694 2564 sanciendam
1754 2523 1935 2564 curavit.
1998 2522 2081 2564 Dio

1205 2580 1300 2622 LVl
1337 2583 1404 2624 10.
1467 2581 1532 2624 De
1566 2581 1650 2623 hoc
1682 2587 1879 2636 tempore
1910 2581 2083 2623 intelli-

1206 2639 1349 2695 genda
1380 2640 1514 2681 verba
1539 2641 1737 2683 Suetonii
1773 2641 1888 2696 Aug.
1923 2654 1961 2682 c.
1995 2642 2081 2684 34:

1203 2700 1266 2740 sic
1315 2712 1474 2753 quoque
1513 2700 1786 2742 abolitionem
1825 2701 1914 2741 eius
1945 2696 2084 2756 (legis

1204 2757 1364 2812 Papiae
1381 2758 1633 2816 Poppaeae)
1654 2759 1822 2815 publico
1839 2759 2082 2815 spectaculo

1199 2818 1485 2873 pertinaciter
1498 2819 1740 2873 postulante
1759 2820 1908 2873 equite,
1922 2819 2083 2860 accitos

1207 2877 1454 2918 Germanici
1484 2875 1639 2919 liberos
1670 2884 1942 2934 receptosque
1967 2891 2080 2933 par-

1204 2937 1278 2977 tim
1308 2935 1366 2976 ad
1384 2950 1427 2977 se
1455 2939 1616 2992 partim
1641 2938 1687 2977 in
1715 2937 1856 2993 patris
1876 2937 2084 2992 yremium

1204 2997 1455 3047 ostentavit,
1501 3010 1632 3038 manu
1680 2996 1877 3050 vultuque
1915 2997 2083 3065 siqnifi-

1204 3068 1322 3106 cans,
1347 3068 1400 3096 ne
1416 3063 1706 3110 yravarentur
1735 3056 1900 3097 imitari
1917 3055 2082 3097 iuvenis

1202 3114 1450 3170 exemplum.
2108 3154 2112 3164 ,

1291 3173 1550 3229 praevalida
1590 3173 1796 3212 orbitate.-
1843 3172 1949 3212 dicit
1992 3169 2113 3219 vimj

1203 3234 1512 3300 etpotentiam,
1528 3244 1638 3285 quae
1656 3230 1773 3270 orbis
1797 3231 2112 3271 accrescebat

1203 3290 1255 3331 ab
1305 3292 1356 3330 iis
1409 3291 1481 3344 qui
1528 3288 1793 3329 hereditates
1846 3287 2079 3341 captabant

1203 3348 1389 3402 ideoque
1404 3348 1532 3388 orbos
1554 3360 1656 3400 prae
1681 3346 1838 3388 ceteris
1855 3346 2118 3388 colebant.

1201 3406 1403 3446 Eiusdem
1434 3407 1495 3447 rei
1520 3406 1784 3445 mentionem
1816 3406 1967 3446 iniecit
1993 3404 2075 3447 Ta-
2116 3405 2120 3455 ἶ

1203 3466 1313 3504 citus
1348 3465 1444 3505 ΧΙΙΙ
1479 3466 1557 3505 52:
1600 3462 1813 3518 valuitque
1842 3466 2076 3519 pecuniosa
2117 3457 2123 3516 ζ

1202 3523 1380 3563 orbitate
1417 3531 1454 3565 et
1486 3530 1658 3563 senecta
1692 3523 1960 3579 (Silvanus).
1995 3523 2075 3564 XV
2107 3525 2121 3574 ί

1206 3583 1281 3624 19:
1314 3584 1417 3623 satis
1447 3582 1576 3637 pretii
1608 3595 1695 3623 esse
1727 3582 1842 3623 orbis
1876 3582 1986 3636 quod
2018 3606 2074 3616 —-
2107 3587 2115 3625 ,1’

1201 3639 1329 3683 nullis
1380 3641 1578 3683 oneribus
1634 3642 1821 3698 gratiam
1873 3641 2071 3694 honores,
2102 3683 2103 3686 ,

1199 3707 1355 3743 cuncta
1379 3707 1578 3758 prompta
1617 3708 1656 3744 et
1696 3702 1820 3745 obvia
1850 3701 2069 3745 haberent.
