2280 4004
771 294 936 337 LIBER
966 295 1081 339 XVI.
1146 294 1252 338 CAP.
1286 295 1476 342 24—27.

195 310 223 339 a·
254 296 301 339 C.
334 297 406 340 66.
1935 301 2022 340 337

192 453 463 504 superesse
498 437 581 503 qui
622 437 836 488 forsitan
872 452 1048 488 manus
1086 437 1315 503 ictusque
1351 437 1575 503 inferant
1607 452 1700 503 per
1733 437 2023 490 immanita-

192 534 290 580 tem
337 534 428 588 'aut
477 528 627 591 iussi3
682 528 831 578 etiam
882 528 1046 579 honos
1100 533 1235 579 metu
1284 529 1445 594 sequi.
1518 515 1818 580 Detraheret
1856 529 2021 595 potius

193 619 408 682 senatui,
449 633 594 684 quem
632 619 1040 684 perornavisset,
1083 618 1340 670 infamiam
1376 619 1499 669 tanti
1530 619 1735 686 flagitii3
1777 625 1826 671 et
1862 620 2025 671 relin-

193 713 371 774 queret
404 709 650 760 incertum
692 709 808 774 quid
846 710 958 760 viso
983 709 1204 760 Thrasea
1227 724 1317 760 reo
1344 709 1597 761 decreturi
1618 715 1787 776 patres
1818 710 2019 762 fuerint.

191 799 254 849 Ut
290 798 545 850 Neronem
593 799 898 866 flagitiorum
946 799 1111 865 pudor
1170 805 1400 865 caperet,
1461 800 1611 851 inrita
1665 816 1754 866 spe
1807 800 2062 868 agitari36

190 889 445 955 multoque
485 890 646 954 magis
685 891 957 941 timendum
1000 905 1064 940 ne
1101 890 1152 940 in
1190 891 1490 956 coniugem,
1546 891 1598 940 in
1653 891 1918 956 familiam,
1970 892 2023 942 in

193 986 361 1032 cetera
397 981 613 1047 pignora
644 982 751 1031 eius
778 981 1014 1032 saeviret.
1078 981 1295 1032 Proinde
1331 981 1675 1045 intemeratus,
1718 982 2020 1047 impollutuS‚

192 1085 402 1137 quorum
429 1072 661 1137 vestigiis
693 1077 742 1122 et
772 1071 951 1122 studiis
984 1071 1138 1121 vitam
1168 1071 1382 1134 duxerit,
1426 1085 1600 1121 eorum
1629 1071 1793 1138 gloria
1830 1076 2024 1137 peteret

189 1161 355 1212 finem.
428 1161 624 1212 Aderat
662 1162 876 1211 consilio
915 1161 1148 1212 Rusticus
1199 1161 1480 1226 ArulenuS,
1529 1161 1752 1228 flagrans
1803 1162 2019 1226 iuveniS,

191 1257 240 1302 et
277 1252 511 1316 cupidine
539 1251 702 1301 laudis
728 1251 975 1302 offerebat
1001 1267 1057 1302 se
1094 1252 1488 1302 intercessurum
1522 1258 1726 1303 senatus
1761 1253 2020 1304 consulto:
2041 1264 2086 1298 ¹⁰

189 1357 303 1393 nam
340 1342 477 1407 plebi
514 1343 743 1392 tribunus
784 1348 907 1393 erat.
985 1342 1219 1393 Cohibuit
1258 1343 1462 1407 spiritus
1501 1343 1609 1393 eius
1657 1343 1906 1408 Thrasea,
1959 1359 2024 1395 ne

190 1449 320 1484 vana
373 1438 423 1483 et
471 1447 561 1483 reo
600 1448 701 1483 non
749 1433 1039 1498 profutura,
1099 1433 1431 1483 intercessori
1487 1433 1702 1485 exitiosa
1758 1434 2021 1499 inciperet.

192 1523 296 1574 Sibi
333 1528 493 1574 actam
532 1528 763 1587 aetatem,
805 1529 854 1573 et
885 1528 958 1573 tet
994 1538 1085 1587 per
1122 1537 1281 1573 annos
1315 1523 1604 1573 continuum
1631 1524 1766 1574 vitae
1795 1525 2025 1575 ordinem

192 1629 295 1664 non
347 1613 711 1665 deserendum:
767 1614 837 1663 illi
893 1614 1086 1663 initium
1131 1614 1511 1680 magistratuum
1565 1619 1613 1665 et
1658 1615 1857 1680 integra
1897 1631 2025 1681 quae

192 1705 459 1770 supersint.
533 1705 735 1755 Multum
772 1709 887 1755 ante
927 1720 1098 1755 secum
1140 1705 1449 1770 expenderet
1486 1705 1619 1770 quod
1658 1705 1744 1755 tali
1798 1706 1850 1755 in
1895 1711 2090 1757 tem-¹⁵

144 1778 315 1860 'pore
370 1795 716 1861 capessendae
771 1796 847 1846 rei
899 1795 1131 1860 publicae
1191 1796 1288 1846 iter
1343 1796 1714 1862 ingrederetur.
1792 1797 2024 1848 Ceterum

190 1881 316 1950 ipse,
359 1901 424 1936 an
459 1885 636 1936 venire
674 1886 726 1935 in
766 1891 993 1937 senatum
1035 1886 1257 1950 deceret,
1298 1886 1613 1950 meditationi
1648 1903 1770 1939 suae
1803 1887 2021 1953 reliquit.

105 1975 258 2027 27At
304 1980 508 2041 postera
562 1975 676 2026 luce
726 1975 856 2026 duae
903 1976 1191 2041 praetoriae
1250 1977 1488 2027 cohortes
1527 1983 1748 2028 armatae
1786 1977 2023 2042 templum

191 2066 474 2118 Genetricis
498 2066 712 2117 Veneris
740 2066 980 2117 insidere.
1043 2067 1246 2117 Aditum
1274 2072 1478 2118 senatus
1518 2067 1699 2134 globus
1738 2073 2024 2134 togatorum

308 2220 346 2260 1.
379 2219 573 2274 inferant
604 2219 816 2260 insertum
846 2219 898 2260 ab
937 2219 1118 2262 editore.
1230 2222 1271 2263 2.
1307 2227 1381 2262 aut
1414 2221 1519 2262 iussi
1546 2219 1908 2276 Bezzenberger:
1946 2232 2024 2261 co-

188 2277 307 2319 dices
339 2279 522 2334 auqusti.
660 2277 884 2319 detrahere
921 2277 1010 2320 Ma:
1046 2279 1079 2320 G
1112 2279 1369 2321 detraheret.
1496 2281 1537 2322 3.
1572 2281 1757 2334 infamia
1789 2278 1880 2321 Ma:
1914 2281 1956 2320 in
1993 2279 2026 2320 G

187 2337 352 2379 lineola
380 2338 656 2392 superposita
689 2338 915 2394 (infamia)
952 2351 1075 2379 erasa
1110 2345 1190 2380 est.
1311 2340 1350 2381 7.
1390 2339 1477 2394 inp.
1525 2337 1605 2379 Ma.
1718 2340 1786 2381 13.
1821 2340 1906 2379 uite
1938 2335 2020 2379 Ma.

191 2396 260 2438 16.
286 2397 540 2452 capessende
571 2398 695 2451 rei.p.
722 2395 799 2437 Ma.
877 2396 944 2438 18.
980 2405 1145 2438 armate
1176 2396 1255 2439 Ma.
1326 2398 1392 2440 19.
1426 2398 1614 2439 insidere
1642 2396 1725 2438 Ma:
1759 2396 2024 2439 Puteolanus

186 2456 395 2497 insedere.
454 2454 520 2497 Cf.
556 2461 704 2497 annot.
740 2455 793 2496 ad
828 2457 850 2497 1
885 2456 959 2498 30.

185 2597 269 2638 fuit
317 2596 498 2653 Auqusti
544 2599 829 2651 intentarent,
878 2601 922 2640 in
970 2601 1063 2641 eius

186 2657 383 2712 margine
414 2658 662 2711 inqererent
696 2657 842 2699 deleto
886 2660 1062 2699 nomine

185 2715 377 2770 Auqusti.
432 2715 552 2767 Quae
586 2716 659 2757 alii
693 2719 958 2759 tentaverint
986 2731 1062 2759 re-

185 2774 300 2816 ferre
331 2775 416 2815 iam
449 2774 558 2815 nihil
593 2777 763 2819 attinet.
830 2778 1060 2832 Superesse

184 2832 298 2875 idem
332 2833 447 2888 quod
477 2833 630 2874 multos
668 2834 828 2876 adesse.
893 2835 941 2876 G.
976 2836 1059 2878 26:

187 2898 226 2932 et
266 2899 455 2947 superest
501 2905 620 2947 ayer.
685 2892 865 2934 Fefellit
907 2895 1057 2947 opinio

189 2962 263 2992 eos
291 2953 363 3005 qui
398 2951 579 2993 verbum
614 2951 807 3005 elapsum
843 2954 886 2992 in
908 2965 1061 2994 corru-

186 3016 261 3063 pto
294 3010 511 3052 vocabulo
555 3012 724 3064 auyusti
774 3015 1060 3066 quaesivere:

183 3070 316 3109 immo
348 3071 393 3110 in
427 3082 478 3110 eo
516 3072 779 3111 contrarium
814 3071 1059 3126 praegressi

187 3127 375 3169 nominis
405 3143 484 3183 per
521 3130 828 3170 immanitatem
869 3130 1057 3180 delituit,

187 3192 234 3227 ut
270 3188 326 3227 sit
357 3200 435 3240 per
466 3201 586 3229 suam
630 3188 940 3228 immanitatem
985 3195 1060 3229 aut

187 3245 293 3286 iussi
326 3259 351 3286 a
394 3247 606 3300 principe.

268 3317 387 3357 quem
413 3306 754 3360 perornavisset:
791 3307 1058 3359 praepositio

187 3364 437 3404 continuum
471 3364 651 3405 ornandi
692 3370 835 3405 actum
869 3364 1060 3416 denotat,

186 3426 233 3460 ut
254 3420 314 3461 lv
334 3422 394 3464 34
419 3425 686 3477 perviyuere,
703 3426 899 3478 perferre
927 3427 1061 3478 (poe-

184 3492 260 3520 nas
293 3481 337 3521 in
370 3487 618 3538 aeternum)
651 3482 755 3537 Agr.
792 3483 864 3525 32.

274 3540 473 3581 Rusticus
516 3540 758 3582 Arulenus.-
816 3554 858 3582 v.
913 3547 1059 3583 annot.

187 3595 239 3635 ad
270 3598 375 3654 Agr.
410 3602 451 3641 2.
559 3599 698 3654 plebi.-
740 3601 962 3655 genitivus
996 3605 1062 3643 est

184 3665 261 3707 pro
290 3657 453 3711 plebei,
486 3669 574 3699 non
606 3657 791 3700 dativus.

268 3750 418 3787 Tacitus
443 3752 490 3788 11.

1259 2597 1363 2652 Cap.
1420 2599 1490 2640 27.
1549 2605 1724 2654 postera
1770 2597 1888 2639 luce.-
1936 2611 2024 2640 non

1148 2658 1266 2699 dedit
1312 2663 1358 2697 ut
1398 2657 1506 2697 alias
1546 2665 1714 2712 postero
1748 2657 1843 2698 die.-
1894 2659 2023 2699 immo

1147 2717 1366 2773 designari
1390 2716 1530 2757 voluit
1554 2729 1649 2757 cum
1673 2716 1771 2757 luce
1797 2718 2025 2758 exoriente

1146 2777 1370 2817 insolitum
1404 2777 1531 2816 istum
1555 2781 1777 2828 aspectum
1799 2775 2023 2816 hominum

1146 2835 1285 2876 oculis
1320 2834 1512 2875 oblatum
1547 2847 1658 2875 esse.

1262 2893 1458 2948 templum
1513 2893 1751 2934 Genetricis
1821 2893 2021 2934 Veneris:

1148 2951 1341 2993 condidit
1364 2952 1497 2994 Iulius
1516 2951 1674 2993 Caesar
1707 2953 1750 2992 in
1784 2952 1880 2993 foro
1914 2964 2020 3004 suo;

1147 3011 1265 3051 iuxta
1311 3017 1402 3052 erat
1448 3011 1588 3052 forum
1632 3012 1891 3066 Augustum.
1956 3011 2022 3051 De

1147 3070 1309 3123 templo
1356 3083 1397 3111 v.
1442 3071 1620 3111 Sueton.
1665 3069 1743 3110 lul.
1786 3071 1838 3111 51
1876 3074 1918 3109 et
1950 3070 2019 3111 78.

1146 3128 1228 3168 Dio
1272 3128 1399 3169 XLllI
1431 3131 1514 3178 22,
1554 3128 1685 3168 XLIV
1728 3127 1770 3168 8.
1834 3128 2019 3180 Appian.

1146 3185 1239 3228 civ.
1274 3187 1311 3228 11
1344 3186 1415 3229 68.
1482 3185 1611 3227 Curia
1643 3186 1753 3227 Iulia
1787 3198 1882 3225 cum
1915 3198 2021 3239 pro..

1144 3246 1258 3285 ximo
1311 3246 1514 3286 incendio
1572 3244 1716 3286 deleta
1762 3249 1876 3284 esset
1924 3257 2021 3285 cum

1147 3306 1306 3345 ceteris
1342 3305 1424 3345 fori
1458 3304 1637 3344 Romani
1670 3303 1904 3354 aedificiis,
1946 3316 2021 3343 se-

1148 3369 1272 3404 natus
1306 3369 1379 3403 aut
1401 3364 1443 3403 in
1473 3362 1688 3416 Capitolio
1713 3367 1786 3403 aut
1811 3362 1853 3401 iu
1874 3361 2020 3415 aliquo

1148 3422 1310 3476 templo
1343 3427 1416 3462 aut
1448 3422 1491 3462 in
1536 3421 1701 3462 Palatio
1746 3419 1892 3461 haberi
1938 3431 2020 3473 po-

1148 3482 1240 3521 tuit.
1288 3480 1354 3522 Cf.
1378 3481 1426 3521 H.
1461 3481 1475 3520 1
1506 3480 1557 3521 71
1594 3493 1688 3521 cum
1722 3479 2019 3520 annotatione.

1145 3539 1334 3580 Beckeri
1367 3538 1589 3580 Enchirid.
1635 3539 1686 3580 A.
1724 3538 1771 3579 R.
1804 3543 1833 3578 t.
1868 3536 1886 3578 1
1918 3549 2018 3592 pag.

1146 3599 1234 3641 330
1266 3611 1359 3653 sqq.
1404 3596 1503 3638 Fori
1525 3597 1622 3638 tulii
1657 3595 1864 3650 templum
1884 3595 2022 3650 elegit

1145 3656 1259 3699 Nero
1305 3655 1358 3697 ad
1399 3656 1688 3712 disponendas
1731 3655 1934 3697 cohortes
1979 3663 2022 3698 et

1701 3736 1767 3788 22
