2280 4004
84 2 387 121 :seez-f

208 316 235 352 a
264 302 313 348 G.
345 305 535 352 27-28.
781 303 944 348 LIBER
975 303 1048 348 lv.
1113 301 1218 347 CAP.
1251 301 1441 347 66—68.
1937 299 2032 344 29⁸?

210 448 436 502 custode.
512 447 650 500 Caeli
689 446 959 514 temperies
1006 446 1172 498 hieme
1226 444 1387 510 mitis,
1443 443 1646 495 obiectu
1697 441 1880 495 montis
1926 448 2024 510 quo

208 555 362 591 saeva
416 544 680 591 ventorum
735 543 997 601 arcentur3
1051 542 1218 588 aestas
1270 536 1323 586 in
1371 535 1644 587 Favonium
1702 534 1921 586 obversa
1979 538 2028 585 et

210 634 384 696 aperto
434 630 623 680 circum
668 629 855 695 pelago
896 642 1204 694 peramoena
1217 645 1231 691 3
1285 615 1741 693 prospectabatque
1786 625 2028 692 pulcher-

207 721 386 772 rimum
436 721 630 783 sinum,
696 725 959 785 antequam
1003 719 1251 771 Vesuvius
1299 732 1445 771 mons
1510 717 1787 771 ardescens
1843 715 2027 769 faciem

209 808 310 865 loci
346 815 583 863 verteret
659 810 888 864 Graecos
922 826 981 862 ea
1014 810 1239 861 tenuisse
1257 810 1579 875 Capreasque
1615 807 1849 860 Telebois
1878 807 2066 861 habi-5
2138 798 2265 874 ><Y

210 906 336 954 tatas
363 902 494 954 fama
532 901 699 953 tradit.
774 902 874 953 Sed
901 907 1001 952 tum
1027 901 1256 953 Tiberius
1294 900 1562 981 duodecim
1596 899 1825 951 villarum
1862 899 2030 951 norni-
2158 911 2250 946 *a
2274 935 2280 944 ..

207 993 355 1045 nibus
393 998 442 1045 et
456 993 692 1067 molibus
731 993 1021 1057 insederat,
1066 997 1251 1059 quanto
1287 973 1505 1044 intentus
1543 992 1661 1043 olim
1699 970 1928 1058 publicas
1966 991 2087 1044 ad
2074 1032 2085 1061 ,
2136 1005 2196 1049 >²2

204 1061 447 1148 ἶιῖἶέἶε,
453 1089 591 1135 tanto
642 1084 870 1135 occultos
926 1084 977 1133 in
1026 1065 1172 1134 luxus
1223 1089 1273 1135 et
1320 1083 1501 1134 malum
1553 1083 1708 1133 otium
1759 1082 2030 1135 resolutus.

203 1175 438 1229 Manebat
492 1175 675 1241 quippe
732 1174 1076 1241 suspicionum
1129 1179 1179 1226 et
1231 1174 1474 1227 credendi
1529 1174 1814 1238 temeritaS,
1886 1181 2031 1240 quani

206 1265 421 1318 Seianus
453 1281 644 1333 augere
684 1265 833 1317 etiam
870 1266 922 1317 in
960 1265 1087 1316 urbe
1113 1269 1284 1316 suetus
1323 1265 1491 1316 acrius
1530 1265 1764 1316 turbabat
1797 1280 1900 1316 non
1934 1265 2032 1316 iam
2052 1276 2097 1314 ιο

209 1356 421 1407 occultis
458 1356 728 1407 adversum
750 1356 1081 1424 Agrippinam
1122 1360 1170 1406 et
1197 1357 1450 1407 Neronem
1483 1355 1700 1407 insidi1s.
1776 1356 1899 1418 Quis
1939 1356 2036 1407 ad÷

209 1446 340 1498 ditus
377 1445 522 1497 miles
559 1447 762 1498 nuntios
772 1446 1053 1510 introituS,
1094 1451 1285 1526 aperta
1305 1452 1521 1510 secreta,
1563 1446 1701 1497 velut
1737 1446 1788 1497 in
1825 1447 2034 1499 annales

208 1536 496 1600 referebat3
558 1536 791 1603 ultroque
833 1537 1154 1588 struebantur
1199 1537 1310 1603 qui
1335 1542 1601 1589 monerent
1649 1538 1922 1605 perfugere
1971 1537 2035 1589 ad
2081 1539 2124 1563 s

211 1627 512 1681 Germaniae
540 1629 811 1693 exercitus,
835 1628 915 1679 vel
935 1627 1275 1713 celeberrimo
1309 1628 1407 1680 sori
1439 1628 1659 1696 effigiem
1693 1629 1795 1680 divi
1817 1621 2092 1710 Augusti}
2090 1602 2184 1648 ss
2177 1614 2280 1716 ζῇ

210 1719 442 1784 amplecti
466 1719 801 1786 populumque
835 1735 896 1770 ac
925 1724 1153 1771 senatum
1180 1720 1366 1770 auxilio
1397 1734 1602 1770 vocare.
1661 1720 1834 1786 anue
1866 1726 2034 1787 spreta
2054 1742 2137 1780 η
2117 1718 2280 1800 ‘sas

209 1809 271 1860 ab
309 1810 436 1874 illis,
474 1810 611 1861 velut
644 1816 908 1876 pararent,
954 1810 1320 1862 obiciebantur.

329 2083 369 2124 5.
403 2082 616 2125 telelehois
648 2083 701 2125 M.
735 2082 813 2124 tele
846 2083 890 2123 in
922 2083 1008 2125 fine
1041 2095 1208 2125 versus.

211 2141 250 2182 M
284 2142 504 2183 occultior.
595 2142 637 2185 9.
671 2142 891 2199 suspition.
927 2142 979 2184 M.

212 2285 418 2338 repetivit
470 2284 684 2338 Orellius;
730 2286 808 2328 sed
849 2287 970 2329 nulla
1013 2293 1078 2330 est

212 2345 431 2398 oppositio
457 2345 569 2386 inter
585 2345 770 2387 intentus
787 2352 830 2388 et
855 2347 1076 2399 occultior,

212 2416 355 2457 neque
387 2403 511 2445 luxus
542 2405 585 2445 in
618 2405 870 2447 universum
905 2405 1077 2448 Tiberio

212 2462 319 2503 vitio
337 2461 426 2503 dari
445 2469 659 2517 poterant,
687 2465 762 2506 sed
782 2466 1077 2506 tantummodo

212 2521 368 2562 occulti
400 2521 538 2574 luxus,
573 2522 614 2564 h.
637 2536 675 2564 e.
711 2523 916 2566 libidines
945 2538 969 2565 a
996 2525 1078 2566 'l'a-

212 2581 298 2621 cito
333 2579 388 2621 Vl
424 2583 444 2622 1
480 2582 720 2637 expositae.
783 2583 828 2624 In
865 2585 1080 2638 scriptura

211 2638 486 2681 Gronoviana
541 2640 654 2683 bene
701 2655 748 2683 se
792 2642 923 2685 habet
967 2645 1078 2685 ratio

213 2700 525 2740 contrariorum
553 2700 749 2756 publicas
784 2702 842 2743 ad
870 2717 997 2744 curas
1023 2729 1077 2735 -

211 2759 396 2800 occultos
426 2761 473 2800 in
506 2759 629 2800 luz-us
676 2767 715 2801 et
745 2761 903 2803 malum
935 2763 1077 2815 otium,

212 2819 313 2859 item
349 2825 504 2871 quanto
537 2819 723 2860 intentus
756 2845 811 2851 -—
853 2827 970 2862 tanto
1005 2836 1079 2862 re..

211 2876 383 2917 solutus.
451 2876 614 2918 Malum
661 2879 790 2920 otium
847 2879 953 2921 dicit
1000 2882 1078 2921 otii

214 2933 475 2987 Capreensis
506 2937 747 2978 saevitiam.

278 2994 449 3034 vivantios
468 2994 682 3047 introitus,
707 3003 862 3051 aperta
884 3005 1077 3039 secreta.-

213 3065 254 3092 v.
296 3051 348 3092 ad
393 3051 448 3092 xl
486 3052 528 3094 6.
653 3054 925 3097 celeberrimo
958 3059 1074 3125 fori.
1067 3072 1077 3082 ·

213 3111 383 3165 quando
427 3111 567 3152 forum
613 3111 859 3155 hominibus
893 3117 1078 3158 maxime

214 3170 416 3223 frequens
453 3176 583 3212 esset.
642 3171 706 3214 De
741 3179 861 3227 parte
894 3173 976 3215 fori
1002 3189 1078 3216 ce-

215 3225 445 3269 leberrima
477 3241 563 3269 non
596 3236 714 3271 lecte
746 3233 917 3285 accepit
942 3234 1078 3286 Wop-

215 3285 408 3326 kensius.
454 3286 738 3330 Celeberrimo
765 3292 854 3344 sori
879 3297 924 3331 ut
943 3293 1077 3332 medio

214 3344 299 3384 diei
317 3343 415 3384 XlV
440 3347 482 3395 2,
514 3346 649 3386 medio
668 3350 865 3403 temporis
887 3349 982 3390 Xlll
1006 3351 1077 3402 28,

213 3402 311 3444 XIV
346 3403 416 3454 53,
451 3402 500 3444 Η.
535 3402 673 3446 1153.

302 3475 433 3515 eaque
457 3486 511 3493 -—
534 3462 850 3504 obiciebantur·
840 3495 848 3503 .
884 3464 1078 3518 piuden-

215 3525 280 3560 ter
328 3519 558 3561 Cornelius
611 3521 714 3562 duas
766 3535 833 3562 res
854 3555 864 3574 ‚
922 3523 1077 3577 quibus

214 3581 442 3633 perspicua
475 3579 634 3621 indicia
691 3582 824 3621 tristis
879 3581 1077 3623 fortunae

217 3635 456 3680 Germanici
478 3640 664 3693 posteris
684 3640 946 3683 imminentis
965 3653 1074 3683 con-

216 3696 486 3751 tinebantur,
518 3701 579 3741 ita
611 3698 845 3756 disposuit,
889 3706 935 3742 ut
979 3702 1073 3756 pri-

125 1905 195 1954 68
300 1901 490 1956 Iunio
518 1901 689 1959 Silano
731 1906 780 1959 et
815 1901 938 1960 Silio
961 1903 1127 1961 Nerva
1170 1902 1461 1960 consulibus
1500 1902 1704 1961 foedum
1735 1903 1853 1956 anni
1891 1905 2035 1975 prin-

1299 2084 1341 2126 8.
1377 2083 1562 2124 occultos
1593 2082 1625 2126 I.
1660 2083 1728 2126 Fr.
1765 2083 2034 2126 Gronovius:

1078 2143 1146 2185 17.
1182 2156 1265 2184 cos.
1301 2155 1397 2184 cum
1427 2142 1504 2185 lin.
1539 2143 1594 2186 M.

1164 2301 1240 2330 ore
1283 2288 1452 2330 annalis
1506 2290 1694 2331 narratio
1747 2287 2037 2331 concludere-

1164 2354 1246 2400 tur,
1274 2347 1326 2389 ab
1358 2347 1493 2392 altera
1533 2350 1637 2391 novi
1681 2350 1782 2392 anni
1815 2348 2038 2392 historiam

1164 2407 1405 2449 inchoaret.

1259 2465 1363 2521 Cap.
1397 2466 1468 2509 68.
1535 2466 1658 2507 Iunio
1694 2467 1845 2508 Silano
1869 2473 1907 2508 et
1925 2467 2036 2509 Silio

1168 2526 1338 2567 Nerva.-
1388 2526 1744 2567 coniunctionem
1790 2533 1854 2579 et,
1909 2540 2036 2582 quam

1165 2585 1272 2626 alias
1306 2586 1349 2625 in
1378 2584 1606 2626 consulum
1631 2585 1881 2626 nominibus
1904 2587 2038 2627 omit-

1165 2650 1259 2685 tere
1293 2644 1432 2697 solet,
1483 2643 1672 2698 prudens
1720 2643 1761 2686 h.
1801 2644 1829 2686 l.
1865 2645 2039 2687 videtur

1166 2702 1443 2756 adhibuisse,
1493 2717 1548 2745 ne
1592 2703 1745 2745 Silano
1779 2703 1887 2745 Silio
1930 2718 2038 2747 con..

1168 2769 1392 2805 currentes
1436 2762 1611 2803 sibilum
1660 2762 1902 2805 efficerent.
1967 2764 2039 2806 Sic

1164 2821 1260 2862 xlv
1294 2823 1350 2865 29
1385 2821 1573 2876 legimus
1604 2821 1814 2863 Caesonio
1837 2821 1965 2864 Paeto
1998 2830 2036 2865 et

1163 2879 1362 2923 Petronio
1408 2880 1672 2936 Turpiliano,
1706 2894 1761 2922 ne
1794 2881 1924 2923 Paeto
1950 2881 2034 2924 Pe-

1163 2940 1303 2980 tronio
1338 2941 1553 2996 ingratum
1587 2952 1742 2981 sonum
1785 2941 2032 2995 praeberet.

1162 2998 1262 3039 Alia
1294 2997 1517 3041 addendae
1547 2999 1760 3053 particula
1780 3013 1910 3041 causa
1933 3001 1969 3042 V
1995 3002 2034 3043 1:

1163 3058 1357 3099 Rubellio
1382 3065 1421 3099 et
1439 3058 1551 3111 Fufio
1577 3058 1830 3111 consulibus,
1859 3073 2034 3113 quorum

1160 3112 1326 3170 utrique
1352 3117 1550 3158 Geminus
1579 3125 1901 3172 coynomentum
1923 3124 2031 3159 erat.

1164 3175 1307 3216 Semel
1349 3181 1492 3216 tamen
1525 3176 1621 3216 sine
1656 3175 1868 3216 eiusmodi
1902 3188 2034 3217 causa

1163 3234 1241 3274 XV
1274 3235 1330 3275 23
1363 3234 1536 3285 scripsit
1572 3233 1767 3273 Memmio
1799 3235 1962 3290 Requlo
1995 3241 2033 3276 et

1174 3292 1370 3345 Veryinio
1437 3292 1549 3346 Ruso
1608 3291 1863 3335 consulibus.
1928 3293 2036 3335 Item

1163 3349 1297 3390 semel
1333 3357 1372 3390 et
1405 3350 1664 3404 interposuit
1701 3350 1773 3391 ubi
1807 3353 2034 3394 consulum

1163 3409 1337 3449 nomina
1384 3408 1520 3461 primo
1564 3421 1666 3449 casu
1700 3410 1856 3452 extulit
1889 3411 1947 3453 v1
1985 3415 2034 3454 1:

1165 3467 1336 3508 (Ancaeus
1362 3467 1572 3508 Domitius
1604 3475 1643 3508 et
1671 3467 1876 3512 Camillus
1907 3472 2033 3515 scri..

1164 3526 1372 3566 bonianus
1385 3526 1651 3568 consulatum
1663 3528 1869 3572 inierant.
1893 3530 2034 3574 Aliter

1165 3585 1220 3624 Vl
1263 3585 1343 3626 45:
1387 3586 1575 3640 supremi
1620 3586 1782 3629 Tiberio
1823 3590 2030 3645 consules,

1165 3643 1333 3686 Gnaeus
1365 3643 1628 3687 Acerronius
1671 3645 1803 3690 Gaius
1842 3648 2028 3703 Pontius,

1162 3704 1454 3758 maqistratum
1477 3717 1691 3760 occepere.
