2280 4004
234 272 292 317 13
1003 266 1298 322 ANNALwn
1707 308 1720 313 ⁷-
1795 297 1836 329 a.
1867 270 1913 329 ui
1944 271 2049 333 800.

230 429 496 482 usurpans,
525 414 820 467 theatralem
855 415 1026 481 populi
1057 416 1540 472 lasciviamseveris
1575 420 1757 475 edictis
1790 422 2059 492 increpuit,

233 507 365 573 quod
407 508 458 557 in
495 505 718 556 Publium
751 505 1079 573 Pomponium
1128 509 1450 563 consularem
1498 512 1569 575 (is
1607 504 1832 566 carmina
1869 526 2061 568 scenae·

232 597 409 662 dabat)
463 597 614 662 inque
649 597 863 650 feminas
903 599 1143 652 inlustres
1191 602 1380 667 probra
1429 603 1638 664 iecerat.
1712 604 1775 656 Et
1808 605 1926 674 lege
1958 606 2059 660 lata

228 688 492 739 saevitiam
534 689 842 741 creditorum
898 693 1154 758 coercuit,
1215 709 1280 745 ne
1328 694 1380 745 in
1417 701 1629 748 mortem
1663 703 1926 764 parentum
1964 714 2061 766 pe-

189 779 403 833 scunias
454 778 569 830 filiis
615 780 917 833 familiarum
972 767 1138 835 fenori
1193 784 1387 836 darent.
1483 787 1770 854 Fontesque
1817 797 2059 855 aquarum

227 869 528 923 Simbruinis
559 871 772 924 collibus
806 873 1054 927 deductos
1086 875 1196 926 urbi
1233 876 1411 928 intulit.
1457 877 1563 929 'Ac
1590 893 1752 931 novas
1781 879 2059 932 litterarum

227 961 417 1014 formas
457 963 652 1014 addidit
687 964 1045 1032 vulgavitque,
1101 973 1360 1034 comperto
1400 968 1646 1021 Graecam
1685 985 1886 1038 quoque
1920 971 2060 1024 litte-

225 1059 446 1106 raturam
483 1069 587 1106 non
623 1055 771 1108 simul
810 1063 1039 1124 coeptam
1076 1059 1474 1127 absolutamque.
1548 1062 1698 1114 Primi
1738 1077 1832 1129 per
1867 1062 2057 1131 figuras
2074 1059 2145 1109 14

227 1145 513 1197 animalium
543 1147 784 1215 Aegyptii
820 1163 1001 1200 sensus
1031 1151 1212 1202 mentis
1247 1151 1558 1220 effingebant
1583 1161 1672 1216 (ea
1709 1153 2059 1220 antiquissima

163 1238 534 1294 somonimenta
571 1238 849 1290 memoriae
892 1239 1141 1293 humanae
1187 1242 1420 1308 inpressa
1461 1244 1598 1296 saxis
1638 1249 1966 1310 cernuntur),
2010 1249 2060 1296 et

224 1328 502 1381 litterarum
541 1335 702 1382 semet
735 1331 1031 1384 inventores
1070 1334 1366 1399 perhibent3
1417 1335 1538 1386 inde
1572 1336 1888 1402 PhoenicaS,
1939 1335 2055 1402 quia

224 1421 350 1472 mari
386 1421 796 1488 praepollebant,
845 1423 1077 1476 intulisse
1113 1424 1393 1492 Graeciae,
1458 1426 1778 1494 gloriamque
1825 1426 2057 1494 adeptos,

223 1515 475 1578 tamquam
540 1514 860 1579 reppererint
917 1530 1047 1581 quae
1106 1521 1427 1583 acceperant.
1537 1516 1732 1583 Quippe
1791 1516 1925 1569 fama
1983 1521 2061 1569 est

225 1602 464 1655 Cadmum
506 1604 671 1656 classe
704 1605 1011 1657 Phoenicum
1058 1612 1259 1659 vectum
1296 1607 1507 1659 rudibus
1546 1607 1712 1659 adhuc
1748 1599 2060 1661 Graecorum

340 1759 382 1801 2.
417 1758 473 1815 is]
510 1757 576 1799 his
610 1770 733 1799 eraso
766 1758 795 1800 Ιι
819 1758 899 1801 Ma.
973 1761 1015 1803 3.
1049 1761 1195 1818 inque]
1229 1761 1369 1816 inquit
1385 1774 1436 1816 pr
1457 1758 1538 1814 Ma,
1561 1766 1609 1802 ut
1635 1759 1820 1803 videtur.
1889 1761 1955 1804 ill.
1974 1760 2055 1804 Ma.

222 1816 264 1859 4.
303 1824 435 1858 morte
467 1815 575 1858 -Ma,
623 1820 814 1860 correxit
852 1818 1042 1873 Lipsius,
1182 1820 1224 1863 6.
1269 1821 1527 1862 Simbruinis
1568 1819 1831 1862 Rhenanus:
1873 1819 1942 1863 Ma
1980 1822 2055 1863 sub

224 1876 460 1929 Inbruinis,
492 1878 577 1918 lac.
613 1876 859 1920 Gronovius
893 1879 946 1920 ab
978 1879 1135 1920 Simbr.
1246 1880 1365 1921 urbis
1397 1893 1446 1934 pr
1480 1877 1558 1932 Ma,
1588 1885 1636 1919 ut
1665 1879 1869 1934 videtui-3
1901 1879 2056 1922 ultima

223 1935 320 1978 scil.
354 1935 438 1978 litt.
475 1949 599 1978 erasa
634 1943 714 1979 est.
778 1938 819 1980 7.
853 1951 1013 1993 quoque
1042 1950 1248 1994 qraecam
1287 1938 1409 1981 GMa:
1446 1940 1636 1980 correxit
1654 1938 1840 1993 Lipsius.
1901 1939 1945 1982 8.
1980 1954 2056 1982 cc-

217 2002 338 2052 ptam
367 1994 448 2080 M}
540 1995 581 2039 9.
617 2011 669 2038 ea
698 1996 901 2052 Lipsius:
936 1996 1039 2040 GMa
1071 2005 1124 2040 et.
1203 2001 1272 2044 12.
1302 1999 1479 2056 greciae
1507 1996 1588 2041 Ma.
1655 1997 1724 2042 14.
1754 1999 1944 2055 fenicum
1973 1995 2055 2043 Ma.

223 2069 342 2111 yrec.
376 2055 414 2097 Μ
447 2087 456 2097 .

223 2177 275 2220 N.
313 2178 360 2221 ll.
395 2179 430 2220 X
464 2180 519 2223 2:
569 2178 729 2221 allatus
761 2186 822 2221 est
856 2179 1098 2237 (phoenix)

227 2245 266 2279 el
284 2240 330 2280 in
350 2238 511 2292 urbem,
548 2238 722 2281 Claudii
749 2241 962 2295 principis
996 2254 1101 2282 cen-

1152 2179 1355 2222 ''l'acitus
1400 2181 1499 2223 XIV
1542 2182 1613 2225 22.
1678 2179 1937 2236 Corruptela
1991 2178 2057 2224 Ma

1182 2241 1256 2282 sub
1301 2241 1521 2282 Inbruinis
1565 2239 1638 2295 (G
1679 2241 1753 2282 sub
1795 2241 2052 2298 imbruim’s)

225 2311 344 2349 sura,
377 2311 493 2339 anno
525 2299 644 2340 urbis
674 2296 840 2340 DCCC.

304 2356 349 2399 P.
385 2357 662 2414 Pomponium
693 2358 993 2399 consularem:
1030 2365 1096 2400 est

225 2415 489 2471 Pomponius
541 2417 792 2469 Secundus,
853 2417 932 2458 sub
993 2417 1099 2459 Gaio

227 2475 414 2518 Caesare
448 2491 485 2519 a.
520 2477 575 2520 41
611 2477 766 2518 consul
788 2478 1015 2530 suffectus,
1047 2477 1101 2519 de

226 2548 311 2590 quo
358 2536 445 2577 dixi
492 2536 545 2577 ad
600 2537 635 2577 V
678 2536 720 2578 8.
795 2535 957 2576 Verum
1006 2538 1100 2577 eius

225 2607 489 2648 praenomen
530 2597 574 2635 in
620 2595 772 2636 codice
803 2593 870 2635 Ma
902 2595 1101 2635 omnibus

226 2654 316 2695 suis
350 2653 507 2694 litteris
553 2666 833 2707 expressum,
885 2654 927 2694 h.
967 2654 996 2694 l.
1030 2655 1100 2693 in-

226 2719 476 2767 corruptum
523 2714 788 2766 permansit:
838 2712 951 2753 infra
999 2712 1100 2766 (Xll

226 2772 306 2829 28)
342 2772 455 2814 idem
491 2771 626 2828 vulgo
653 2771 729 2813 sed
754 2783 981 2825 perperam
1011 2771 1101 2812 Lu-

227 2833 316 2873 cius
349 2832 602 2886 Pomponius
634 2838 830 2873 vocatur.
894 2830 978 2871 Dio
1012 2843 1098 2871 nou

224 2892 366 2932 minus
402 2891 512 2932 falso
544 2891 743 2942 Quintum
779 2891 975 2930 nominat
1010 2890 1100 2932 LIX

225 2950 277 2993 6:
328 2963 425 2990 nam
474 2951 653 3002 Quintus
695 2950 830 2991 frater
872 2949 1100 3002 Pomponii

225 3009 531 3050 nominabatur
550 3008 706 3064 (Tacit.
730 3008 787 3049 Vl
815 3008 907 3065 18),
932 3014 975 3049 et
999 3008 1101 3049 hinc

231 3082 351 3110 error
375 3068 533 3110 Dionis
564 3074 688 3110 natus
723 3073 803 3109 est.

319 3136 356 3170 el
391 3127 481 3182 legye
525 3128 618 3169 lata
650 3153 705 3160 —
737 3126 882 3183 fenori
922 3126 1099 3167 darent.-

228 3187 372 3243 legem
409 3188 515 3229 dicit
550 3193 727 3228 senatus
751 3184 998 3228 consultum
1026 3199 1101 3226 re-

227 3247 399 3289 ferente
424 3249 623 3301 principe
645 3247 836 3298 sactum3
871 3258 911 3287 V.
937 3244 967 3287 l.
1000 3246 1020 3286 1
1048 3244 1099 3286 D.

229 3306 278 3347 de
299 3314 591 3349 senatuscons.
642 3306 960 3348 Macedoniano
977 3303 1100 3359 (XIV

228 3366 295 3421 6).
347 3366 540 3407 Eandem
570 3365 716 3421 legem
739 3364 908 3406 rettulit
931 3365 1101 3418 Vespa-

227 3424 401 3466 sianus:
438 3426 616 3466 Sueton.
656 3427 722 3466 11.

313 3487 533 3539 sontesque
565 3498 799 3538 aquarum:
830 3484 886 3525 cf.
919 3483 1096 3524 Sueton.

228 3540 379 3585 Claud.
415 3544 486 3586 20.
520 3543 686 3585 Plinius
708 3543 884 3585 XXXVI
909 3546 966 3586 24
990 3542 1094 3597 (15)

227 3603 271 3651 δ.
310 3603 376 3644 10.
403 3601 606 3651 ¹Frontin.
641 3602 694 3642 de
729 3601 925 3657 Aquaed.
950 3603 994 3653 ς.
1024 3599 1091 3643 14.

225 3658 457 3716 Inscriptio
501 3663 544 3703 in
592 3659 745 3707 Orellii
790 3673 973 3720 corpore
1020 3660 1090 3706 54.

1185 2313 1239 2341 ex
1279 2300 1537 2341 Simbruinis
1578 2299 1680 2341 inde
1721 2305 1823 2342 nata
1865 2300 2053 2353 videtur,

1184 2358 1297 2414 quod
1332 2359 1532 2400 librarius
1566 2359 1639 2414 qui
1666 2361 1841 2414 scripsit
1858 2359 2055 2402 codicem

1183 2417 1250 2460 Ma
1280 2419 1325 2459 in
1358 2419 1413 2471 S,
1460 2431 1483 2459 a
1516 2418 1774 2460 Simbruinis
1805 2431 1909 2460 casu
1940 2431 2055 2474 quo-

1184 2478 1280 2519 dam
1314 2478 1528 2529 discreto,
1579 2483 1726 2519 notam
1759 2477 2055 2533 praepositio-

1183 2539 1251 2579 nis
1285 2537 1358 2578 sub
1391 2551 1439 2578 se
1472 2549 1715 2592 agnoscere
1748 2537 1963 2579 crederet.

1284 2596 1387 2649 Cap.
1443 2598 1510 2638 14.
1574 2595 1814 2637 Phoenicas
1845 2621 1902 2628 —-
1931 2598 2053 2638 intu-

1183 2654 1280 2694 lisse
1304 2655 1542 2697 Graeciae:
1575 2654 1631 2696 cf.
1656 2653 1902 2696 Herodotus
1928 2654 2049 2697 V58.

1182 2712 1349 2754 Plinius
1400 2713 1450 2755 N.
1503 2712 1553 2754 H.
1617 2713 1692 2754 Vn
1741 2714 1827 2756 57:
1884 2713 2053 2756 litteras

1181 2787 1345 2827 semper
1367 2772 1559 2813 arbitror
1575 2771 1778 2827 Assyrias
1807 2773 1953 2828 fuisse,
1978 2772 2055 2814 sed

1182 2831 1261 2872 alii
1313 2832 1427 2887 apud
1468 2831 1697 2886 Aeyyptios
1737 2845 1767 2873 a
1814 2831 2050 2884 Mercurio,

1180 2898 1227 2932 ut
1250 2891 1411 2932 Gellius
1437 2890 1695 2946 (Annalium
1721 2891 1949 2949 scriptor),
1973 2891 2054 2933 alii

1182 2951 1297 3005 apud
1315 2952 1447 3005 Syros
1478 2957 1672 3006 repertas
1699 2949 1870 3002 volunl3
1909 2951 2052 3006 ulique

1180 3012 1227 3050 in
1262 3010 1492 3051 Graeciam
1540 3009 1733 3051 intulisse
1776 3024 1798 3051 e
1840 3009 2051 3052 Phoenice

1184 3068 1389 3110 Cadmum
1420 3068 1603 3110 sedecim
1634 3082 1826 3110 numero.
1891 3068 2051 3120 Quibus

1188 3127 1371 3168 Troiano
1409 3127 1515 3168 bello
1541 3126 1811 3168 Palamedem
1841 3127 2049 3169 adiecisse

1182 3194 1379 3240 quattuor
1400 3187 1484 3227 hac
1499 3187 1643 3242 fiqura
1665 3187 1852 3240 ΘΞΦΧ,
1879 3187 2050 3229 tolidem

1176 3253 1272 3301 post
1305 3246 1566 3287 Simonidem
1595 3246 1813 3298 melicum,
1855 3246 2046 3289 ΖΗΨΩ.

1181 3306 1372 3356 Quarum
1404 3306 1589 3346 omnium
1618 3306 1682 3346 vis
1713 3306 1761 3346 in
1794 3306 1953 3347 noslm's
1973 3319 2048 3347 re-

1181 3367 1466 3420 cognoscitur.
1589 3365 1898 3406 Demaraeum=
1929 3362 2045 3406 conf.
2073 3418 2079 3424 ἢ

1180 3424 1345 3465 Plinius
1387 3423 1545 3465 XXXV
1585 3425 1668 3476 43,
1725 3423 1874 3465 Livius
1913 3421 1932 3463 Ῑ
1971 3422 2045 3464 34.

1184 3483 1450 3524 Niebuhrius
1495 3484 1544 3525 Η.
1589 3483 1712 3524 Rom.
1757 3489 1788 3525 t.
1825 3482 1842 3523 1
1884 3493 1926 3535 p.
1959 3479 2048 3524 394

1183 3548 1226 3584 et
1257 3545 1346 3585 414
1376 3556 1439 3597 sq.
1476 3543 1543 3584 ed.
1578 3547 1676 3583 tert.

1252 3608 1336 3643 tres
1361 3601 1526 3643 litteras
1544 3601 1701 3642 adiecit
1715 3612 1730 3639 .·
1759 3598 1883 3639 fuere
1904 3608 2046 3639 novae

1180 3661 1353 3705 litterae
1371 3660 1602 3707 Aeolicum
1626 3659 1841 3721 digamma
1871 3657 2047 3703 inversa
