2280 4004
261 296 322 340 33
739 270 748 275 '
1037 287 1328 333 Amnum
1835 305 1876 336 a.
1890 284 1952 338 ῖιι.
1971 286 2088 341 ι804.

265 439 316 488 et
351 439 462 487 orta
499 449 564 486 ex
595 435 812 498 utroque
847 429 992 482 tabes
1030 429 1312 496 perpellunt
1340 429 1635 498 Vologesen
1672 429 1904 484 omittere
1940 445 2094 500 prae-
2148 467 2154 471 -

266 525 446 578 sentia.
543 523 869 588 vacuamque
926 535 1102 573 rursus
1159 520 1452 572 Armeniam
1508 521 1828 573 Radamistus
1884 522 2085 588 invasit,

265 613 598 666 truculentior
636 627 783 678 quam
828 616 1002 676 antea,
1048 616 1300 678 tamquam
1340 611 1584 664 adversus
1627 611 1916 664 defectores
1957 613 2091 665 etin

265 708 493 769 tempore
529 701 883 754 rebellaturos.
957 702 1126 772 Atque
1163 701 1252 766 illi,
1295 702 1521 768 quamvis
1559 702 1768 754 servitio
1805 703 1959 769 sueti,
1995 718 2091 770 pa-

226 793 488 846 stientiam
522 794 819 859 abrumpunt
848 793 1103 859 armisque
1129 793 1324 861 regiam
1354 793 1768 846 circumveniunt.
1827 794 1935 847 Nec
1959 794 2095 847 aliud
2109 786 2175 836 51

263 885 558 938 Radamisto
598 884 879 937 subsidium
923 884 1016 936 fuit
1055 898 1202 950 quam
1241 884 1515 950 pernicitas
1556 900 1817 952 equorum,
1859 886 1970 952 quis
2003 901 2092 938 se-

264 990 361 1043 que
403 981 452 1028 et
494 976 762 1043 coniugem
817 975 1035 1027 abstulit.
1126 975 1227 1029 Sed
1276 976 1461 1027 coniux
1511 976 1726 1044 gravida
1763 976 1974 1044 primam
2011 981 2096 1028 ut-

265 1082 478 1134 cumque
508 1068 678 1135 fugam
707 1068 771 1118 ob
798 1072 980 1119 metum
1011 1066 1244 1118 hostilem
1272 1071 1321 1118 et
1343 1067 1796 1120 mariticaritatem
1832 1067 2070 1120 toleravit
2081 1085 2096 1132 3

262 1163 380 1224 post
406 1158 730 1210 festinatione
765 1158 1022 1223 continua,
1050 1158 1135 1209 ubi
1165 1158 1299 1224 quati
1321 1163 1493 1210 uterus
1520 1164 1570 1210 et
1592 1159 1793 1211 viscera
1814 1159 2093 1224 vibrantur,

204 1262 418 1303 morare
461 1256 516 1300 ut
567 1254 730 1301 morte
781 1249 996 1301 honesta
1053 1249 1371 1301 contumeliis
1428 1249 1731 1316 captivitatis
1769 1250 2090 1303 eximeretur.

266 1342 354 1393 Ille
391 1340 553 1407 primo
597 1339 830 1406 amplecti
864 1339 1103 1392 adlevare
1147 1339 1432 1404 adhortari,
1469 1339 1622 1392 modo
1658 1340 1894 1392 virtutem
1932 1340 2098 1392 admi-

265 1446 403 1495 ranS,
443 1431 596 1482 modo
623 1431 805 1482 timore
836 1445 1009 1498 aeger,
1046 1446 1112 1482 ne
1137 1430 1248 1497 quis
1275 1430 1453 1483 relicta
1486 1434 1761 1497 poteretur.
1834 1430 2095 1483 Postremo

265 1521 509 1574 violentia
546 1521 753 1586 amoriS,
795 1526 844 1572 et
869 1521 1153 1573 facinorum
1188 1536 1292 1572 non
1317 1522 1476 1587 rudis,
1518 1521 1790 1589 destringit
1828 1522 2092 1588 acinacen,

266 1612 682 1678 vulneratamque
714 1611 874 1678 ripam
896 1613 960 1664 ad
980 1613 1168 1664 Araxis
1202 1613 1371 1678 trahit,
1411 1612 1602 1665 flumini
1631 1612 1799 1678 tradit,
1827 1617 1883 1664 ut
1911 1627 2096 1681 corpus

205 1710 251 1746 1⁵
269 1703 416 1754 etiam
454 1703 754 1755 auferretur.
832 1704 944 1769 Ipse
983 1718 1231 1770 praeceps
1280 1704 1497 1755 Hiberos
1526 1703 1590 1754 ad
1629 1703 1844 1770 patrium
1884 1719 2098 1772 regnum
2167 1697 2174 1738 ἶ

265 1795 513 1862 pervadit.
589 1795 793 1846 Interim
833 1795 1108 1847 Zenobiam
1161 1794 1238 1857 (id
1276 1795 1475 1847 mulieri
1513 1804 1725 1861 nomen)
1760 1795 1962 1861 placida
2016 1795 2101 1846 in-

264 1886 400 1938 luvie
438 1886 710 1952 spirantem
750 1901 811 1936 ac
857 1885 993 1937 vitae
1039 1886 1358 1937 manifestam
1415 1886 1684 1937 advertere
1724 1890 1989 1952 pastores,
2053 1891 2103 1938 et

267 1976 512 2044 dignitate
550 1976 746 2028 formae
784 1975 918 2027 haud
959 1976 1267 2044 degenerem
1306 1981 1596 2042 reputantes
1634 1975 1864 2043 obligant
1898 1975 2096 2040 vulnuS,

269 2068 494 2134 agrestia
531 2066 869 2118 medicamina
907 2066 1177 2132 adhibent,
1223 2067 1531 2134 cognitoque
1565 2066 1770 2118 nomine
1808 2071 1858 2119 et
1890 2081 2012 2119 casu
2048 2066 2101 2117 in

392 2203 430 2243 1.
459 2199 703 2256 perpellunt
733 2200 766 2242 B
800 2214 825 2241 a
856 2213 946 2242 rec.
974 2213 1030 2243 m.
1062 2206 1106 2242 et
1131 2200 1397 2243 Rhenanus:
1431 2199 1497 2244 Ma
1517 2200 1772 2257 percellunt.
1864 2202 1907 2244 3.

268 2257 350 2301 Ma.
443 2260 485 2302 4.
520 2259 751 2302 bellaturos
782 2258 871 2301 Ma:
906 2261 1096 2301 correxit
1127 2260 1378 2302 Rhenanus.
1471 2261 1512 2304 5.

270 2318 414 2359 datum
449 2320 493 2360 in
527 2318 654 2361 ABG.
751 2320 791 2362 7.

269 2378 435 2419 mirans
467 2376 546 2420 Ma.

269 2438 440 2492 {lumine
472 2450 523 2491 pr
553 2435 634 2479 Ma.

275 2495 344 2539 18.
376 2499 515 2552 forme
547 2494 628 2539 Ma.

1941 2213 2096 2256 quanq.

1547 2261 1799 2302 circuueunt
1817 2258 1879 2301 Ma
1900 2274 1912 2302 t
1945 2273 2101 2303 emen-

832 2320 990 2361 coniux
1024 2319 1105 2372 Ma,
1138 2321 1326 2362 coniunae
1359 2319 1406 2362 G.
1497 2327 1709 2375 utcunque
1742 2319 1813 2362 Or.
1901 2321 1969 2362 11.
2003 2333 2100 2361 am-

674 2379 740 2422 13.
775 2380 990 2420 acinacen
1021 2378 1113 2420 Ma:
1155 2378 1188 2421 G
1219 2380 1459 2421 acinacem.
1585 2380 1652 2422 14.
1696 2379 1848 2435 trahit]
1885 2379 1990 2420 trait
2020 2377 2101 2422 Ma.

736 2438 804 2480 15.
841 2438 900 2479 ad
930 2438 1125 2491 Hiberos,
1154 2440 1344 2495 patrium
1378 2438 1731 2494 Bezzenberger.
1827 2437 1895 2482 16.
1928 2436 1993 2480 ill.
2028 2438 2100 2482 Or.

360 2595 464 2650 Cap.
500 2597 571 2640 50.
626 2596 870 2652 perpellunt
910 2597 1142 2653 Voloyesen

272 2655 463 2696 omittere
499 2657 774 2711 praesentia:
827 2668 933 2697 sane
969 2657 1141 2711 percel-

272 2713 388 2765 lunt,
435 2719 482 2755 ut
522 2716 566 2755 in
608 2713 687 2767 Ma,
731 2713 879 2755 Tacito
912 2714 1141 2756 admodum

273 2773 490 2814 familiare
535 2780 579 2815 et
621 2774 744 2829 quasi
777 2774 822 2814 in
855 2773 1027 2816 deliciis
1060 2781 1140 2827 est,

272 2832 368 2873 sive
400 2831 454 2874 de
480 2832 670 2887 impulsu
691 2832 850 2874 dicitur
876 2846 961 2888 quo
985 2846 1142 2888 corpus

274 2890 453 2946 aliquod
495 2890 548 2934 de
595 2892 693 2934 loco
727 2892 930 2934 deiicitur
960 2894 1056 2935 sive
1088 2893 1142 2935 de

274 2950 433 2991 affectu
466 2952 655 2992 animum
679 2957 986 3006 perrumpente
1012 2955 1143 3009 (tref-

272 3012 363 3064 fen,
397 3009 700 3068 ersclzu'ttern).
764 3010 847 3051 Sed
891 3025 943 3051 ex
993 3025 1142 3052 eornm

275 3081 455 3109 numero
490 3068 720 3111 verborum
758 3075 824 3110 est
841 3082 952 3124 quae
977 3071 1036 3112 ita
1068 3083 1145 3124 per

275 3140 323 3169 se
357 3133 580 3181 constant,
615 3135 661 3170 ut
692 3129 956 3170 infinitivum
990 3142 1144 3183 asper-

275 3192 447 3229 nentur.
500 3187 564 3229 Ne
598 3188 732 3244 igitur
763 3194 959 3243 apertum
991 3189 1144 3231 soloe-

277 3246 455 3287 cismum
488 3246 783 3299 admitterem,
818 3254 1012 3290 veterem
1044 3261 1145 3290 cor-

275 3306 516 3346 rectionem
550 3308 745 3360 recipere
779 3306 925 3350 debui.

366 3363 470 3417 Cap.
513 3365 583 3406 51.
644 3365 717 3406 ubi
761 3369 879 3419 quati
919 3373 1064 3407 merus
1107 3373 1144 3407 et

275 3423 377 3464 vise.
399 3423 504 3463 υἱὸν.
523 3436 537 3462 .·
571 3423 680 3464 haec
698 3430 941 3467 structurae
965 3425 1143 3466 licentia

276 3481 447 3535 quando
483 3482 747 3524 concedatur
787 3484 873 3525 dixi
918 3484 969 3525 ad
1002 3483 1039 3525 ΙΙ
1071 3485 1142 3526 31.

274 3537 480 3593 Imperite
535 3548 786 3595 comparant
831 3544 907 3584 XV
963 3545 1041 3585 11:
1092 3557 1145 3583 ne

278 3598 363 3638 dua:
396 3600 562 3654 quidem
596 3601 730 3644 obniti
751 3602 968 3655 adversus,
999 3602 1139 3644 sed-

276 3657 423 3699 munia
443 3658 689 3702 deseruerat
700 3674 716 3715 ‚·
748 3661 852 3703 item
883 3663 964 3706 27:
999 3667 1141 3704 terro-

1231 2611 1322 2639 rem
1357 2597 1546 2650 adicere,
1580 2604 1618 2639 et
1634 2598 1962 2654 meyistanas—
1981 2598 2104 2655 pellit

1228 2656 1410 2699 sedibus.
1524 2656 1703 2698 Hiberos
1729 2657 1787 2698 ad
1805 2658 1996 2713 patrium
2026 2672 2102 2700 re-

1226 2729 1384 2771 9num:
1417 2716 1460 2756 in
1495 2716 1751 2758 collocanda
1774 2718 2101 2772 praepositione

1227 2787 1315 2815 non
1349 2774 1500 2816 eadem
1543 2775 1619 2817 sed
1659 2775 1791 2817 simili
1835 2778 1966 2818 venia
1997 2789 2100 2818 usus

1228 2840 1309 2886 est,
1341 2839 1388 2875 ut
1419 2834 1546 2876 modo
1578 2835 1719 2891 ripam
1749 2835 1808 2877 ad
1836 2835 2014 2878 Araxis.

1301 2893 1481 2949 placida
1503 2893 1690 2936 inluvie.-
1725 2896 1988 2937 contrarium
2017 2894 2102 2937 hu-

1229 2953 1296 2994 ius
1352 2959 1419 2995 est
1473 2965 1583 3009 aqua
1636 2956 1696 2995 in'
1735 2953 1924 2996 fluminis
1971 2954 2101 2996 alveo

1230 3013 1384 3065 raptim
1428 3011 1678 3055 decurrens,
1741 3013 1907 3056 Nautac
1965 3016 2102 3055 nostri

1229 3071 1428 3113 illuviem
1471 3073 1695 3113 nominant
1736 3073 1868 3115 todtes
1921 3073 2099 3115 Wasser.

1319 3129 1422 3184 Cap.
1458 3131 1528 3173 52.
1606 3131 1758 3173 Fausto
1794 3132 1946 3173 Sulla:
1982 3132 2098 3174 conf.

1230 3195 1378 3231 annot.
1427 3189 1479 3230 ad
1515 3189 1611 3231 ΧΙΙΙ
1648 3191 1715 3232 17.
1778 3190 1902 3233 Alter
1948 3191 2102 3233 consul

1231 3247 1365 3290 frater
1384 3255 1475 3289 erat
1490 3248 1673 3290 Othonis
1696 3250 1924 3304 imperium
1939 3249 2100 3305 adepti.

1333 3316 1462 3363 pater
1504 3334 1559 3340 —-
1602 3316 1820 3351 morerac:
1868 3310 2102 3351 Suetonius

1232 3364 1386 3409 Claud.
1413 3368 1492 3409 13:
1528 3367 1680 3409 bellum
1714 3369 1837 3410 civile
1870 3369 1997 3410 movit
2016 3367 2102 3408 Fu-

1230 3426 1321 3466 rius
1367 3425 1572 3468 Camillus
1614 3426 1947 3478 Scribonianus,
1988 3425 2101 3467 Dal-

1230 3486 1387 3526 matiae
1406 3485 1585 3541 leyatus,
1615 3500 1759 3527 verum
1776 3487 1894 3526 intra
1912 3484 2102 3538 quintum

1231 3543 1340 3585 diem
1372 3559 1593 3601 oppressus
1626 3552 1714 3596 ese;
1755 3543 1872 3586 conf.
1918 3541 2012 3584 xln
2043 3544 2102 3586 43

1227 3617 1324 3645 cum
1383 3610 1529 3646 annot.
1596 3601 1866 3645 Clementiae
1927 3601 2098 3644 laudem

1227 3662 1309 3704 sibi
1342 3660 1549 3705 Claudius
1587 3666 1784 3718 arrogat,
1832 3660 1947 3717 quod
1995 3660 2099 3704 olim
