2280 4004
223 307 257 351 as
281 293 331 349 C·
361 295 435 347 61.
777 297 941 342 LIBER
971 297 1085 346 XIV.
1151 297 1257 342 GAr.
1291 298 1483 344 30-52.
1952 300 2046 345 20⁴2

222 438 456 491 bantibus
495 443 545 490 et
585 438 668 506 qui
707 438 791 490 alii
828 439 1050 491 nondum
1086 441 1296 493 servitio
1335 441 1484 492 fracti
1534 455 1795 494 resumere
1832 440 2047 495 liberta*

222 534 322 582 tem
359 531 573 582 occultis
602 530 1037 586 coniurationibus
1066 532 1382 598 pepigerant,
1419 533 1670 584 acerrimo
1694 533 1747 584 in
1773 538 2046 586 veteranos

223 621 360 672 odio.
433 621 626 688 Quippe
690 621 742 671 in
812 622 1062 672 coloniam
1122 622 1517 674 Camulodunum
1587 638 1771 676 recens
1842 624 2047 679 deducti

220 711 474 778 pellebant
515 712 765 778 domibuS‚
809 713 1144 765 exturbabant
1177 714 1333 780 agriS‚
1375 715 1619 780 captivos,
1656 730 1836 769 servos
1871 716 2049 783 appel-

219 801 402 868 lando,
457 803 744 856 foventibus
799 805 1142 870 impotentiam
1191 810 1550 857 veteranorum
1587 807 1824 860 militibus
1865 808 2086 868 simili-s

221 893 394 945 tudine
431 894 566 945 vitae
601 899 650 946 et
684 910 775 961 spe
813 895 1041 947 eiusdem
1081 895 1335 947 licentiae.
1384 897 1488 956 *Ad
1525 897 1624 948 hoc
1660 898 1896 965 templum
1925 899 2050 953 divo,

223 985 432 1037 Claudio
471 986 792 1038 constitutum
831 987 974 1053 quasi
1013 1000 1105 1038 arx
1144 991 1384 1039 aeternae
1419 988 1779 1042 dominationis
1825 991 2049 1057 aspicie-⁴

220 1075 393 1133 batur:
445 1076 731 1143 delectique
766 1078 1064 1129 sacerdotes
1103 1079 1275 1144 specie
1311 1079 1578 1147 religionis
1615 1082 1777 1133 omnis
1817 1082 2049 1137 fortunas

221 1166 560 1220 effundebant.
615 1168 722 1220 Nec
761 1168 971 1219 arduum
1007 1169 1275 1220 videbatur
1311 1171 1586 1223 excindere
1612 1173 1863 1225 coloniam
1897 1174 2048 1226 nullis

220 1259 539 1311 munimentis
590 1265 846 1326 saeptam3
905 1260 1039 1326 quod
1091 1260 1304 1312 ducibus
1353 1262 1543 1313 nostris
1579 1279 1753 1329 parum
1788 1266 2046 1330 provisum
2065 1283 2114 1322 io

135 1361 204 1410 32
221 1355 345 1415 erat,
383 1351 498 1403 dum
539 1353 829 1403 amoenitati
867 1353 1004 1418 prius
1043 1367 1190 1418 quam
1221 1353 1333 1404 usui
1376 1354 1670 1405 consulitur.
1744 1356 1880 1408 Inter
1919 1372 2049 1423 quae

220 1442 354 1494 nulla
389 1442 552 1508 palam
590 1457 741 1494 causa
781 1442 1039 1508 delapsum
1077 1443 1407 1494 Camuloduni
1442 1445 1763 1498 simulacrum
1790 1447 2051 1500 Victoriae

222 1549 283 1584 ac
319 1539 458 1586 retro
498 1549 829 1599 conversum,
887 1535 1031 1601 quasi
1069 1535 1278 1586 cederet
1312 1535 1559 1587 hostibus.
1633 1538 1695 1589 Et
1731 1538 1951 1591 feminae
1997 1538 2050 1590 in

221 1625 443 1678 furorem
479 1626 710 1677 turbatae
749 1625 933 1677 adesse
970 1626 1175 1677 exitium
1210 1627 1458 1678 canebant
1470 1645 1484 1690 3
1543 1633 1882 1695 externosque
1942 1630 2052 1684 fre-³

219 1717 368 1768 mitus
401 1716 454 1767 in
482 1718 621 1768 curia
651 1731 826 1767 eorum
851 1717 1084 1781 auditos;
1121 1718 1459 1769 consonuisse
1482 1718 1751 1771 ululatibus
1775 1720 2044 1787 theatrum,
2066 1739 2114 1780 η

218 1810 479 1876 visamque
523 1809 748 1874 speciem
792 1809 845 1859 in
881 1808 1135 1860 aestuario
1179 1809 1421 1859 Tamesae
1460 1809 1739 1862 subversae
1796 1812 2047 1864 coloniae.

219 1900 320 1952 Iam
361 1899 595 1953 Oceanus
637 1905 845 1952 cruento
886 1905 1124 1966 aspectu,
1178 1901 1230 1950 in
1277 1900 1418 1952 sicco
1452 1900 1654 1952 labente
1687 1907 1830 1953 aestu
1869 1903 2051 1955 huma-

218 2007 398 2044 norum
451 2007 720 2058 corporum
773 1992 971 2059 effigies
1022 1992 1233 2057 relictae
1268 1997 1322 2042 ut
1357 1991 1612 2044 Britannis
1652 1993 1715 2044 ad
1752 2009 1923 2060 spem,
1979 1995 2050 2046 ita

217 2084 475 2136 veteranis
515 2084 578 2135 ad
616 2088 801 2135 metum
836 2083 1180 2135 trahebantur.
1256 2083 1356 2136 Sed
1400 2083 1515 2150 quia
1551 2083 1731 2150 procul
1779 2085 2050 2138 Suetonius

337 2240 375 2282 1.
407 2239 517 2295 facti
551 2235 641 2291 Ma,
674 2239 908 2293 assuefacti
939 2236 997 2280 G:
1039 2243 1282 2279 correctum
1316 2243 1383 2279 est
1414 2238 1458 2279 in
1490 2238 1543 2280 A.
1665 2238 1706 2281 5.
1742 2239 1790 2280 in
1816 2238 2053 2294 potentiam

218 2296 334 2342 GMa.
460 2299 501 2341 7.
535 2312 642 2339 arae
682 2310 733 2353 pr
763 2296 850 2351 Ma,
885 2298 938 2339 ab
980 2297 1131 2339 eadem
1173 2311 1230 2338 m.
1276 2303 1519 2339 correctum
1560 2310 1657 2340 απτ.
1780 2299 1846 2341 10.
1890 2305 2052 2354 septam

216 2357 296 2401 Ma.
404 2356 470 2400 14.
511 2359 662 2412 farore
695 2355 822 2400 GMfi:
865 2358 1058 2398 correxit
1089 2356 1295 2398 Faernus.
1420 2356 1488 2399 16.
1523 2363 1610 2398 tam
1643 2371 1739 2398 csae
1774 2355 1855 2400 Ma.
1981 2358 2050 2400 17.

218 2424 414 2474 aspecta,
465 2418 512 2458 in
543 2417 656 2459 sicco
690 2417 857 2458 labente
892 2417 1058 2458 editor:
1106 2423 1299 2471 aspectus
1330 2417 1393 2457 sic
1424 2415 1590 2457 labente
1622 2415 1710 2468 Ma,
1751 2424 1945 2472 aspectu,
1989 2418 2053 2458 sie

217 2477 383 2519 labente
421 2475 468 2530 G,
502 2484 698 2531 aspectu,
743 2477 791 2517 in
832 2477 945 2518 sicco
993 2475 1205 2517 dilabente
1246 2475 1428 2517 Iacobus
1472 2474 1739 2517 Lubecensis
1773 2482 1816 2517 et
1846 2476 2051 2518 Bezzen-

217 2536 390 2592 berger.
487 2535 554 2578 18.
593 2536 818 2579 Britannis
848 2534 903 2570 έ-
935 2535 1150 2578 veteranis
1181 2534 1459 2578 Waltherus:
1510 2533 1578 2576 Ma
1609 2535 1816 2578 brittanni
1846 2561 1903 2568 —
1933 2529 2051 2578 vete-

216 2610 333 2640 ran&

217 2744 323 2774 vere
355 2735 589 2773 annotasse
634 2729 828 2784 Lipsium
854 2728 1091 2787 ‘legeban-

219 2798 290 2832 tur
322 2791 436 2832 enim
471 2788 719 2844 pontifices’
756 2789 834 2844 (de
866 2788 1092 2843 pontifici-

1178 2734 1271 2772 erat
1302 2729 1419 2784 quod
1451 2729 1647 2772 fortunas
1696 2729 1920 2772 effundere
1953 2730 2051 2772 adi-

1177 2789 1409 2846 gebantur.

218 2851 299 2892 hus
332 2849 535 2904 equidem
569 2848 680 2890 nihil
720 2850 1089 2905 asseveraverim)

214 2909 519 2963 ‘flaminesque
545 2906 728 2949 Claudio
759 2921 814 2950 ex
836 2908 1091 2962 provincia-

220 2968 335 3011 libus
369 2968 499 3021 ipsis;
536 2966 693 3022 quibus
725 2967 770 3008 in
802 2979 926 3009 sacra
956 2967 1091 3008 victi-

221 3040 401 3083 masque
445 3027 539 3068 eius
585 3025 676 3067 divi
724 3025 850 3067 multi
899 3025 1090 3068 faciendi

219 3085 444 3141 sumptus.²
510 3085 678 3127 Delecti
709 3090 808 3126 sunt
840 3085 1090 3128 sacerdotes

220 3147 380 3188 divites
426 3150 472 3188 et
512 3157 718 3198 proceres
773 3146 892 3200 iique
941 3157 1090 3186 omnes

223 3206 420 3248 fortunas
453 3217 568 3257 suas,
600 3216 687 3245 non
723 3215 873 3246 omnes
906 3205 1090 3259 provin-

223 3266 318 3306 ciae
373 3263 594 3316 fortunas,
650 3275 764 3318 quae
815 3263 925 3306 falsa
977 3263 1091 3305 foret

224 3324 535 3378 exaggeratio,
581 3323 730 3375 speeie
761 3321 992 3378 religionis
1025 3324 1092 3376 ef·-

221 3381 488 3438 fundebant,
532 3380 575 3422 h.
610 3394 651 3422 e.
698 3379 922 3422 effundere
954 3393 1094 3435 coge-

224 3441 396 3484 bantur.
460 3439 682 3481 Britannis
726 3438 772 3478 in
814 3438 896 3480 hac
928 3452 975 3480 re
1008 3438 1093 3479 duo

223 3499 459 3543 movebant
492 3499 614 3549 iram,
648 3503 778 3552 atque
811 3510 962 3539 omnes
993 3499 1094 3552 qui-

226 3559 322 3602 dem
343 3572 476 3614 aegre
503 3556 705 3599 ferebant
731 3556 846 3610 quod
868 3562 1093 3598 externum

226 3617 447 3660 dominum
482 3616 643 3658 divinis
676 3615 913 3656 honoribus
947 3614 1095 3657 colere

228 3676 461 3733 debebant,
484 3675 669 3720 delectis
694 3681 838 3733 autem
862 3674 1095 3719 offensioni

1267 2847 1371 2902 Cap.
1404 2849 1476 2892 32.
1529 2849 1577 2889 in
1607 2850 1801 2903 furorem
1831 2847 2051 2889 turbatae:

1176 2907 1236 2948 ita
1269 2909 1488 2950 excitatae
1523 2908 1668 2949 animo
1702 2914 1748 2948 ut
1779 2907 1901 2948 furor
1940 2919 2050 2948 con.-

1176 2973 1451 3022 sequeretur.
1542 2967 1590 3008 in
1613 2967 1737 3008 curia
1757 2980 1931 3007 eorum.-
1962 2966 2050 3008 Ca-

1175 3026 1459 3068 mulodunum
1481 3031 1699 3081 tamquam
1729 3026 1902 3068 colonia
1924 3039 2051 3067 suum

1174 3091 1377 3127 senatum
1409 3087 1504 3128 sive
1547 3085 1775 3127 curialium
1816 3084 2049 3133 consilium

1177 3143 1389 3199 habebat,
1433 3151 1476 3186 et
1526 3144 1593 3187 his
1646 3145 1766 3186 curia
1823 3143 2051 3185 aedificata

1179 3209 1286 3245 erat.

1278 3262 1368 3303 iam
1413 3260 1610 3302 Oceanus
1643 3285 1698 3292 ——
1732 3260 2048 3302 trahebantur.-

1178 3319 1350 3374 Lipsius
1403 3321 1531 3360 nimis
1580 3321 1762 3361 recessit
1808 3333 1833 3360 a
1879 3318 2048 3360 traditis

1178 3380 1380 3434 vestigiis
1411 3378 1672 3420 scribendo:
1708 3379 1795 3420 iam
1832 3378 2050 3419 Oceanum

1180 3446 1354 3480 cruento
1388 3444 1574 3493 aspectu,
1614 3435 1827 3478 dilabente
1851 3444 1972 3479 aestu
1991 3460 2048 3469 —-

1179 3497 1377 3548 relictas,
1409 3503 1453 3537 ut
1488 3497 1688 3537 Britanni
1719 3496 1776 3536 ad
1806 3510 1945 3552 spem,
1984 3497 2050 3537 ita

1178 3556 1373 3596 veterani
1395 3555 1452 3595 ad
1468 3562 1618 3595 metum
1638 3555 1879 3597 trahebant.
1912 3554 2047 3596 Immo

1178 3613 1265 3655 loci
1299 3613 1546 3668 corruptela
1578 3613 1679 3655 hinc
1711 3620 1812 3655 nata
1845 3619 1910 3656 est
1931 3612 2048 3669 quod

1178 3673 1387 3719 scribenti
1430 3673 1608 3716 nomina
1653 3672 1961 3718 Britannorum
2003 3678 2048 3728 et
