2280 4004
125 451 198 499 60

212 304 251 346 α’
273 300 322 348 C.
357 302 429 347 53.

803 302 969 347 LIBER
998 302 1092 346 ΧΠ.
1155 302 1263 348 Car.
1296 303 1486 349 58-60,

1977 307 2037 348 97

353 439 549 497 Eodem
599 459 733 498 anno
788 445 990 512 saepius
1031 445 1200 498 audita
1241 460 1344 499 vox
1387 444 1664 513 principiS,
1723 435 1897 512 parem
1935 444 2037 497 vim

211 550 381 587 rerum
417 536 700 589 habendam
732 553 760 588 a
789 536 1205 603 procuratoribus
1239 537 1346 589 suis
1375 537 1710 588 iudicatarum
1747 552 1809 587 ac
1846 536 1890 588 si
1928 537 2037 602 ipse

213 628 486 680 statuisset.

561 628 640 680 Ac
676 643 741 680 ne
781 628 987 680 fortuito
1028 628 1294 695 prolapsus
1333 629 1622 694 videretur,
1664 633 1870 680 senatus
1907 643 2040 695 quo-

214 733 311 785 que
348 718 579 796 consulto
620 723 817 770 cautum
866 719 1062 785 plenius
1118 733 1266 785 quam
1317 724 1464 770 antea
1513 724 1562 771 et
1614 719 1838 770 uberius.
1913 720 2039 772 Nam

215 809 360 862 divus
395 809 654 877 Augustus
682 809 812 875 apud
844 815 1107 876 equestres
1144 810 1228 876 qui
1261 810 1496 877 Aegypto
1533 809 1886 877 praesiderent
1922 810 2078 877 leges

214 900 328 967 agi,
378 900 684 966 decretaque
730 915 905 951 eorum
957 901 1171 967 perinde
1214 901 1392 952 haberi
1429 901 1648 953 iusserat
1687 917 1748 952 ac
1793 901 1836 953 si
1873 901 2040 969 magi—

212 982 396 1042 stratus
424 990 636 1042 Romani
673 991 1071 1042 constituissent.

1143 992 1262 1043 Mox
1295 991 1420 1043 alias
1454 1006 1546 1057 per
1570 991 1862 1058 provincias
1902 997 1952 1042 et
1988 992 2040 1041 in

211 1080 338 1132 urbe
373 1080 614 1146 pleraque
656 1096 903 1133 concessa
942 1087 1058 1133 sunt
1101 1097 1229 1149 quae
1267 1082 1387 1133 olim
1425 1098 1453 1133 a
1490 1082 1811 1148 praetoribus
1851 1097 2041 1133 nosce-

214 1171 412 1222 bantur.

486 1171 724 1223 Claudius
763 1187 911 1224 omne
951 1173 1028 1224 ius
1067 1174 1290 1238 tradidit,
1330 1173 1392 1224 de
1426 1187 1524 1239 quo
1561 1173 1748 1224 totiens
1786 1174 2038 1225 seditione

209 1266 295 1313 aut
347 1262 500 1314 armis
556 1267 828 1329 certatum,
896 1279 1007 1315 cum
1047 1264 1360 1331 Semproniis
1410 1264 1764 1332 rogationibus
1804 1270 2040 1330 equester
2057 1286 2102 1321 ιο

213 1351 342 1404 ordo
378 1352 431 1404 in
465 1353 798 1420 possessione
844 1355 1148 1406 iudiciorum
1195 1355 1484 1422 locaretur,
1549 1360 1633 1406 aut
1681 1371 1879 1408 rursum
1918 1355 2043 1409 Ser—

328 1528 373 1572 2.
404 1526 694 1570 iudicaturum
724 1527 816 1583 Ma,
847 1529 1135 1574 iudicatorum
1167 1532 1224 1575 G:
1267 1532 1460 1574 correxit
1490 1532 1741 1576 Rhenanus.

384 1585 427 1629 6.
460 1587 543 1643 pde
576 1587 680 1644 (litt.
709 1603 739 1645 p
773 1589 969 1645 caudata,
994 1589 1037 1632 id
1069 1597 1136 1634 est
1165 1592 1323 1652 prode)
1356 1590 1450 1634 Ma:
1484 1591 1518 1634 G
1542 1593 1737 1650 perinde.

211 1583 292 1628 Ma.

207 1646 378 1702 proniis
407 1644 503 1688 Ma:
541 1645 575 1689 G
605 1650 851 1705 sempronii.

274 1802 378 1832 nam
409 1789 527 1832 divus
539 1789 648 1846 Any.
667 1805 682 1832 .·
718 1797 945 1848 postquam
971 1793 1082 1834 dixit

211 1855 388 1892 senatus
421 1849 622 1892 consulto
655 1857 828 1893 cautum
857 1865 954 1894 esse
985 1851 1086 1906 ple-

209 1910 308 1951 nius
339 1922 466 1963 quam
496 1916 627 1951 antea
666 1916 710 1952 et
742 1910 950 1964 uberius,
1004 1925 1085 1953 ex-

211 1980 378 2023 ponere
411 1970 595 2023 suscipit
628 1970 845 2025 quomodo
864 1971 917 2013 de
943 1972 1083 2012 stricti

208 2034 252 2069 et
285 2029 453 2084 antiqui
496 2030 629 2070 moris
663 2042 815 2071 norma
847 2030 932 2071 iam
964 2031 1084 2084 prius

205 2100 429 2130 recessum
462 2088 546 2141 sit,
585 2094 633 2129 ut
675 2101 764 2130 non
805 2088 946 2131 solum
987 2102 1083 2130 ma..

208 2147 415 2202 gistratus
458 2147 668 2200 Romani,
717 2148 760 2190 h.
795 2161 834 2190 e.
880 2148 1084 2190 consules

209 2212 251 2247 et
296 2211 520 2260 praetores
576 2208 739 2263 quique
791 2219 940 2248 eorum
982 2208 1083 2250 vice

207 2264 497 2320 fungerentur
558 2266 846 2320 proconsules
890 2273 934 2308 et
977 2279 1084 2321 pro-

208 2329 448 2378 praetores,
480 2327 700 2367 senatoria
733 2325 948 2382 dignitate
983 2328 1082 2380 viri,

209 2382 288 2424 sed
320 2384 452 2424 etiam
486 2385 656 2439 equites
679 2385 885 2441 Aegypto
919 2385 972 2427 ab
987 2386 1083 2426 Au-

210 2447 354 2498 gusto,
387 2442 627 2484 minoribus
659 2444 899 2498 provinciis
929 2444 982 2485 ab
1012 2446 1083 2485 in-

209 2500 496 2556 sequentibus
525 2503 796 2558 principibus
826 2505 1081 2558 praepositi,

208 2566 475 2614 postremum
507 2559 655 2604 liberti
686 2562 814 2604 rebus
849 2561 1082 2604 Caesarum

210 2618 560 2662 administrandis
593 2621 755 2663 delecti
778 2621 846 2663 ius
869 2621 1082 2665 dicerent.

211 2678 278 2720 De
309 2678 510 2735 Augusto
543 2693 585 2723 v.
621 2680 659 2722 11
691 2681 763 2725 59.

317 2752 417 2780 mox
477 2739 592 2781 alias
647 2765 703 2773 —
763 2740 1081 2782 noscebantur.-

211 2794 376 2839 Romae
411 2799 625 2852 praefecti
657 2801 908 2854 praetorio,
943 2813 1084 2855 eque-

210 2857 310 2897 stris
343 2856 568 2912 dignitatis
595 2857 811 2912 homines,
846 2860 889 2899 in
914 2860 1082 2911 castris,

211 2926 292 2968 per
324 2917 574 2970 provincias
607 2917 796 2959 inermes
818 2930 869 2959 ac
892 2919 1084 2959 minores

212 2981 519 3027 procuratores
552 2977 619 3017 ius
652 2976 879 3028 dicebant,
927 2978 972 3017 in
1005 2990 1084 3018 ce-

211 3033 318 3075 teris
339 3035 579 3088 provinciis
595 3034 688 3077 fisci
707 3041 953 3087 ,curatores-x,
972 3049 1084 3090 quae

213 3092 318 3132 item
352 3095 568 3148 equestris
590 3094 798 3136 nobilitas
820 3095 904 3136 fuit
919 3095 994 3150 (A.
1013 3096 1082 3152 4),

215 3147 269 3190 de
300 3150 430 3193 rebus
463 3151 661 3194 Caesaris
694 3153 1013 3196 iudicaverunt.

303 3222 425 3251 omne
461 3212 560 3253 ius:
609 3212 957 3254 iurisdictionem
987 3213 1083 3254 sine

215 3266 513 3320 appellatione
574 3270 628 3311 ad
689 3272 929 3325 principem
985 3271 1083 3328 (das

215 3325 353 3369 Reche
383 3328 430 3368 in
459 3329 618 3369 seinem
648 3343 814 3384 9anzen
838 3329 1081 3384 Umfanqe).

302 3385 563 3442 Semproniis
611 3388 931 3442 rogationibus:
978 3387 1084 3428 dicit

215 3442 361 3499 legem
424 3444 695 3487 iudiciariam
747 3444 823 3487 Gai
882 3444 1082 3498 Gracchi,

215 3501 345 3544 latam
377 3516 419 3546 a.
440 3504 521 3547 631
555 3517 594 3547 a.
621 3517 674 3545 u:
709 3504 858 3546 Livius
874 3502 989 3558 Epit.
1009 3503 1082 3547 60.

217 3561 415 3604 Velleius
451 3562 486 3604 ll
518 3563 545 3606 6
579 3569 621 3605 et
658 3565 709 3606 13
743 3570 787 3605 et
808 3565 880 3615 32,
913 3562 1084 3617 Appia-

216 3631 296 3722 15ms
314 3619 408 3665 Civ.
429 3621 536 3666 122.
570 3622 787 3667 Plutarch.
814 3621 863 3666 C.
889 3620 1082 3664 Graccho

277 3684 320 3721 et
349 3680 392 3723 6.

293 3773 443 3814 Tacitus
467 3775 515 3814 11.

1867 1534 1908 1577 5.
1942 1547 2040 1590 auq.

1814 1594 1883 1636 10.
1917 1594 2042 1635 Sem-

1259 1793 1472 1834 Serviliae
1492 1793 1605 1849 leqes
1621 1807 1635 1834 .·
1668 1793 1873 1850 intellige
1896 1793 2041 1850 legem

1171 1852 1443 1894 iudiciariam
1464 1866 1487 1894 a
1511 1852 1561 1904 Q.
1587 1852 1775 1895 Servilio
1801 1853 2041 1908 Caepione,

1173 1911 1356 1954 consule
1387 1913 1490 1953 anni
1526 1911 1636 1966 648,
1670 1912 1801 1954 latam
1835 1912 1955 1968 (Cic.
1988 1913 2042 1955 de

1170 1970 1263 2013 Inv.
1308 1970 1325 2012 1
1367 1970 1449 2023 49,
1492 1971 1625 2012 Bruto
1668 1973 1725 2015 43
1772 1978 1816 2013 et
1859 1971 1939 2024 44,
1987 1972 2041 2014 de

1173 2029 1356 2072 Oratore
1388 2030 1405 2071 l
1438 2031 1509 2082 52,
1544 2030 1581 2071 ll
1610 2030 1669 2073 48
1703 2036 1746 2072 et
1777 2031 1848 2074 49.
1906 2030 2041 2072 Vale..

1170 2093 1260 2131 rius
1292 2089 1403 2132 Max,
1441 2089 1498 2130 vl
1532 2089 1559 2132 9
1595 2091 1663 2132 13.
1727 2089 1894 2131 Titulus
1928 2090 2043 2144 apud

1172 2148 1290 2190 Grut.
1325 2161 1426 2205 pag.
1459 2147 1548 2190 468
1579 2149 1654 2205 5),
1688 2149 1765 2190 sed
1795 2161 1896 2190 mox
1931 2150 2041 2203 (655

1171 2221 1210 2250 a.
1233 2212 1301 2264 u.)
1337 2221 1360 2248 a
1383 2206 1429 2249 C.
1452 2207 1639 2249 Servilio
1660 2206 1839 2249 Glaucia
1870 2208 2041 2249 tribuno

1170 2267 1313 2321 plebis
1349 2265 1466 2321 (Cic.
1511 2277 1589 2320 pro
1634 2267 1795 2309 Scauro
1834 2270 1879 2319 1,
1920 2267 2040 2310 Brut.

1170 2326 1226 2369 62
1260 2328 1304 2377 ς.
1327 2328 1436 2382 224)
1471 2325 1686 2367 sublatam
1719 2332 1763 2368 et
1785 2340 1808 2368 a
1827 2326 2042 2369 Cicerone

1171 2384 1372 2427 consulto
1417 2384 1664 2440 neglectam
1707 2387 1752 2426 in
1798 2386 1921 2428 Verr.
1956 2393 2040 2430 act.

1171 2444 1189 2486 1
1227 2446 1301 2487 13:
1337 2458 1431 2486 cum
1463 2451 1654 2498 equester
1676 2446 1780 2486 ordo
1812 2447 2040 2499 iudicaret,

1171 2517 1309 2544 annos
1325 2517 1458 2559 prope
1474 2505 1784 2559 quinquaqinta
1803 2507 2040 2558 continuos,

1169 2564 1217 2603 in
1248 2562 1366 2604 nullo
1397 2562 1537 2604 iudice
1580 2577 1634 2604 ne
1666 2565 1915 2606 tenuissima
1946 2566 2042 2619 qui-

1171 2623 1264 2663 dem
1315 2623 1498 2678 suspicio
1562 2630 1766 2679 acceptae
1812 2626 2040 2679 pecuniae.

1170 2681 1320 2723 Testes
1373 2680 1502 2722 modo
1545 2681 1710 2723 laudati
1753 2696 1849 2724 cum
1894 2683 2041 2724 Tacito

1171 2741 1476 2783 consentiunt:
1511 2747 1662 2782 contra
1683 2740 1968 2783 Cassiodorus
1991 2745 2041 2784 jn

1171 2798 1417 2842 Chronico:
1452 2800 1500 2852 Q.
1519 2799 1730 2842 Servilius
1758 2808 1796 2842 et
1822 2802 1869 2843 C.
1887 2802 2042 2843 Atilius

1170 2860 1403 2901 Serranus.
1467 2858 1546 2900 His
1578 2874 1684 2902 cosS.
1715 2874 1795 2915 per
1813 2861 2043 2902 Servilium

1173 2918 1432 2974 Caepionem
1473 2918 1688 2960 consulem
1717 2919 1881 2961 iudicia
1921 2921 2042 2975 equi-

1170 2977 1277 3019 tibus
1322 2984 1361 3018 et
1401 2978 1669 3019 senatoribus
1711 2981 2040 3022 communicata.

1169 3035 1355 3078 Perinde
1388 3035 1645 3092 Obsequens
1679 3050 1717 3079 c.
1757 3039 1851 3080 101.
1914 3037 2040 3082 Conf.

1169 3095 1339 3137 Klenzii
1358 3095 1572 3137 Serviliae
1592 3096 1707 3150 legis
1741 3095 1794 3137 de
1816 3110 1912 3149 pec.
1946 3110 2038 3150 rep.

1170 3154 1416 3210 fragmenta
1456 3153 1604 3194 Berol.
1644 3154 1769 3195 1825.
1836 3154 2041 3196 Ceterum

1169 3212 1339 3253 Tacitus
1360 3213 1637 3266 Sempronias
1666 3211 1779 3266 leyes
1814 3213 2042 3255 indefinite

1171 3270 1291 3322 dicit,
1326 3282 1414 3310 non
1447 3269 1594 3325 leqem,
1628 3271 1730 3324 quia
1755 3269 1802 3311 C.
1823 3271 2041 3314 Gracchus

1171 3328 1324 3370 eodem
1358 3341 1471 3370 anno
1513 3328 1660 3383 plures
1702 3331 1956 3384 rogationes
1989 3331 2043 3373 ad

1169 3386 1378 3441 populum
1410 3387 1534 3439 tulit,
1581 3387 1624 3427 in
1659 3387 1726 3428 his
1759 3390 1889 3430 etiam
1922 3390 2041 3432 iudi-

1170 3447 1361 3488 ciariam.
1426 3445 1511 3488 Sed
1547 3445 1760 3487 Serviliae
1794 3447 1907 3503 leyes
1947 3463 2042 3490 cum

1171 3505 1224 3546 de
1255 3517 1340 3545 una
1375 3503 1516 3546 dictae
1562 3505 1673 3557 sint,
1720 3504 1802 3548 hae
1843 3507 1896 3549 de
1930 3507 2043 3563 legis

1172 3563 1388 3618 capitibus
1423 3564 1510 3620 (die
1540 3564 1823 3619 qesetzlichen
1857 3567 2043 3608 Bestim-

1170 3636 1358 3679 munqen
1389 3622 1460 3665 des
1491 3623 1717 3679 Servilius)
1759 3625 2042 3680 accipiendae

1170 3687 1284 3725 sunt.
1347 3682 1422 3728 Sic
1481 3680 1637 3727 Cicero
1692 3682 1841 3730 Sullae
1895 3684 2042 3746 legem

1683 3765 1714 3823 7
