2280 4004
195 259 259 305 30
980 261 1273 310 ANNALIVM
1768 283 1810 316 a.
1840 269 1887 318 it.
1921 266 2029 319 ‘mc

192 407 355 476 batur,
393 420 641 478 praeceps
676 405 1076 479 et‘singui‘orum
1114 413 1329 479 pedibus
1363 410 1630 468 advolutus
1663 420 1855 470 tuntum
1890 431 2028 472 eona

195 501 522 554 ster-nationis
561 502 887 569 invidiaeque
928 503 1176 570 concivit,
1215 510 1269 556 ut
1303 517 1424 571 pars
1465 506 1675 558 militum
1711 507 2025 576 gladioeu'res

194 593 279 658 qui
316 609 345 645 e
381 595 593 646 servitio
627 594 796 646 Blaesi
841 600 1012 660 erant,
1072 610 1191 662 pars
1249 601 1469 649 ceteram
1508 598 1734 652 eiusdem
1785 598 2029 653 familiam

191 685 472 751 vincirent,
533 687 618 738 alii
660 687 724 738 ad
763 687 1132 764 quaerendum„
1158 702 1342 755 corpus
1391 689 1785 744 effunderentur.
1859 690 1941 746 Ae
1972 691 2026 745 ni

154 785 409 844 spropere
447 791 613 844 neque
653 794 837 845 corpus
877 779 1032 831 ullum
1054 766 1288 846 reperiri,>
1332 786 1382 833 et
1419 794 1598 835 servos
1636 783 1873 837 adhibitis
1905 799 2027 838 cru-

193 868 407 920 ciatibus
447 869 671 921 abnuere
717 870 956 935 caedem,
1018 885 1183 938 neque
1231 871 1302 923 illi
1354 873 1514 926 fuisse
1556 889 1775 942 unquam
1817 877 2027 929 fratrem

188 955 551 1026 pernotuisset‚
590 961 726 1013 haud
762 961 967 1013 multum
1004 961 1067 1015 ab
1103 963 1257 1016 exitio
1295 963 1452 1032 legati
1477 965 1703 1018 aberant.
1775 966 2026 1020 Tribunos

187 1056 357 1105 tamen
391 1069 451 1105 ac
476 1053 788 1120 praefectum
824 1060 1106 1106 castrorum
1133 1061 1424 1121 extrusere3
1460 1059 1696 1110 sarcinae
1726 1058 2031 1126 fugientium

194 1143 450 1210 direptae3
495 1149 545 1196 et
583 1146 813 1197 centurio
852 1146 1075 1197 Lucilius
1115 1146 1444 1213 interficitur,
1486 1148 1567 1200 cui
1601 1148 2029 1202 militaribusfa-

127 1255 176 1301 ω
192 1235 338 1286 cetiis
372 1235 676 1287 vocabulum
706 1235 856 1289 ‘cedo
884 1237 1107 1290 alteram’
1146 1239 1452 1305 indiderant,
1493 1241 1610 1306 quia
1636 1241 1797 1293 fracta
1832 1241 1936 1295 vite
1971 1243 2025 1294 in

192 1331 340 1395 tergo
380 1327 552 1380 militis
591 1328 798 1380 altera-m
850 1329 986 1381 clara
1035 1344 1167 1383 voce
1216 1347 1277 1383 ac
1325 1346 1501 1384 rursus
1561 1320 1730 1384 aliam'
1761 1332 2031 1400 poscebat.

189 1417 400 1470 Ceteros
434 1419 663 1471 latebrae
698 1424 890 1485 texere,
932 1435 1034 1472 uno
1072 1425 1271 1473 retento
1305 1422 1562 1476 Clemente
1601 1423 1744 1490 Iulio,
1785 1424 1871 1491 qui
1903 1426 2029 1492 pera·-

188 1508 418 1562 serendis
469 1510 681 1562 militum
729 1511 980 1563 mandatis
1031 1512 1313 1564 habebatur
1359 1513 1575 1567 idoneus
1627 1515 1692 1566 ob
1743 1521 2027 1583 prompnm

188 1601 465 1668 ingenium.
559 1603 690 1664 Quin
743 1602 886 1669 ipsae
934 1603 1069 1655 inter
1115 1604 1172 1656 s'e
1225 1604 1460 1672 legiones
1512 1611 1694 1658 octava
1749 1608 1799 1659 et
1851 1607 2029 1674 quinta.

126 1706 174 1753 ις.
191 1692 387 1745 decima
424 1692 611 1746 ferrum
634 1694 899 1760 parabant,
939 1695 1056 1747 dum
1096 1697 1444 1749 centurionem
1482 1703 1822 1765 cognomento
1857 1700 2027 1766 supi—

190 1799 302 1836 cum
347 1785 431 1836 illa
473 1786 622 1836 morti
673 1786 927 1853 deposcit,
991 1787 1433 1853 quintadecumani
1483 1794 1710 1855 tuentur,
1770 1791 1824 1842 ni
1878 1791 2023 1844 miles

187 1890 421 1929 nonanus
462 1892 644 1944 preces
680 1882 729 1930 et
765 1877 1037 1930 adversum
1073 1881 1391 1946 aspernantis
1426 1881 1589 1933 minas
1627 1882 1990 1935 intel-iecisset.

325 1969 466 2021 Haec
507 1969 676 2021 audita
718 1984 1018 2036 quamquam
1050 1970 1430 2046 ,abstrusumet
1467 1973 1754 2026 tristissima
1793 1984 2108 2042 quaeque-24

188 2059 406 2112 maxime
457 2061 795 2113 occultantem
832 2045 1089 2114 Tiberium*
1122 2046 1434 2129 perpulere,
1501 2069 1555 2115 ut
1606 2065 1824 2117 Drusum
1869 2053 2024 2118 lilium

124 2163 302 2205 uocum
337 2152 648 2219 primoribus
686 2153 906 2205 civitatis
946 2153 1242 2221 duabusque
1266 2155 1537 2221 praetoriis
1577 2156 1872 2210 cohortibus
1907 2157 2027 2209 mita-

186 2248 332 2309 terct,
371 2244 522 2296 nullis
557 2245 682 2296 satis
719 2245 871 2296 certis
908 2245 1176 2311 mandatis,
1208 2263 1272 2297 cx
1310 2262 1367 2298 re
1405 2247 1765 2299 consulturum.
1840 2248 1902 2300 Et
1931 2263 2025 2300 co-

186 2335 361 2387 hortes
401 2334 601 2387 delecto
638 2336 796 2388 milite
833 2352 983 2402 supra
1022 2337 1223 2388 solitum
1268 2336 1509 2390 firmatae.
1582 2337 1802 2390 Additur
1839 2354 2024 2408 magna

186 2441 305 2494 pars
359 2427 671 2493 praetoriani
723 2427 905 2494 equitis
969 2432 1019 2479 et
1073 2428 1263 2479 robora
1320 2428 1712 2494 Germanorum,
1779 2430 1863 2497 qui
1918 2436 2022 2482 turn

189 2518 430 2571 custodes
467 2519 761 2585 imperatori
792 2519 1034 2583 aderant;
1069 2519 1216 2571 sim-ul
1252 2520 1493 2586 praetorii
1531 2521 1820 2587 praefectus
1845 2522 2025 2576 Aelius

124 2628 173 2667 25
191 2609 423 2675 Seianm,
464 2610 664 2677 collega
706 2610 942 2663 Straboni
975 2611 1106 2678 patri
1143 2625 1236 2663 suo
1274 2596 1437 2677 datus,
1479 2606 1664 2680 magna
1705 2595 1835 2680 apud
1873 2614 2027 2667 Tibe-

305 2754 349 2794 4.
381 2752 605 2794 vincerent
635 2764 685 2806 pr
716 2751 772 2793 M.
837 2752 878 2794 5.
912 2752 1130 2810 repperiri
1160 2751 1215 2793 M.
1298 2751 1342 2794 6.
1373 2765 1572 2807 umquam
1602 2752 1657 2795 M.
1758 2752 1799 2795 7.
1831 2751 1939 2795 haut
1968 2752 2023 2796 Μ.

193 2809 261 2854 10.
296 2812 428 2853 caedo
461 2812 516 2854 M.
579 2814 701 2866 facta
731 2812 849 2854 uitae
880 2812 936 2854 M.
1034 2812 1101 2855 15.
1136 2824 1252 2853 nunc
1300 2811 1466 2854 decima
1496 2812 1551 2854 M.
1649 2812 1716 2855 17.
1755 2826 1938 2869 praeces
1968 2813 2023 2855 M.

189 2871 262 2915 20.
297 2871 458 2912 duabus
490 2886 598 2926 quae
630 2871 685 2913 M.
754 2872 825 2915 25.
860 2872 1077 2914 Seinanus
1109 2884 1160 2925 pr
1190 2871 1245 2914 M.
1309 2879 1413 2928 aput
1444 2872 1498 2914 M.

191 3000 342 3046 delicti
376 3016 558 3059 corpus,
593 3011 639 3046 ut
673 3003 823 3046 dicunt
854 3007 1063 3047 iurecon-
1150 3005 1385 3048 advenisse
1441 3006 1742 3060 praetorianos
1795 3005 2026 3051 crederent

190 3063 320 3118 sulti,
354 3064 548 3118 reperire
581 3063 744 3107 milites
778 3066 876 3107 irati
910 3065 1064 3106 stude-
1149 3071 1281 3120 atquc
1314 3078 1447 3121 aegre
1481 3067 1668 3118 ferrent,
1720 3066 1826 3108 duas
1858 3073 2023 3109 tantum

191 3122 310 3166 bunt.
363 3124 707 3180 Effundereneur
740 3129 783 3165 et
816 3123 1064 3165 multitudi-
1150 3122 1355 3165 cohortes
1388 3126 1624 3178 imperator
1656 3126 1799 3178 misit;
1834 3139 1946 3181 quae
1978 3133 2026 3167 ut

190 3194 290 3225 nem
325 3189 368 3224 et
401 3185 608 3238 impetum
656 3183 809 3225 turbae
843 3197 897 3225 ex
929 3186 1065 3237 portis
1150 3183 1308 3225 rob-ore
1329 3195 1415 3224 non
1442 3186 1620 3226 omnino
1645 3191 1861 3238 carerent,
1894 3195 2024 3240 snpra

193 3249 433 3285 castrorum
465 3244 786 3297 prorumpentis
818 3244 976 3300 pingit.
1150 3243 1342 3295 solitum,
1379 3243 1420 3284 h.
1447 3257 1487 3285 e.
1521 3256 1651 3299 supra
1670 3256 1896 3286 numerum
1918 3245 2024 3287 mil-

1150 3300 1380 3353 lenarium,
1413 3309 1568 3345 auctae
1601 3308 1715 3345 suut.

283 3359 387 3415 Cap.
431 3360 503 3406 24.
585 3368 623 3404 et
669 3361 863 3404 cohortes
905 3360 1065 3404 detecto
1240 3363 1417 3416 quitum
1439 3363 1629 3406 custodes
1645 3363 1898 3418 imperatori
1912 3361 2023 3404 wde-

191 3418 323 3461 milite
351 3435 483 3476 supra
506 3421 672 3463 solitum
689 3423 914 3475 firmatae.-
949 3421 1067 3463 dele·
1150 3429 1279 3467 rant:
1315 3420 1551 3463 Germanos
1577 3421 1780 3465 custodes
1807 3427 1907 3476 post
1927 3421 2021 3463 cla-

194 3487 284 3521 ctus
315 3479 435 3519 miles
477 3481 642 3535 singuli
687 3488 787 3523 sunt
821 3495 875 3522 ex
909 3482 1067 3522 ceteris
1153 3480 1250 3522 dem
1268 3480 1498 3522 Varianam
1516 3482 1741 3538 Augustus
1774 3481 2020 3521 dimiserat:

194 3538 451 3580 cohortibus
485 3541 714 3591 praetoriis
766 3541 870 3582 lecti
904 3547 948 3582 et
979 3540 1068 3581 illis
1154 3540 1388 3583 Suetonius
1418 3540 1534 3597 Aug.
1567 3542 1639 3583 49.
1689 3540 1788 3582 Mox
1820 3544 1895 3579 aut
1925 3539 2021 3593 ipse

194 3597 362 3640 duabus
397 3598 595 3638 immixti.
658 3599 837 3640 Scilicet
866 3612 922 3640 ne
954 3598 1067 3640 Pan-
1153 3605 1228 3640 aut
1258 3599 1454 3641 Tiberius
1488 3599 1679 3650 eosdem,
1712 3603 1760 3639 ut
1791 3596 1893 3639 hinc
1925 3597 2020 3639 cla-

193 3658 355 3702 noniae
396 3656 599 3715 legiones
652 3657 707 3700 ad
744 3668 792 3700 se
834 3657 1068 3701 domandas
1151 3670 1262 3713 rum,
1294 3670 1442 3701 rursus
1465 3658 1699 3701 acciverat.
1738 3655 2019 3700 tran-ticulum
