2280 4004
233 279 320 324 124
1001 273 1296 332 ANNAL1VM
1685 304 1724 336 a.
1757 303 1802 337 u.
1837 292 2055 342 769-170.

334 446 337 449 ⁴
369 427 491 480 Fine
527 430 646 483 anni
680 445 829 483 arcus
862 439 1070 499 propter
1105 434 1283 486 aedem
1321 435 1524 488 Saturni
1562 435 1628 487 ob
1663 442 1871 504 recepta
1900 438 2057 507 signa
2071 441 2141 492 41

232 532 344 569 cum
379 520 513 571 Varo
551 522 736 573 amissa
776 523 927 574 ductu
954 524 1260 590 Germanici,
1299 527 1540 592 auspiciis
1569 527 1776 592 Tiberii,
1798 532 1868 579 *et
1901 529 2058 583 aedes

228 608 392 662 Fortis
430 612 680 663 Fortunae
720 613 938 666 Tiberim
971 615 1108 677 iuxta
1146 616 1198 666 in
1237 616 1398 668 hortis
1447 631 1574 683 quos
1613 618 2061 671 Caesardictator

227 701 413 767 populo
450 702 677 754 Romano
715 703 1007 771 legaverat,
1067 708 1350 759 sacrarium
1387 710 1528 775 genti
1567 709 1723 761 Iuliae
1760 709 2078 777 effigiesque,

188 790 348 843 sdivo
390 792 625 860 Augusto
667 795 798 861 apud
835 797 1059 850 Bovillas
1102 799 1351 854 dicantur.

369 884 494 938 Gaio
548 885 773 937 Caecilio
823 889 980 940 Lucio
1034 890 1311 956 Pomponio
1378 891 1671 943 consulibus
1725 891 2058 947 Germanicus

106 903 147 1105 f
227 974 417 1028 Caesar
469 981 584 1027 ante
638 977 770 1030 diem
819 981 1081 1046 septimum
1131 981 1376 1034 kalendas
1415 983 1582 1034 Iunias
1630 983 1954 1049 triumphavit
1994 983 2060 1036 de

106 1107 113 1136 ι
226 1064 497 1118 Cheruscis
542 1068 835 1135 Chattisque
874 1076 923 1121 et
956 1058 1314 1139 AngrivariiS,
1380 1087 1609 1140 quaeque
1647 1073 1778 1126 aliae
1822 1073 2058 1128 nationes

110 1141 122 1230 ξ
224 1171 386 1223 usque
433 1157 497 1209 ad
545 1159 714 1211 Albim
768 1161 953 1213 colunt.
1047 1165 1203 1215 Vecta
1256 1164 1447 1230 spolia,
1506 1165 1725 1231 captivi,
1787 1164 2057 1217 simulacra

105 1234 122 1314 ᾖ
158 1257 210 1295 10
228 1249 469 1300 montium
503 1250 761 1304 fluminum
786 1254 1125 1319 proeliorum3
1158 1255 1460 1322 bellumque,
1491 1256 1607 1322 quia
1641 1255 1896 1307 conficere
1932 1270 2060 1322 pro-

107 1320 132 1417 ἳ
222 1338 410 1391 hibitus
450 1347 583 1407 erat,
640 1357 733 1408 pro
783 1345 1018 1396 confecto
1056 1346 1415 1412 accipiebatur.
1491 1346 1730 1414 Augebat
1761 1346 2058 1398 intuentium

221 1430 362 1482 visus
392 1432 575 1484 eximia
613 1434 770 1500 ipsius
808 1436 1027 1501 species,
1059 1452 1338 1503 currusque
1368 1437 1588 1503 quinque
1625 1436 1800 1488 liberis
1829 1441 2055 1489 onustus,

115 1528 123 1573 ί
221 1521 322 1574 Sed
360 1522 566 1574 suberat
607 1525 805 1576 occulta
845 1526 1066 1578 formido
1104 1528 1454 1594 reputantibus
1494 1527 1628 1579 haud
1667 1542 1966 1594 prosperum
2002 1528 2058 1579 in

113 1595 115 1609 ἶ
219 1611 385 1664 Druso
417 1619 562 1679 patre
591 1615 700 1667 eius
729 1616 957 1669 favorem
991 1618 1148 1686 vulgi,
1184 1619 1484 1670 avunculum
1513 1616 2056 1671 eiusdem-Marcellum

106 1693 127 1779 ’ᾗ
157 1703 552 1772 isflagrantibus
592 1707 755 1773 plebis
793 1709 974 1760 studiis
1012 1710 1142 1762 intra
1181 1710 1437 1763 iuventam
1479 1715 1732 1776 ereptum,
1783 1710 1969 1765 breves
2005 1713 2056 1762 et
2129 1760 2134 1767 .

121 1790 132 1825 ⁴-
218 1795 470 1847 infaustos
507 1798 677 1863 populi
717 1799 931 1850 Romani
971 1815 1189 1852 amores,

359 1886 592 1940 Ceterum
620 1888 849 1941 Tiberius
876 1891 1081 1942 nomine
1107 1890 1396 1942 Germanici
1434 1895 1672 1942 trecenos
1695 1889 1830 1956 plebi
1859 1893 2057 1942 sester-
2072 1890 2141 1939 42

341 2059 378 2100 1.
414 2060 530 2100 edem
561 2062 755 2103 saturnio
786 2069 1023 2118 praecepta
1055 2062 1121 2103 M:
1171 2062 1363 2116 corregiit
1393 2060 1650 2103 Beroaldus.
1759 2061 1801 2103 3.
1833 2061 1970 2115 fortes
1997 2059 2054 2104 M.

220 2116 261 2159 5.
297 2125 399 2174 aput
429 2119 483 2160 M.
548 2119 589 2162 6.
627 2120 674 2162 G.
710 2121 763 2163 Μ.
841 2122 978 2163 caelio
1011 2121 1073 2162 M:
1126 2122 1316 2163 correxit
1347 2121 1588 2162 Broterius.
1673 2118 1723 2161 L.
1756 2119 1811 2161 M.
1877 2132 1963 2161 cos.
1986 2117 2052 2177 M.

220 2176 261 2219 7.
295 2184 468 2218 ante—
490 2178 598 2236 kal]
635 2180 693 2221 ad
733 2181 830 2223 VII.
882 2181 929 2223 K
962 2194 1059 2222 cum
1092 2180 1169 2223 lin.
1206 2187 1399 2222 traversa
1431 2180 1487 2222 M.
1543 2179 1596 2222 A.
1631 2179 1687 2222 D.
1721 2190 1799 2233 pro
1835 2179 1894 2220 ad
1923 2178 2057 2221 tacite

220 2238 411 2280 correxit
444 2237 634 2294 Lipsius,
728 2240 772 2283 8.
809 2242 1013 2295 cattisque
1047 2240 1101 2281 M.

1179 2396 1370 2438 Caecilio
1404 2395 1558 2450 scripsi
1592 2406 1669 2449 pro
1706 2390 1885 2445 Caelio;
1920 2402 2056 2445 prae-

318 2390 422 2447 Cap.
464 2396 536 2437 41.
601 2410 701 2449 quos
743 2398 910 2439 Caesar
941 2423 997 2429 —
1030 2398 1096 2439 le-
2052 2448 2054 2450 .

1176 2458 1324 2497 sertim
1345 2469 1440 2496 cum
1459 2456 1592 2496 sciam
1614 2465 1740 2509 quam
1759 2459 1894 2506 saepe
1917 2449 2057 2492 codex

216 2459 426 2507 gaverat:
486 2451 642 2496 Cicero
698 2456 887 2511 Philipp.
928 2446 965 2497 II
1021 2460 1093 2500 42.

219 2511 399 2553 Sueton.
436 2510 561 2555 Caes.
594 2514 666 2557 83.
728 2516 812 2557 Dio
856 2516 988 2557 XLIV
1020 2517 1093 2559 35.

216 2570 403 2623 Appian.
458 2570 553 2613 Civ.
617 2574 652 2614 ΙΙ
710 2576 807 2617 143.
872 2575 1092 2617 Plutarch.

217 2628 337 2670 Brut.
372 2631 443 2672 20.
545 2630 610 2673 Cf.
646 2640 791 2675 annot.
827 2634 881 2675 ad
914 2633 989 2675 XII
1021 2634 1091 2676 56.

215 2689 460 2730 sacrarium
506 2692 622 2744 genti
663 2692 826 2733 Iuliae:
879 2693 1093 2734 ludicrum

218 2749 431 2800 circense,
455 2749 635 2791 a'l'acito
657 2751 735 2792 XV
752 2753 808 2795 25
825 2764 1094 2793 commemo-

217 2813 372 2860 ratum,
399 2807 585 2850 sortasse
627 2816 724 2864 post
756 2811 973 2852 adiectum
1010 2817 1091 2853 est.

305 2868 419 2922 apud
465 2868 682 2911 Bovillas.-
734 2876 799 2911 est
849 2871 1004 2912 civitas
1048 2871 1091 2911 in

216 2926 289 2965 via
321 2925 463 2979 Appia
494 2928 550 2968 IX
584 2928 655 2969 vel
676 2929 711 2969 X
734 2928 788 2971 M.
812 2928 855 2970 P.
891 2930 943 2971 ab
967 2929 1089 2971 urbe.

215 2983 327 3025 Hinc
361 2998 518 3040 corpus
551 2987 753 3043 Augusti,
789 2989 904 3043 quod
937 2988 1092 3030 aNola

216 3042 477 3087 decuriones
515 3047 848 3102 municipiorum
889 3054 931 3089 et
965 3048 1090 3089 colo-

215 3103 380 3145 niarum
402 3104 754 3159 deportaverant,
779 3114 969 3161 equester
987 3108 1089 3147 ordo

213 3165 397 3220 suscepit
426 3164 648 3220 intulitque
678 3167 789 3208 urbi.
837 3167 886 3207 V.
909 3167 1087 3207 Sueton.

214 3221 328 3280 Aug.
367 3224 464 3267 100.
500 3223 651 3266 Claud.
685 3226 727 3268 6.

306 3282 521 3324 caecilio:
555 3284 667 3338 apud
693 3285 877 3326 Dionem
900 3283 1012 3325 LVII
1039 3285 1088 3325 17

216 3348 282 3384 est
315 3345 579 3396 Καικίλιος,
631 3344 870 3400 cademque
903 3344 1092 3384 nominis

216 3401 352 3442 forma
417 3409 639 3456 comparet
695 3404 735 3443 in
800 3403 924 3445 fastis
982 3415 1091 3457 quos

214 3460 412 3502 Norisius
448 3475 500 3501 ex
535 3461 687 3503 codice
720 3462 826 3504 bibl.
847 3461 1090 3503 Caesareae

216 3517 476 3573 publicavit,
511 3521 614 3560 item
650 3522 691 3561 in
727 3520 946 3562 Chronico
981 3519 1090 3562 Cas-

215 3578 379 3619 siodori
399 3583 441 3619 et
460 3578 746 3631 inscriptione
760 3580 873 3634 apud
885 3580 1089 3621 Murator.

217 3636 423 3679 Thesaur.
458 3636 656 3691 Inscript.
692 3639 708 3678 1
741 3652 781 3692 p.
815 3641 916 3683 301.
974 3639 1091 3691 Quas

218 3694 501 3743 auctoritates
576 3701 751 3738 secutus
826 3709 921 3739 eum
992 3698 1091 3739 aliis

1175 2515 1399 2556 Mediceus
1419 2514 1575 2556 mediis
1594 2511 1778 2566 syllabis
1803 2508 2055 2552 omittendis

1176 2574 1441 2628 peccaverit.
1505 2571 1673 2614 Titulus
1719 2583 1743 2611 a
1785 2569 1956 2624 Ryckio
1999 2581 2055 2610 ex

1177 2632 1363 2674 Grutero
1396 2632 1484 2675 448
1513 2631 1542 2674 8
1574 2629 1758 2681 allatus,
1792 2628 1867 2670 ubi
1902 2633 1969 2670 est
2004 2628 2057 2670 C.-

1177 2692 1324 2733 Caelio
1352 2693 1467 2746 Ruso
1495 2697 1534 2732 et
1557 2690 1606 2731 L.
1634 2689 1863 2744 Pomponio
1894 2686 2054 2729 Flacco

1175 2766 1309 2804 coss.,
1345 2764 1399 2792 ex
1438 2763 1555 2805 penu
1595 2748 1761 2804 Ligorii
1804 2747 2054 2801 impostoris

1175 2810 1456 2864 depromptus
1491 2815 1571 2851 est.

1262 2869 1564 2925 triumphavit.-
1609 2865 1663 2907 de
1714 2864 1799 2907 hoc
1831 2863 2053 2920 triumpho

1174 2928 1327 2970 Strabo
1364 2927 1440 2969 VII
1467 2930 1488 2970 1
1522 2926 1551 2970 4
1582 2939 1623 2981 p.
1658 2924 1777 2969 291:
1812 2925 1973 2968 ἔτισαν
2005 2924 2056 2968 δὲ

1173 2987 1307 3036 δίκας
1353 2987 1557 3035 ἅπαντες
1592 2988 1672 3029 καὶ
1715 2987 1960 3042 παρέσχον
1991 2983 2059 3042 τῷ·

1173 3051 1385 3105 νεωτέρῳ
1409 3045 1689 3104 Γερμαμικῷ
1717 3044 2054 3102 λαμπρότατον

1172 3111 1423 3164 θρίαμβον,
1456 3108 1506 3149 ἐν
1540 3106 1574 3162 ᾧ
1604 3101 1927 3159 ἐθριαμβεύθη
1960 3100 2055 3145 τῶν

1172 3164 1567 3223 ἐπιφανεστάτων
1608 3161 1803 3219 ἀνδρῶν
1850 3159 2052 3219 σώματα

1171 3227 1247 3267 καὶ
1309 3227 1572 3282 γυναικῶν,
1631 3220 1958 3277 Σεγιμοῦνῐός
2007 3234 2053 3263 τε

1170 3286 1408 3340 Σεγέσιου
1444 3283 1568 3334 υἱός,
1618 3277 1912 3336 Χηρούσκων
1943 3277 2052 3334 ἤγε-

1189 3343 1299 3394 ιών,
1349 3345 1431 3385 καὶ
1469 3334 1644 3399 ἀδελφὴ
1682 3338 1826 3382 αὑτοῦ
1855 3333 1972 3395 γυνῆ
2012 3338 2052 3380 δ’

1170 3406 1445 3460 Λρμενίου,
1485 3402 1575 3443 τοῦ
1603 3397 2052 3465 πολεμαρχήσαντρς

1171 3464 1221 3505 ἐν
1263 3470 1360 3510 τοῖς
1407 3459 1705 3519 Χηρούσκοις
1747 3459 1796 3500 ἐν
1838 3456 1889 3514 τῇ
1932 3469 2051 3512 προς

1176 3518 1364 3579 Οὔαρον
1410 3520 1711 3563 Κουϊντίλιον
1757 3520 2046 3570 παρασπονν

1172 3580 1302 3633 θήσει
1367 3582 1444 3622 καὶ
1505 3580 1589 3621 νῦν
1652 3577 1716 3618 ἔτι
1769 3575 2047 3629 συνέχοντος

1171 3638 1402 3698 πόλεμον,
1438 3636 1590 3695 ὄνομα
1629 3631 1926 3682 Θουσνέλδα,
1965 3636 2045 3676 καὶ

1173 3694 1273 3747 υἱὸς
1308 3692 1483 3755 τριετὴς
1519 3689 1815 3753 Θουμελικός,
1849 3696 1932 3733 cet.
