2280 4004
231 287 329 330 230*
1013 291 1304 337 ANNALWM
1800 313 1841 345 a.
1874 312 1919 346 u.
1949 303 2054 349 8115.

231 427 377 494 silio,
435 430 527 482 sed
565 430 622 482 vi·
646 430 892 482 ac‘minis
930 431 1097 485 alares
1138 435 1410 502 exterruit,
1471 436 1801 506 legionarios·
1827 441 2052 509 obtrivit,

229 533 330 571 uno
381 525 570 572 tantum
622 522 926 575 ‘centurione
963 523 1220 592 Tarquitio
1274 527 1551 581 Crescente
1595 531 1798 596 turrim,
1853 532 1907 584 in
1956 540 2054 600 qua

228 611 535 677 praesidium
573 612 825 680 agitabat,
882 615 1162 669 defendere
1201 633 1358 685 ause,
1416 620 1651 689 factaque
1687 623 1897 691 saepius
1931 640 2054 678 em-

227 701 406 767 ptione>
456 708 505 754 et
561 705 725 757 caesis
783 707 867 773 qui
926 707 1260 787 barbarorum
1314 712 1519 779 propius
1569 716 2048 784 suggrediebantur‚

191 791 395 850 sdonec
426 794 620 862 ignium
647 796 783 848 iactu
820 799 1287 854 circumveniretur.
1360 804 1586 856 Peditum
1614 806 1659 858 si
1698 807 1809 873 quis
1830 809 2065 877 integer,

223 883 502 955 longinqua
538 892 587 939 et
616 888 747 954 avia,
786 889 1036 942 vulnerati
1075 897 1241 945 castra
1276 895 1582 961 repetivere,
1617 896 1852 950 virtutem
1888 899 2047 968 regiS,

222 978 485 1030 saevitiam
526 984 576 1032 et
615 980 787 1048 copias
830 983 1086 1050 gentium,
1142 990 1327 1037 cuncta
1362 991 1497 1038 metu
1536 987 1869 1055 extollenteS,
1909 990 2049 1042 sacili

223 1070 521 1124 credulitate
556 1087 731 1124 eorum
770 1075 852 1140 qui
892 1075 1070 1127 eadem
1109 1078 1378 1143 pavebant,
1451 1079 1527 1134 Ne
1569 1079 1671 1133 dux
1712 1080 1914 1148 quidem
1950 1083 2050 1135 ob-

219 1161 311 1214 niti
348 1162 610 1229 adversiS,
674 1165 767 1217 sed
812 1171 991 1219 cuncta
1032 1167 1238 1220 militiae
1283 1169 1452 1222 munia
1492 1169 1817 1237 deseruerat,
1877 1173 2047 1228 missis

158 1251 398 1305 witerum
444 1255 508 1306 ad
550 1255 889 1309 Corbulonem
934 1258 1203 1325 precibus,
1263 1260 1463 1313 veniret
1506 1275 1748 1329 propere,
1811 1264 1960 1332 signa
1997 1270 2048 1319 et

218 1345 411 1412 aquilas
467 1352 516 1398 et
568 1362 755 1400 nomen
814 1349 1062 1416 reliquum
1116 1351 1339 1404 infelicis
1384 1353 1637 1406 exercitus
1689 1359 1942 1407 tueretur:
1986 1371 2046 1408 se

215 1436 364 1490 fidem
395 1438 613 1505 iuterim,
633 1440 800 1492 donec
824 1442 927 1493 vita
954 1442 1255 1508 suppeditet,
1280 1447 1585 1496 retenturos.
1652 1445 1740 1498 Ille
1767 1446 2044 1514 interritus,
2063 1448 2132 1502 12

216 1534 265 1580 et
299 1534 440 1595 parte
480 1531 738 1598 copiarum
776 1533 907 1599 apud
937 1534 1135 1602 Syriam
1169 1534 1348 1587 relicta
1385 1540 1439 1587 ut
1473 1540 1781 1589 munimenta
1797 1538 2046 1606 Euphrati

214 1619 448 1687 imposita
502 1624 870 1691 retinerentur,
934 1640 1032 1692 qua
1090 1626 1373 1692 proximum
1428 1633 1477 1680 et
1525 1629 1893 1681 commeatibus-
1941 1645 2046 1683 non

152 1729 195 1766 ιε
213 1728 455 1783 egenum,
515 1717 781 1786 regionem
818 1716 1238 1786 Commagenam,
1303 1719 1421 1771 exin
1463 1720 1866 1788 Cappadociam,
1925 1722 2046 1776 inde

209 1805 484 1859 Armenios
518 1809 709 1874 petivit.
786 1809 1165 1864 comitabantur
1200 1811 1496 1878 exercitum,
1532 1818 1737 1879 praeter
1764 1813 1862 1867 alia
1897 1819 2044 1868 sueta

211 1898 362 1964 belle,
387 1914 571 1968 magna
604 1901 683 1952 vis
721 1902 1030 1956 camelorum
1059 1909 1240 1955 onusta
1277 1904 1532 1970 frumenti,
1571 1908 1625 1956 ut
1659 1904 1810 1958 simul
1845 1905 2044 1958 hostem

210 1990 494 2060 famemque
544 1992 838 2060 depelleret.
909 1995 1126 2047 Primum
1179 2012 1208 2047 e
1243 1995 1493 2062 perculsis
1532 1996 1767 2049 Paccium
1802 1997 2041 2064 primipili

209 2083 559 2138 centurionem
606 2085 810 2137 obvium
858 2085 1064 2153 habuit,
1123 2087 1241 2139 dein
1287 2087 1561 2154 plerosque
1608 2087 1848 2153 militum3
1910 2103 2038 2158 quos

319 2232 361 2275 3.
395 2234 519 2288 sacta
545 2233 827 2276 Puteolanus.
923 2236 1169 2291 erruptione
1195 2233 1275 2277 Ma.

203 2291 244 2332 7.
278 2292 398 2335 seuit.
428 2292 509 2336 Ma.
588 2295 655 2339 10.
693 2295 729 2350 ᾗ
733 2293 848 2336 cibus
880 2293 960 2336 Ma.
1047 2297 1115 2339 12.
1149 2295 1248 2336 uitri
1276 2293 1355 2337 Ma.

203 2349 330 2453 gam
364 2354 478 2456 gusia
511 2351 591 2395 Ma.
687 2354 754 2397 14.
789 2355 878 2411 inp.
911 2354 992 2397 Ma.
1088 2353 1153 2397 15.
1190 2355 1301 2399 emim
1323 2353 1405 2398 Ma.

1373 2235 1417 2279 4.
1454 2233 1561 2276 cesis
1580 2232 1662 2279 Ma.
1749 2234 1926 2295 prorius
1957 2233 2039 2276 Ma.

1435 2294 1552 2351 subp.
1585 2291 1668 2335 Ma.
1762 2293 1831 2336 13.
1865 2293 2040 2335 Suriam

1515 2353 1582 2398 18.
1617 2353 1819 2395 Paccium
1849 2351 1928 2408 Ma,
1954 2366 2042 2411 pa-

290 2555 394 2611 Cap.
432 2557 500 2599 11.
573 2570 618 2598 se
653 2558 781 2612 fidem
812 2559 985 2601 interim
1020 2584 1076 2592 —-

197 2624 462 2659 retenturos:
495 2617 669 2657 interim
699 2618 904 2674 intellige
935 2619 1077 2661 donec

198 2677 251 2719 ab
281 2675 418 2718 altero
441 2676 638 2717 exercitu
658 2677 869 2717 auxilium
893 2678 1073 2720 feratur.

1162 2559 1348 2601 militiae
1392 2570 1491 2600 eum
1537 2553 1753 2613 appellat,
1803 2569 1893 2600 non
1924 2559 2041 2616 quod

1161 2631 1317 2661 revera
1349 2619 1534 2672 primum
1566 2617 1702 2672 pilum
1735 2621 1840 2659 tuno
1871 2617 2008 2662 duxit.

1255 2677 1359 2731 Gap.
1385 2679 1453 2719 12.
1515 2691 1560 2718 se
1590 2677 1677 2718 nisi
1696 2677 1927 2719 victo-ribus
1953 2679 2038 2720 im..

200 2735 284 2788 Qui
328 2734 459 2791 paulo
493 2740 595 2778 ante
627 2749 786 2792 magna
826 2738 971 2779 omnia
1004 2738 1075 2780 lo-

200 2801 326 2838 cutus
370 2800 458 2848 est,
507 2795 795 2837 inconstantis
839 2803 882 2840 et
923 2797 1075 2852 pusilli

198 2856 331 2897 animi
363 2854 510 2907 homo,
544 2855 581 2896 is
613 2856 699 2897 iam
731 2855 961 2899 admodum
993 2856 1074 2898 de·-

198 2917 356 2956 missus
378 2927 425 2957 se
460 2920 675 2970 tamquam
696 2929 828 2958 unum
850 2916 904 2958 de
927 2916 1075 2959 multis

200 2977 244 3015 in
268 2974 425 3016 litteris
456 2974 509 3017 ad
534 2974 829 3016 Corbulonem
862 2982 1073 3017 numerat.

200 3034 304 3076 Inde
358 3041 598 3078 retenturos
652 3035 846 3077 scribere
901 3035 1075 3076 Tacitus

200 3094 369 3146 maluit,
403 3106 487 3135 non
521 3100 809 3148 retenturum,
843 3094 960 3151 quod
991 3096 1074 3137 im-

202 3155 468 3208 peratorium
502 3160 609 3197 erat.

291 3271 492 3313 Paccium
517 3272 727 3329 primipilo:
755 3272 1071 3314 centurionem:

202 3330 297 3372 Xlll
329 3332 408 3375 36:
444 3346 595 3373 curam
622 3332 940 3388 praesidiorum
962 3333 1074 3373 Pae-

203 3393 267 3432 cio
291 3391 420 3445 Orfito
441 3392 652 3448 primipili
673 3393 834 3433 honore
848 3395 1075 3448 perfuncto

201 3451 390 3492 mandat.
454 3451 614 3493 Eadem
650 3465 777 3504 eura,
810 3458 856 3492 ut
888 3453 1075 3503 videtur,

202 3523 316 3551 nunc
349 3511 427 3551 sub
451 3511 584 3552 Paeto
608 3512 876 3566 improspere
901 3512 1076 3554 functus

205 3575 247 3610 et
286 3571 458 3611 omissis
505 3572 736 3625 praesidiis
779 3572 955 3628 fugiens
996 3584 1077 3613 oc-

204 3630 337 3670 currit
355 3628 609 3673 Corbuloni.
674 3631 885 3685 Primipili
920 3637 1077 3674 centu-

203 3687 372 3734 rionem
418 3688 590 3734 'l‘acitus
643 3694 821 3745 propter
881 3690 1077 3734 ordinem

1160 2738 1303 2782 mitem
1336 2749 1449 2780 esse:
1482 2748 1531 2778 se
1553 2737 1762 2783 immitem
1784 2742 2041 2792 experturos

1162 2809 1340 2849 omnes,
1385 2797 1471 2838 nisi
1519 2801 1643 2850 parta
1684 2795 1872 2841 victoria
1905 2797 2040 2854 fugae

1160 2856 1446 2912 ignominiam
1490 2854 1722 2902 diluissem
1752 2858 1860 2911 (nur
1888 2855 2043 2913 Sicyo»-

1161 2917 1338 2958 wvtrden
1369 2916 1447 2958 ilm
1476 2915 1605 2957 mildo
1631 2915 1813 2972 finden).
1878 2914 2039 2963 Brevi-

1162 2975 1388 3031 loquentia
1433 2981 1498 3017 est
1545 2975 1641 3017 viro
1678 2973 1857 3015 militari
1889 2975 2038 3031 digua.

1247 3035 1320 3076 ubi
1347 3049 1432 3090 par
1475 3049 1622 3076 eorum
1662 3047 1888 3077 numerus:
1931 3047 2039 3089 sup-

1161 3094 1366 3148 plendum
1413 3101 1533 3136 esset.
1600 3093 1826 3136 Sententia
1869 3099 1960 3147 est,
2000 3095 2037 3136 si

1161 3166 1271 3195 unus
1317 3154 1371 3196 de
1403 3154 1551 3195 multis
1592 3166 1725 3195 unum
1761 3153 1903 3194 civem
1939 3166 2038 3195 ser-

1161 3220 1308 3255 vasset
1341 3226 1391 3255 ac
1423 3220 1655 3268 propterea
1687 3224 1849 3254 corona
1878 3213 2036 3266 civica,

1160 3279 1374 3328 tamquam
1422 3275 1660 3328 praecipuo
1693 3272 1868 3314 virtutis
1905 3285 2037 3327 prae-

1162 3334 1263 3385 mio,
1289 3333 1341 3374 ab
1360 3334 1624 3387 imperatore
1647 3332 1895 3384 donaretur,
1921 3331 2037 3387 quod

1163 3399 1205 3434 et
1235 3398 1440 3448 quantum
1473 3393 1621 3445 decus,
1643 3393 1714 3434 ubi
1746 3404 1822 3445 par
1852 3404 2036 3434 servan-

1164 3454 1267 3493 tium
1293 3466 1343 3493 ac
1365 3459 1635 3495 servatorum
1660 3463 1864 3492 nurnerus
1885 3449 2036 3492 esset?

1163 3511 1343 3555 Scilicet
1375 3514 1566 3567 promitti
1599 3511 1740 3553 noluit
1766 3523 1908 3565 neque
1931 3521 2036 3550 sana

1163 3577 1308 3613 mente
1362 3574 1504 3627 potuit
1542 3585 1640 3614 sese
1698 3569 1897 3611 omnihus
1944 3569 2034 3609 suis

1161 3631 1373 3673 militibus
1397 3633 1594 3674 daturum
1626 3643 1722 3672 esse
1753 3639 1934 3669 coronas
1967 3629 2034 3668 ci-

1160 3690 1295 3735 vicas.
1352 3690 1436 3735 Sed
1456 3691 1529 3746 qui
1551 3689 1738 3747 glossam
1765 3687 2030 3743 apisceretur
