<?xml version="1.0" encoding="UTF-8"?>
<!DOCTYPE html PUBLIC "-//W3C//DTD XHTML 1.0 Transitional//EN"
    "http://www.w3.org/TR/xhtml1/DTD/xhtml1-transitional.dtd">
<html xmlns="http://www.w3.org/1999/xhtml" xml:lang="en" lang="en">
 <head>
  <title>
</title>
<meta http-equiv="Content-Type" content="text/html;charset=utf-8" />
  <meta name='ocr-system' content='tesseract 3.04.00' />
  <meta name='ocr-capabilities' content='ocr_page ocr_carea ocr_par ocr_line ocrx_word'/>
</head>
<body>
  <div class='ocr_page' id='page_1' title='image "./operaadcodicesan01taciuoft_0289.png"; bbox 0 0 2280 4004; ppageno 0'>
   <div class='ocr_carea' id='block_1_1' title="bbox 241 241 2067 308">
    <p class='ocr_par' dir='ltr' id='par_1_1' title="bbox 241 241 2067 308">
     <span class='ocr_line' id='line_1_1' title="bbox 241 241 2067 308; baseline -0.003 -14"><span class='ocrx_word' id='word_1_1' title='bbox 241 261 268 308; x_wconf 59' lang='lat' dir='ltr'>a</span> <span class='ocrx_word' id='word_1_2' title='bbox 298 247 346 294; x_wconf 75' lang='lat' dir='ltr'>G..</span> <span class='ocrx_word' id='word_1_3' title='bbox 380 249 452 305; x_wconf 76' lang='lat'><strong>22.</strong></span> <span class='ocrx_word' id='word_1_4' title='bbox 845 243 1010 289; x_wconf 64' lang='lat' dir='ltr'>[ABER</span> <span class='ocrx_word' id='word_1_5' title='bbox 1039 244 1090 304; x_wconf 74' lang='grc' dir='ltr'>η.</span> <span class='ocrx_word' id='word_1_6' title='bbox 1154 241 1264 304; x_wconf 59' lang='lat'>0422</span> <span class='ocrx_word' id='word_1_7' title='bbox 1296 244 1486 290; x_wconf 81' lang='lat'><strong>52-54.</strong></span> <span class='ocrx_word' id='word_1_8' title='bbox 1976 245 2067 306; x_wconf 57' lang='lat'>,2¹1</span> 
     </span>
    </p>
   </div>
   <div class='ocr_carea' id='block_1_2' title="bbox 243 384 2099 655">
    <p class='ocr_par' dir='ltr' id='par_1_2' title="bbox 243 384 2167 643">
     <span class='ocr_line' id='line_1_2' title="bbox 243 384 2070 461; baseline -0.004 -19"><span class='ocrx_word' id='word_1_9' title='bbox 243 391 418 446; x_wconf 85' lang='lat' dir='ltr'>velim:</span> <span class='ocrx_word' id='word_1_10' title='bbox 479 389 599 442; x_wconf 91' lang='lat' dir='ltr'>mihi</span> <span class='ocrx_word' id='word_1_11' title='bbox 653 394 816 441; x_wconf 88' lang='lat' dir='ltr'>autem</span> <span class='ocrx_word' id='word_1_12' title='bbox 867 404 1031 458; x_wconf 90' lang='lat' dir='ltr'>neque</span> <span class='ocrx_word' id='word_1_13' title='bbox 1083 389 1352 443; x_wconf 87' lang='lat' dir='ltr'>honestum</span> <span class='ocrx_word' id='word_1_14' title='bbox 1409 385 1562 448; x_wconf 79' lang='lat' dir='ltr'>silere</span> <span class='ocrx_word' id='word_1_15' title='bbox 1613 399 1781 461; x_wconf 81' lang='lat' dir='ltr'>neque</span> <span class='ocrx_word' id='word_1_16' title='bbox 1835 384 2070 459; x_wconf 81' lang='lat' dir='ltr'>proloqui</span> 
     </span>
     <span class='ocr_line' id='line_1_3' title="bbox 246 467 2070 561; baseline -0.005 -27"><span class='ocrx_word' id='word_1_17' title='bbox 246 482 562 555; x_wconf 86' lang='lat' dir='ltr'>expeditum,</span> <span class='ocrx_word' id='word_1_18' title='bbox 613 481 727 547; x_wconf 87' lang='lat' dir='ltr'>quia</span> <span class='ocrx_word' id='word_1_19' title='bbox 763 496 866 532; x_wconf 89' lang='lat' dir='ltr'>non</span> <span class='ocrx_word' id='word_1_20' title='bbox 904 480 1081 540; x_wconf 88' lang='lat' dir='ltr'>aedilis</span> <span class='ocrx_word' id='word_1_21' title='bbox 1121 483 1204 534; x_wconf 86' lang='lat' dir='ltr'>aut</span> <span class='ocrx_word' id='word_1_22' title='bbox 1238 478 1491 544; x_wconf 88' lang='lat' dir='ltr'>praetoris</span> <span class='ocrx_word' id='word_1_23' title='bbox 1529 467 1613 530; x_wconf 70' lang='lat' dir='ltr'>aut</span> <span class='ocrx_word' id='word_1_24' title='bbox 1650 475 1875 561; x_wconf 75' lang='lat' dir='ltr'>consulis</span> <span class='ocrx_word' id='word_1_25' title='bbox 1913 476 2070 541; x_wconf 83' lang='lat' dir='ltr'>partis</span> 
     </span>
     <span class='ocr_line' id='line_1_4' title="bbox 247 557 2099 655; baseline -0.005 -30"><span class='ocrx_word' id='word_1_26' title='bbox 247 573 490 626; x_wconf 87' lang='lat' dir='ltr'><strong>sustineo.</strong></span> <span class='ocrx_word' id='word_1_27' title='bbox 563 573 722 624; x_wconf 88' lang='lat' dir='ltr'>Maius</span> <span class='ocrx_word' id='word_1_28' title='bbox 770 571 958 638; x_wconf 90' lang='lat' dir='ltr'>aliquid</span> <span class='ocrx_word' id='word_1_29' title='bbox 1013 576 1061 622; x_wconf 90' lang='lat' dir='ltr'>et</span> <span class='ocrx_word' id='word_1_30' title='bbox 1113 569 1364 622; x_wconf 85' lang='lat' dir='ltr'><strong>excelsius</strong></span> <span class='ocrx_word' id='word_1_31' title='bbox 1413 585 1441 620; x_wconf 91' lang='lat' dir='ltr'>a</span> <span class='ocrx_word' id='word_1_32' title='bbox 1485 557 1713 643; x_wconf 78' lang='lat' dir='ltr'>principe</span> <span class='ocrx_word' id='word_1_33' title='bbox 1765 566 2099 655; x_wconf 60' lang='lat' dir='ltr'>postulatum</span> 
     </span>
    </p>
   </div>
   <div class='ocr_carea' id='block_1_3' title="bbox 122 658 2156 831">
    <p class='ocr_par' dir='ltr' id='par_1_3' title="bbox 122 647 2277 829">
     <span class='ocr_line' id='line_1_5' title="bbox 250 658 2134 737; baseline -0.003 -21"><span class='ocrx_word' id='word_1_34' title='bbox 250 669 298 716; x_wconf 90' lang='lat' dir='ltr'>et</span> <span class='ocrx_word' id='word_1_35' title='bbox 349 679 459 717; x_wconf 90' lang='lat' dir='ltr'>cum</span> <span class='ocrx_word' id='word_1_36' title='bbox 496 668 635 714; x_wconf 90' lang='lat' dir='ltr'>recte</span> <span class='ocrx_word' id='word_1_37' title='bbox 678 663 925 714; x_wconf 86' lang='lat' dir='ltr'>sactorum</span> <span class='ocrx_word' id='word_1_38' title='bbox 968 661 1065 713; x_wconf 93' lang='lat' dir='ltr'>sibi</span> <span class='ocrx_word' id='word_1_39' title='bbox 1112 661 1325 727; x_wconf 90' lang='lat' dir='ltr'>quisque</span> <span class='ocrx_word' id='word_1_40' title='bbox 1378 660 1592 727; x_wconf 82' lang='lat' dir='ltr'>gratiam</span> <span class='ocrx_word' id='word_1_41' title='bbox 1635 658 1863 737; x_wconf 75' lang='lat' dir='ltr'>trahant,</span> <span class='ocrx_word' id='word_1_42' title='bbox 1921 659 2134 732; x_wconf 70' lang='lat' dir='ltr'>Q</span> 
     </span>
     <span class='ocr_line' id='line_1_6' title="bbox 122 749 2156 831; baseline -0.008 -26"><span class='ocrx_word' id='word_1_43' title='bbox 122 763 181 827; x_wconf 51' lang='lat' dir='ltr'>K&lt;</span> <span class='ocrx_word' id='word_1_44' title='bbox 250 755 440 807; x_wconf 86' lang='lat' dir='ltr'>invidia</span> <span class='ocrx_word' id='word_1_45' title='bbox 477 753 538 806; x_wconf 90' lang='lat' dir='ltr'>ab</span> <span class='ocrx_word' id='word_1_46' title='bbox 578 753 828 831; x_wconf 72' lang='lat' dir='ltr'>anibus</span> <span class='ocrx_word' id='word_1_47' title='bbox 842 757 1101 824; x_wconf 73' lang='lat' dir='ltr'>peccatur</span> <span class='ocrx_word' id='word_1_48' title='bbox 1181 750 1320 817; x_wconf 81' lang='lat' dir='ltr'>Quid</span> <span class='ocrx_word' id='word_1_49' title='bbox 1370 751 1501 802; x_wconf 90' lang='lat' dir='ltr'>enim</span> <span class='ocrx_word' id='word_1_50' title='bbox 1536 750 1749 817; x_wconf 79' lang='lat' dir='ltr'>primum</span> <span class='ocrx_word' id='word_1_51' title='bbox 1796 749 2270 815; x_wconf 49' lang='lat' dir='ltr'>prohiberes</span> 
     </span>
    </p>
   </div>
   <div class='ocr_carea' id='block_1_4' title="bbox 165 840 2146 2096">
    <p class='ocr_par' dir='ltr' id='par_1_4' title="bbox 165 840 2146 2096">
     <span class='ocr_line' id='line_1_7' title="bbox 253 840 2075 912; baseline -0.004 -15"><span class='ocrx_word' id='word_1_52' title='bbox 253 851 301 897; x_wconf 92' lang='lat' dir='ltr'>et</span> <span class='ocrx_word' id='word_1_53' title='bbox 340 845 561 912; x_wconf 89' lang='lat' dir='ltr'>priscum</span> <span class='ocrx_word' id='word_1_54' title='bbox 591 843 654 894; x_wconf 89' lang='lat' dir='ltr'>ad</span> <span class='ocrx_word' id='word_1_55' title='bbox 690 858 883 894; x_wconf 90' lang='lat' dir='ltr'>morem</span> <span class='ocrx_word' id='word_1_56' title='bbox 918 843 1153 895; x_wconf 85' lang='lat' dir='ltr'>recidere</span> <span class='ocrx_word' id='word_1_57' title='bbox 1191 841 1502 908; x_wconf 75' lang='lat' dir='ltr'>adgrediar?</span> <span class='ocrx_word' id='word_1_58' title='bbox 1540 841 1850 907; x_wconf 78' lang='lat' dir='ltr'>villarumne</span> <span class='ocrx_word' id='word_1_59' title='bbox 1884 840 2075 903; x_wconf 80' lang='lat' dir='ltr'>infinita</span> 
     </span>
     <span class='ocr_line' id='line_1_8' title="bbox 250 931 2076 1012; baseline -0.004 -26"><span class='ocrx_word' id='word_1_60' title='bbox 250 934 447 1012; x_wconf 75' lang='lat' dir='ltr'>spatia?</span> <span class='ocrx_word' id='word_1_61' title='bbox 503 933 820 985; x_wconf 89' lang='lat' dir='ltr'>Familiarum</span> <span class='ocrx_word' id='word_1_62' title='bbox 870 948 1131 995; x_wconf 87' lang='lat' dir='ltr'>numerum</span> <span class='ocrx_word' id='word_1_63' title='bbox 1180 937 1228 982; x_wconf 89' lang='lat' dir='ltr'>et</span> <span class='ocrx_word' id='word_1_64' title='bbox 1264 932 1541 994; x_wconf 77' lang='lat' dir='ltr'>nationes?</span> <span class='ocrx_word' id='word_1_65' title='bbox 1603 931 1820 1004; x_wconf 75' lang='lat' dir='ltr'>Argenti</span> <span class='ocrx_word' id='word_1_66' title='bbox 1870 937 1919 984; x_wconf 88' lang='lat' dir='ltr'>et</span> <span class='ocrx_word' id='word_1_67' title='bbox 1967 931 2076 988; x_wconf 81' lang='lat' dir='ltr'>auri</span> 
     </span>
     <span class='ocr_line' id='line_1_9' title="bbox 249 1022 2079 1094; baseline -0.003 -15"><span class='ocrx_word' id='word_1_68' title='bbox 249 1025 487 1094; x_wconf 79' lang='lat' dir='ltr'>pondus?</span> <span class='ocrx_word' id='word_1_69' title='bbox 527 1025 678 1078; x_wconf 90' lang='lat' dir='ltr'>Aeris</span> <span class='ocrx_word' id='word_1_70' title='bbox 710 1024 1090 1089; x_wconf 84' lang='lat' dir='ltr'>tabularumque</span> <span class='ocrx_word' id='word_1_71' title='bbox 1128 1022 1410 1078; x_wconf 83' lang='lat' dir='ltr'>miracula?</span> <span class='ocrx_word' id='word_1_72' title='bbox 1450 1023 1737 1083; x_wconf 76' lang='lat' dir='ltr'>Promiscas</span> <span class='ocrx_word' id='word_1_73' title='bbox 1760 1023 1884 1079; x_wconf 88' lang='lat' dir='ltr'>viris</span> <span class='ocrx_word' id='word_1_74' title='bbox 1914 1028 1962 1073; x_wconf 92' lang='lat' dir='ltr'>et</span> <span class='ocrx_word' id='word_1_75' title='bbox 1999 1022 2079 1087; x_wconf 69' lang='lat' dir='ltr'>fe-</span> 
     </span>
     <span class='ocr_line' id='line_1_10' title="bbox 248 1112 2077 1187; baseline -0.003 -19"><span class='ocrx_word' id='word_1_76' title='bbox 248 1116 396 1169; x_wconf 87' lang='lat' dir='ltr'>minis</span> <span class='ocrx_word' id='word_1_77' title='bbox 426 1115 635 1167; x_wconf 78' lang='lat' dir='ltr'>vestes‘?</span> <span class='ocrx_word' id='word_1_78' title='bbox 665 1116 832 1180; x_wconf 86' lang='lat' dir='ltr'>Atque</span> <span class='ocrx_word' id='word_1_79' title='bbox 859 1114 942 1164; x_wconf 87' lang='lat' dir='ltr'>illa</span> <span class='ocrx_word' id='word_1_80' title='bbox 969 1113 1266 1178; x_wconf 77' lang='lat' dir='ltr'>feminarum</span> <span class='ocrx_word' id='word_1_81' title='bbox 1291 1112 1513 1179; x_wconf 87' lang='lat' dir='ltr'>propria,</span> <span class='ocrx_word' id='word_1_82' title='bbox 1547 1113 1659 1187; x_wconf 81' lang='lat' dir='ltr'>quis</span> <span class='ocrx_word' id='word_1_83' title='bbox 1685 1113 1905 1178; x_wconf 75' lang='lat' dir='ltr'>lapidum</span> <span class='ocrx_word' id='word_1_84' title='bbox 1925 1126 2077 1171; x_wconf 85' lang='lat' dir='ltr'>causa</span> 
     </span>
     <span class='ocr_line' id='line_1_11' title="bbox 248 1203 2135 1273; baseline -0.004 -15"><span class='ocrx_word' id='word_1_85' title='bbox 248 1206 495 1273; x_wconf 88' lang='lat' dir='ltr'>pecuniae</span> <span class='ocrx_word' id='word_1_86' title='bbox 522 1211 728 1257; x_wconf 91' lang='lat' dir='ltr'>nostrae</span> <span class='ocrx_word' id='word_1_87' title='bbox 757 1205 820 1257; x_wconf 90' lang='lat' dir='ltr'>ad</span> <span class='ocrx_word' id='word_1_88' title='bbox 849 1210 1085 1257; x_wconf 84' lang='lat' dir='ltr'>externas</span> <span class='ocrx_word' id='word_1_89' title='bbox 1113 1209 1197 1255; x_wconf 88' lang='lat' dir='ltr'>aut</span> <span class='ocrx_word' id='word_1_90' title='bbox 1222 1203 1422 1256; x_wconf 88' lang='lat' dir='ltr'>hostilis</span> <span class='ocrx_word' id='word_1_91' title='bbox 1452 1208 1632 1271; x_wconf 83' lang='lat' dir='ltr'>gentes</span> <span class='ocrx_word' id='word_1_92' title='bbox 1668 1203 2135 1268; x_wconf 70' lang='lat' dir='ltr'>transferuntur?to</span> 
     </span>
     <span class='ocr_line' id='line_1_12' title="bbox 165 1292 2078 1364; baseline -0.003 -15"><span class='ocrx_word' id='word_1_93' title='bbox 165 1297 356 1350; x_wconf 81' lang='lat' dir='ltr'>54Nec</span> <span class='ocrx_word' id='word_1_94' title='bbox 405 1298 589 1364; x_wconf 88' lang='lat' dir='ltr'>ignoro</span> <span class='ocrx_word' id='word_1_95' title='bbox 638 1297 690 1346; x_wconf 94' lang='lat' dir='ltr'>in</span> <span class='ocrx_word' id='word_1_96' title='bbox 744 1295 993 1346; x_wconf 90' lang='lat' dir='ltr'>conviviis</span> <span class='ocrx_word' id='word_1_97' title='bbox 1033 1300 1082 1345; x_wconf 93' lang='lat' dir='ltr'>et</span> <span class='ocrx_word' id='word_1_98' title='bbox 1119 1294 1323 1352; x_wconf 81' lang='lat' dir='ltr'>circulis</span> <span class='ocrx_word' id='word_1_99' title='bbox 1367 1293 1593 1354; x_wconf 84' lang='lat' dir='ltr'>incusari</span> <span class='ocrx_word' id='word_1_100' title='bbox 1639 1292 1736 1356; x_wconf 80' lang='lat' dir='ltr'>ista</span> <span class='ocrx_word' id='word_1_101' title='bbox 1787 1297 1836 1355; x_wconf 82' lang='lat' dir='ltr'>et</span> <span class='ocrx_word' id='word_1_102' title='bbox 1875 1293 2078 1353; x_wconf 83' lang='lat' dir='ltr'>modum</span> 
     </span>
     <span class='ocr_line' id='line_1_13' title="bbox 250 1384 2079 1456; baseline -0.003 -16"><span class='ocrx_word' id='word_1_103' title='bbox 250 1389 420 1456; x_wconf 88' lang='lat' dir='ltr'>posci:</span> <span class='ocrx_word' id='word_1_104' title='bbox 477 1387 567 1439; x_wconf 91' lang='lat' dir='ltr'>sed</span> <span class='ocrx_word' id='word_1_105' title='bbox 609 1388 653 1439; x_wconf 92' lang='lat' dir='ltr'>si</span> <span class='ocrx_word' id='word_1_106' title='bbox 692 1387 804 1453; x_wconf 91' lang='lat' dir='ltr'>quis</span> <span class='ocrx_word' id='word_1_107' title='bbox 839 1387 1006 1455; x_wconf 90' lang='lat' dir='ltr'>legem</span> <span class='ocrx_word' id='word_1_108' title='bbox 1042 1386 1263 1450; x_wconf 88' lang='lat' dir='ltr'>sanciat,</span> <span class='ocrx_word' id='word_1_109' title='bbox 1314 1400 1508 1451; x_wconf 89' lang='lat' dir='ltr'>poenas</span> <span class='ocrx_word' id='word_1_110' title='bbox 1545 1384 1763 1449; x_wconf 78' lang='lat' dir='ltr'>indicat,</span> <span class='ocrx_word' id='word_1_111' title='bbox 1820 1384 1973 1447; x_wconf 82' lang='lat' dir='ltr'>iidem</span> <span class='ocrx_word' id='word_1_112' title='bbox 2009 1384 2079 1435; x_wconf 93' lang='lat' dir='ltr'>illi</span> 
     </span>
     <span class='ocr_line' id='line_1_14' title="bbox 254 1476 2081 1549; baseline -0.003 -20"><span class='ocrx_word' id='word_1_113' title='bbox 254 1480 505 1531; x_wconf 85' lang='lat' dir='ltr'>civitatem</span> <span class='ocrx_word' id='word_1_114' title='bbox 534 1479 680 1542; x_wconf 81' lang='lat' dir='ltr'>verti,</span> <span class='ocrx_word' id='word_1_115' title='bbox 720 1477 1132 1544; x_wconf 90' lang='lat' dir='ltr'>splendidissimo</span> <span class='ocrx_word' id='word_1_116' title='bbox 1171 1477 1353 1543; x_wconf 79' lang='lat' dir='ltr'>cuique</span> <span class='ocrx_word' id='word_1_117' title='bbox 1381 1477 1587 1529; x_wconf 88' lang='lat' dir='ltr'>exitium</span> <span class='ocrx_word' id='word_1_118' title='bbox 1613 1476 1800 1549; x_wconf 83' lang='lat' dir='ltr'>parari,</span> <span class='ocrx_word' id='word_1_119' title='bbox 1829 1476 2081 1530; x_wconf 89' lang='lat' dir='ltr'>neminem</span> 
     </span>
     <span class='ocr_line' id='line_1_15' title="bbox 255 1567 2082 1641; baseline -0.003 -20"><span class='ocrx_word' id='word_1_120' title='bbox 255 1570 480 1621; x_wconf 89' lang='lat' dir='ltr'>criminis</span> <span class='ocrx_word' id='word_1_121' title='bbox 529 1575 785 1635; x_wconf 83' lang='lat' dir='ltr'>expertem</span> <span class='ocrx_word' id='word_1_122' title='bbox 843 1569 1182 1620; x_wconf 88' lang='lat' dir='ltr'>clamitabunt.</span> <span class='ocrx_word' id='word_1_123' title='bbox 1275 1568 1430 1634; x_wconf 89' lang='lat' dir='ltr'>Atqui</span> <span class='ocrx_word' id='word_1_124' title='bbox 1484 1583 1548 1618; x_wconf 91' lang='lat' dir='ltr'>ne</span> <span class='ocrx_word' id='word_1_125' title='bbox 1599 1567 1830 1641; x_wconf 85' lang='lat' dir='ltr'>corporis</span> <span class='ocrx_word' id='word_1_126' title='bbox 1880 1567 2082 1640; x_wconf 84' lang='lat' dir='ltr'>quidem</span> 
     </span>
     <span class='ocr_line' id='line_1_16' title="bbox 254 1658 2146 1725; baseline -0.004 -13"><span class='ocrx_word' id='word_1_127' title='bbox 254 1661 460 1712; x_wconf 87' lang='lat' dir='ltr'>morbos</span> <span class='ocrx_word' id='word_1_128' title='bbox 498 1666 698 1712; x_wconf 91' lang='lat' dir='ltr'>veteres</span> <span class='ocrx_word' id='word_1_129' title='bbox 740 1665 787 1711; x_wconf 92' lang='lat' dir='ltr'>et</span> <span class='ocrx_word' id='word_1_130' title='bbox 825 1660 910 1711; x_wconf 92' lang='lat' dir='ltr'>diu</span> <span class='ocrx_word' id='word_1_131' title='bbox 951 1665 1126 1713; x_wconf 88' lang='lat' dir='ltr'>auctos</span> <span class='ocrx_word' id='word_1_132' title='bbox 1175 1659 1273 1710; x_wconf 89' lang='lat' dir='ltr'>nisi</span> <span class='ocrx_word' id='word_1_133' title='bbox 1308 1674 1401 1725; x_wconf 90' lang='lat' dir='ltr'>per</span> <span class='ocrx_word' id='word_1_134' title='bbox 1445 1658 1567 1724; x_wconf 81' lang='lat' dir='ltr'>dura</span> <span class='ocrx_word' id='word_1_135' title='bbox 1610 1663 1659 1720; x_wconf 82' lang='lat' dir='ltr'>et</span> <span class='ocrx_word' id='word_1_136' title='bbox 1709 1673 1889 1724; x_wconf 87' lang='lat' dir='ltr'>aspera</span> <span class='ocrx_word' id='word_1_137' title='bbox 1929 1661 2146 1708; x_wconf 71' lang='lat' dir='ltr'>coer-¹5</span> 
     </span>
     <span class='ocr_line' id='line_1_17' title="bbox 256 1748 2081 1834; baseline -0.002 -32"><span class='ocrx_word' id='word_1_138' title='bbox 256 1766 403 1802; x_wconf 87' lang='lat' dir='ltr'>ceas:</span> <span class='ocrx_word' id='word_1_139' title='bbox 441 1755 705 1817; x_wconf 88' lang='lat' dir='ltr'>corruptus</span> <span class='ocrx_word' id='word_1_140' title='bbox 742 1750 889 1802; x_wconf 91' lang='lat' dir='ltr'>simul</span> <span class='ocrx_word' id='word_1_141' title='bbox 929 1754 978 1801; x_wconf 89' lang='lat' dir='ltr'>et</span> <span class='ocrx_word' id='word_1_142' title='bbox 1014 1754 1310 1816; x_wconf 84' lang='lat' dir='ltr'>corruptor,</span> <span class='ocrx_word' id='word_1_143' title='bbox 1351 1764 1507 1819; x_wconf 78' lang='lat' dir='ltr'>aeger</span> <span class='ocrx_word' id='word_1_144' title='bbox 1544 1753 1592 1803; x_wconf 86' lang='lat' dir='ltr'>et</span> <span class='ocrx_word' id='word_1_145' title='bbox 1621 1748 1851 1834; x_wconf 54' lang='lat' dir='ltr'>ngans</span> <span class='ocrx_word' id='word_1_146' title='bbox 1887 1749 2081 1804; x_wconf 90' lang='lat' dir='ltr'>animus</span> 
     </span>
     <span class='ocr_line' id='line_1_18' title="bbox 253 1839 2082 1908; baseline -0.001 -16"><span class='ocrx_word' id='word_1_147' title='bbox 253 1841 387 1892; x_wconf 86' lang='lat' dir='ltr'>haud</span> <span class='ocrx_word' id='word_1_148' title='bbox 427 1840 704 1892; x_wconf 88' lang='lat' dir='ltr'>levioribus</span> <span class='ocrx_word' id='word_1_149' title='bbox 740 1840 982 1895; x_wconf 86' lang='lat' dir='ltr'>remediis</span> <span class='ocrx_word' id='word_1_150' title='bbox 1026 1840 1422 1908; x_wconf 70' lang='lat' dir='ltr'>restinguendus</span> <span class='ocrx_word' id='word_1_151' title='bbox 1463 1845 1540 1903; x_wconf 81' lang='lat' dir='ltr'>est</span> <span class='ocrx_word' id='word_1_152' title='bbox 1593 1854 1740 1905; x_wconf 77' lang='lat' dir='ltr'>quam</span> <span class='ocrx_word' id='word_1_153' title='bbox 1787 1839 2082 1902; x_wconf 80' lang='lat' dir='ltr'>libidinibus</span> 
     </span>
     <span class='ocr_line' id='line_1_19' title="bbox 254 1930 2082 2005; baseline -0.002 -23"><span class='ocrx_word' id='word_1_154' title='bbox 254 1931 490 1983; x_wconf 84' lang='lat' dir='ltr'>ardescit.</span> <span class='ocrx_word' id='word_1_155' title='bbox 576 1932 669 1984; x_wconf 87' lang='lat' dir='ltr'>Tot</span> <span class='ocrx_word' id='word_1_156' title='bbox 719 1949 746 1983; x_wconf 91' lang='grc'><strong>3</strong></span> <span class='ocrx_word' id='word_1_157' title='bbox 795 1931 1071 1983; x_wconf 89' lang='lat' dir='ltr'>maioribus</span> <span class='ocrx_word' id='word_1_158' title='bbox 1118 1936 1353 1998; x_wconf 83' lang='lat' dir='ltr'>repertae</span> <span class='ocrx_word' id='word_1_159' title='bbox 1405 1931 1585 2002; x_wconf 82' lang='lat' dir='ltr'>leges,</span> <span class='ocrx_word' id='word_1_160' title='bbox 1642 1935 1716 1989; x_wconf 81' lang='lat' dir='ltr'>tot</span> <span class='ocrx_word' id='word_1_161' title='bbox 1764 1944 1887 2005; x_wconf 75' lang='lat' dir='ltr'>quas</span> <span class='ocrx_word' id='word_1_162' title='bbox 1939 1930 2082 1982; x_wconf 86' lang='lat' dir='ltr'>divus</span> 
     </span>
     <span class='ocr_line' id='line_1_20' title="bbox 253 2020 2078 2096; baseline -0.001 -24"><span class='ocrx_word' id='word_1_163' title='bbox 253 2021 513 2089; x_wconf 89' lang='lat' dir='ltr'>Augustus</span> <span class='ocrx_word' id='word_1_164' title='bbox 568 2022 707 2086; x_wconf 85' lang='lat' dir='ltr'>tulit,</span> <span class='ocrx_word' id='word_1_165' title='bbox 769 2022 885 2074; x_wconf 86' lang='lat' dir='ltr'>illae</span> <span class='ocrx_word' id='word_1_166' title='bbox 924 2022 1214 2086; x_wconf 89' lang='lat' dir='ltr'>oblivione,</span> <span class='ocrx_word' id='word_1_167' title='bbox 1269 2021 1389 2086; x_wconf 81' lang='lat' dir='ltr'>hae,</span> <span class='ocrx_word' id='word_1_168' title='bbox 1452 2021 1587 2096; x_wconf 80' lang='lat' dir='ltr'>quod</span> <span class='ocrx_word' id='word_1_169' title='bbox 1633 2020 1937 2093; x_wconf 70' lang='lat' dir='ltr'>flagitiosius</span> <span class='ocrx_word' id='word_1_170' title='bbox 1987 2026 2078 2085; x_wconf 88' lang='lat' dir='ltr'>est,</span> 
     </span>
    </p>
   </div>
   <div class='ocr_carea' id='block_1_5' title="bbox 256 2169 2085 2404">
    <p class='ocr_par' dir='ltr' id='par_1_5' title="bbox 256 2169 2085 2404">
     <span class='ocr_line' id='line_1_21' title="bbox 372 2169 2082 2227; baseline -0.004 -11"><span class='ocrx_word' id='word_1_171' title='bbox 372 2174 413 2216; x_wconf 99' lang='grc'>2.</span> <span class='ocrx_word' id='word_1_172' title='bbox 443 2173 584 2227; x_wconf 80' lang='lat' dir='ltr'>partis</span> <span class='ocrx_word' id='word_1_173' title='bbox 616 2171 670 2223; x_wconf 88' lang='lat' dir='ltr'>M,</span> <span class='ocrx_word' id='word_1_174' title='bbox 704 2183 792 2212; x_wconf 92' lang='lat' dir='ltr'>non</span> <span class='ocrx_word' id='word_1_175' title='bbox 821 2178 983 2227; x_wconf 78' lang='lat' dir='ltr'>partes.</span> <span class='ocrx_word' id='word_1_176' title='bbox 1064 2172 1106 2214; x_wconf 88' lang='lat'>3.</span> <span class='ocrx_word' id='word_1_177' title='bbox 1139 2169 1329 2212; x_wconf 76' lang='lat' dir='ltr'>excelsus</span> <span class='ocrx_word' id='word_1_178' title='bbox 1362 2182 1578 2224; x_wconf 85' lang='lat' dir='ltr'>superscr.</span> <span class='ocrx_word' id='word_1_179' title='bbox 1612 2170 1642 2213; x_wconf 82' lang='lat' dir='ltr'>i.</span> <span class='ocrx_word' id='word_1_180' title='bbox 1674 2170 1729 2223; x_wconf 84' lang='lat' dir='ltr'>M,</span> <span class='ocrx_word' id='word_1_181' title='bbox 1763 2176 1809 2210; x_wconf 91' lang='lat' dir='ltr'>ut</span> <span class='ocrx_word' id='word_1_182' title='bbox 1840 2169 2082 2211; x_wconf 84' lang='lat' dir='ltr'>Beroaldus</span> 
     </span>
     <span class='ocr_line' id='line_1_22' title="bbox 256 2228 2085 2286; baseline -0.001 -13"><span class='ocrx_word' id='word_1_183' title='bbox 256 2232 299 2273; x_wconf 91' lang='lat' dir='ltr'>in</span> <span class='ocrx_word' id='word_1_184' title='bbox 333 2231 401 2274; x_wconf 87' lang='lat' dir='ltr'>ed.</span> <span class='ocrx_word' id='word_1_185' title='bbox 476 2232 543 2274; x_wconf 86' lang='lat'><strong>10.</strong></span> <span class='ocrx_word' id='word_1_186' title='bbox 575 2231 756 2286; x_wconf 75' lang='lat' dir='ltr'>pecunie</span> <span class='ocrx_word' id='word_1_187' title='bbox 790 2231 845 2279; x_wconf 84' lang='lat' dir='ltr'><strong>M.</strong></span> <span class='ocrx_word' id='word_1_188' title='bbox 923 2233 991 2274; x_wconf 88' lang='grc'>12.</span> <span class='ocrx_word' id='word_1_189' title='bbox 1022 2231 1177 2285; x_wconf 80' lang='lat' dir='ltr'>poscis.</span> <span class='ocrx_word' id='word_1_190' title='bbox 1258 2237 1297 2277; x_wconf 80' lang='lat' dir='ltr'>et</span> <span class='ocrx_word' id='word_1_191' title='bbox 1328 2230 1392 2272; x_wconf 87' lang='lat' dir='ltr'>M:</span> <span class='ocrx_word' id='word_1_192' title='bbox 1427 2232 1617 2279; x_wconf 77' lang='lat' dir='ltr'>correxit</span> <span class='ocrx_word' id='word_1_193' title='bbox 1648 2228 1903 2278; x_wconf 71' lang='lat' dir='ltr'>Ber-caldus</span> <span class='ocrx_word' id='word_1_194' title='bbox 1967 2229 2085 2275; x_wconf 78' lang='lat' dir='ltr'>Idem</span> 
     </span>
     <span class='ocr_line' id='line_1_23' title="bbox 256 2288 2084 2345; baseline -0.002 -14"><span class='ocrx_word' id='word_1_195' title='bbox 256 2291 310 2343; x_wconf 87' lang='lat' dir='ltr'>M,</span> <span class='ocrx_word' id='word_1_196' title='bbox 345 2290 387 2333; x_wconf 91' lang='lat' dir='ltr'><strong>h.</strong></span> <span class='ocrx_word' id='word_1_197' title='bbox 426 2304 472 2332; x_wconf 90' lang='lat' dir='ltr'>e.</span> <span class='ocrx_word' id='word_1_198' title='bbox 497 2290 637 2332; x_wconf 82' lang='lat' dir='ltr'>iidem.</span> <span class='ocrx_word' id='word_1_199' title='bbox 705 2291 772 2332; x_wconf 86' lang='lat'><strong>13.</strong></span> <span class='ocrx_word' id='word_1_200' title='bbox 805 2304 824 2330; x_wconf 86' lang='lat' dir='ltr'>s</span> <span class='ocrx_word' id='word_1_201' title='bbox 856 2288 967 2331; x_wconf 86' lang='lat' dir='ltr'>elnd.</span> <span class='ocrx_word' id='word_1_202' title='bbox 1002 2289 1056 2331; x_wconf 89' lang='lat' dir='ltr'>M.</span> <span class='ocrx_word' id='word_1_203' title='bbox 1126 2292 1190 2331; x_wconf 83' lang='grc'>14.</span> <span class='ocrx_word' id='word_1_204' title='bbox 1233 2289 1521 2345; x_wconf 74' lang='lat' dir='ltr'>expartemM.</span> <span class='ocrx_word' id='word_1_205' title='bbox 1587 2289 1866 2330; x_wconf 68' lang='lat' dir='ltr'>damnabant</span> <span class='ocrx_word' id='word_1_206' title='bbox 1887 2288 1949 2329; x_wconf 86' lang='lat' dir='ltr'><strong>M</strong></span> <span class='ocrx_word' id='word_1_207' title='bbox 1984 2301 2084 2329; x_wconf 91' lang='lat' dir='ltr'>cor-</span> 
     </span>
     <span class='ocr_line' id='line_1_24' title="bbox 257 2336 2083 2404; baseline -0.001 -14"><span class='ocrx_word' id='word_1_208' title='bbox 257 2349 370 2391; x_wconf 87' lang='lat' dir='ltr'>rexit</span> <span class='ocrx_word' id='word_1_209' title='bbox 400 2348 655 2391; x_wconf 73' lang='lat' dir='ltr'>Rei-,oaldus</span> <span class='ocrx_word' id='word_1_210' title='bbox 723 2349 790 2391; x_wconf 90' lang='lat'>17.</span> <span class='ocrx_word' id='word_1_211' title='bbox 855 2348 998 2390; x_wconf 80' lang='lat' dir='ltr'>autM.</span> <span class='ocrx_word' id='word_1_212' title='bbox 1067 2349 1133 2392; x_wconf 88' lang='lat'><strong>19.</strong></span> <span class='ocrx_word' id='word_1_213' title='bbox 1162 2348 1484 2404; x_wconf 63' lang='lat' dir='ltr'>flagitiosusM:</span> <span class='ocrx_word' id='word_1_214' title='bbox 1519 2336 1761 2389; x_wconf 81' lang='lat' dir='ltr'>correctum</span> <span class='ocrx_word' id='word_1_215' title='bbox 1795 2361 1819 2389; x_wconf 88' lang='lat' dir='ltr'>a</span> <span class='ocrx_word' id='word_1_216' title='bbox 1841 2346 2083 2389; x_wconf 87' lang='lat' dir='ltr'>Beroaldo.</span> 
     </span>
    </p>
   </div>
   <div class='ocr_carea' id='block_1_6' title="bbox 257 2485 2092 3427">
    <p class='ocr_par' dir='ltr' id='par_1_6' title="bbox 257 2485 2092 3427">
     <span class='ocr_line' id='line_1_25' title="bbox 257 2485 2082 2549; baseline -0.001 -20"><span class='ocrx_word' id='word_1_217' title='bbox 257 2487 436 2545; x_wconf 84' lang='lat' dir='ltr'>legente</span> <span class='ocrx_word' id='word_1_218' title='bbox 463 2487 719 2543; x_wconf 88' lang='lat' dir='ltr'>supplenda.</span> <span class='ocrx_word' id='word_1_219' title='bbox 809 2489 1009 2533; x_wconf 77' lang='lat' dir='ltr'>unius—</span> <span class='ocrx_word' id='word_1_220' title='bbox 1020 2502 1128 2549; x_wconf 77' lang='lat' dir='ltr'>pec-</span> <span class='ocrx_word' id='word_1_221' title='bbox 1302 2487 1360 2532; x_wconf 81' lang='lat' dir='ltr'>ad</span> <span class='ocrx_word' id='word_1_222' title='bbox 1390 2495 1592 2540; x_wconf 57' lang='lat' dir='ltr'>externas</span> <span class='ocrx_word' id='word_1_223' title='bbox 1622 2494 1697 2529; x_wconf 76' lang='lat' dir='ltr'>aut</span> <span class='ocrx_word' id='word_1_224' title='bbox 1728 2485 1899 2544; x_wconf 55' lang='lat' dir='ltr'>hostiles</span> <span class='ocrx_word' id='word_1_225' title='bbox 1915 2494 2082 2542; x_wconf 66' lang='lat' dir='ltr'>pentes:</span> 
     </span>
     <span class='ocr_line' id='line_1_26' title="bbox 258 2535 2083 2602; baseline -0.001 -14"><span class='ocrx_word' id='word_1_226' title='bbox 258 2553 410 2588; x_wconf 80' lang='lat' dir='ltr'>catur:</span> <span class='ocrx_word' id='word_1_227' title='bbox 459 2560 570 2602; x_wconf 85' lang='lat' dir='ltr'>quae</span> <span class='ocrx_word' id='word_1_228' title='bbox 612 2547 663 2588; x_wconf 90' lang='lat' dir='ltr'>ab</span> <span class='ocrx_word' id='word_1_229' title='bbox 710 2547 908 2589; x_wconf 89' lang='lat' dir='ltr'>omnihus</span> <span class='ocrx_word' id='word_1_230' title='bbox 956 2547 1127 2589; x_wconf 90' lang='lat' dir='ltr'>civibus</span> <span class='ocrx_word' id='word_1_231' title='bbox 1215 2546 1268 2587; x_wconf 90' lang='lat' dir='ltr'>ad</span> <span class='ocrx_word' id='word_1_232' title='bbox 1298 2535 1464 2587; x_wconf 84' lang='lat' dir='ltr'>Arabes</span> <span class='ocrx_word' id='word_1_233' title='bbox 1498 2553 1541 2589; x_wconf 88' lang='lat' dir='ltr'>et</span> <span class='ocrx_word' id='word_1_234' title='bbox 1571 2545 1713 2588; x_wconf 91' lang='lat' dir='ltr'>Indos.</span> <span class='ocrx_word' id='word_1_235' title='bbox 1734 2547 1899 2588; x_wconf 89' lang='lat' dir='ltr'>Plinius</span> <span class='ocrx_word' id='word_1_236' title='bbox 1922 2544 1978 2587; x_wconf 81' lang='lat' dir='ltr'>lx</span> <span class='ocrx_word' id='word_1_237' title='bbox 2012 2545 2083 2597; x_wconf 85' lang='grc'>54,</span> 
     </span>
     <span class='ocr_line' id='line_1_27' title="bbox 257 2605 1465 2660; baseline 0.001 -13"><span class='ocrx_word' id='word_1_238' title='bbox 257 2611 516 2660; x_wconf 83' lang='lat' dir='ltr'>peccantur,</span> <span class='ocrx_word' id='word_1_239' title='bbox 555 2607 629 2647; x_wconf 91' lang='lat' dir='ltr'>uni</span> <span class='ocrx_word' id='word_1_240' title='bbox 662 2606 849 2660; x_wconf 88' lang='lat' dir='ltr'>principi</span> <span class='ocrx_word' id='word_1_241' title='bbox 882 2607 990 2653; x_wconf 77' lang='lat' dir='ltr'>vitio</span> <span class='ocrx_word' id='word_1_242' title='bbox 1023 2620 1128 2648; x_wconf 81' lang='lat' dir='ltr'>vei.-</span> <span class='ocrx_word' id='word_1_243' title='bbox 1213 2605 1390 2650; x_wconf 82' lang='lat' dir='ltr'>XXXVI</span> <span class='ocrx_word' id='word_1_244' title='bbox 1424 2606 1465 2650; x_wconf 92' lang='lat'>9.</span> 
     </span>
     <span class='ocr_line' id='line_1_28' title="bbox 258 2663 2087 2720; baseline 0 -15"><span class='ocrx_word' id='word_1_245' title='bbox 258 2670 405 2706; x_wconf 88' lang='lat' dir='ltr'>tuntur</span> <span class='ocrx_word' id='word_1_246' title='bbox 442 2671 656 2720; x_wconf 87' lang='lat' dir='ltr'>tamquam</span> <span class='ocrx_word' id='word_1_247' title='bbox 702 2664 894 2707; x_wconf 85' lang='lat' dir='ltr'>remedia</span> <span class='ocrx_word' id='word_1_248' title='bbox 927 2678 1015 2707; x_wconf 91' lang='lat' dir='ltr'>non</span> <span class='ocrx_word' id='word_1_249' title='bbox 1049 2666 1128 2713; x_wconf 82' lang='lat' dir='ltr'>ad-</span> <span class='ocrx_word' id='word_1_250' title='bbox 1313 2663 1417 2718; x_wconf 89' lang='lat' dir='ltr'>Cap.</span> <span class='ocrx_word' id='word_1_251' title='bbox 1468 2664 1538 2711; x_wconf 75' lang='lat'><strong>54.</strong></span> <span class='ocrx_word' id='word_1_252' title='bbox 1603 2669 1826 2719; x_wconf 80' lang='lat' dir='ltr'>corruptus</span> <span class='ocrx_word' id='word_1_253' title='bbox 1876 2663 2000 2709; x_wconf 84' lang='lat' dir='ltr'>simul</span> <span class='ocrx_word' id='word_1_254' title='bbox 2048 2671 2087 2705; x_wconf 85' lang='lat' dir='ltr'>et</span> 
     </span>
     <span class='ocr_line' id='line_1_29' title="bbox 259 2723 2085 2780; baseline -0.001 -16"><span class='ocrx_word' id='word_1_255' title='bbox 259 2723 441 2766; x_wconf 84' lang='lat' dir='ltr'>bibenti.</span> <span class='ocrx_word' id='word_1_256' title='bbox 502 2723 702 2765; x_wconf 83' lang='lat' dir='ltr'>Proxime</span> <span class='ocrx_word' id='word_1_257' title='bbox 733 2731 957 2766; x_wconf 81' lang='lat' dir='ltr'>enumerat</span> <span class='ocrx_word' id='word_1_258' title='bbox 985 2725 1129 2779; x_wconf 90' lang='lat' dir='ltr'>impe-</span> <span class='ocrx_word' id='word_1_259' title='bbox 1213 2731 1452 2780; x_wconf 79' lang='lat' dir='ltr'>corruptor,</span> <span class='ocrx_word' id='word_1_260' title='bbox 1477 2737 1606 2778; x_wconf 73' lang='lat' dir='ltr'>aeqer</span> <span class='ocrx_word' id='word_1_261' title='bbox 1628 2724 1875 2777; x_wconf 73' lang='lat' dir='ltr'>etllayrans</span> <span class='ocrx_word' id='word_1_262' title='bbox 1895 2724 2085 2764; x_wconf 79' lang='lat' dir='ltr'>animus.-</span> 
     </span>
     <span class='ocr_line' id='line_1_30' title="bbox 258 2780 2086 2838; baseline 0 -16"><span class='ocrx_word' id='word_1_263' title='bbox 258 2788 374 2824; x_wconf 87' lang='lat' dir='ltr'>rator</span> <span class='ocrx_word' id='word_1_264' title='bbox 425 2783 468 2822; x_wconf 89' lang='lat' dir='ltr'>in</span> <span class='ocrx_word' id='word_1_265' title='bbox 524 2781 679 2837; x_wconf 85' lang='lat' dir='ltr'>quibus</span> <span class='ocrx_word' id='word_1_266' title='bbox 720 2782 855 2838; x_wconf 85' lang='lat' dir='ltr'>vulgo</span> <span class='ocrx_word' id='word_1_267' title='bbox 907 2790 1127 2838; x_wconf 87' lang='lat' dir='ltr'>peccetur.</span> <span class='ocrx_word' id='word_1_268' title='bbox 1209 2781 1866 2838; x_wconf 84' lang='lat' dir='ltr'>Theodisceinterpretor:(das</span> <span class='ocrx_word' id='word_1_269' title='bbox 1883 2780 2086 2836; x_wconf 81' lang='lat' dir='ltr'>Gemiith)</span> 
     </span>
     <span class='ocr_line' id='line_1_31' title="bbox 258 2839 2087 2897; baseline -0.001 -15"><span class='ocrx_word' id='word_1_270' title='bbox 258 2840 429 2882; x_wconf 80' lang='lat' dir='ltr'>Tacitus</span> <span class='ocrx_word' id='word_1_271' title='bbox 446 2842 814 2895; x_wconf 83' lang='lat' dir='ltr'>praepositionum</span> <span class='ocrx_word' id='word_1_272' title='bbox 834 2855 987 2895; x_wconf 86' lang='lat' dir='ltr'>parcus</span> <span class='ocrx_word' id='word_1_273' title='bbox 1003 2844 1129 2884; x_wconf 81' lang='lat' dir='ltr'>unius</span> <span class='ocrx_word' id='word_1_274' title='bbox 1211 2841 1408 2896; x_wconf 63' lang='lat' dir='ltr'>verfzihrt</span> <span class='ocrx_word' id='word_1_275' title='bbox 1453 2840 1646 2897; x_wconf 73' lang='lat' dir='ltr'>zuqleiclt</span> <span class='ocrx_word' id='word_1_276' title='bbox 1697 2839 1787 2891; x_wconf 74' lang='lat' dir='ltr'>und</span> <span class='ocrx_word' id='word_1_277' title='bbox 1837 2840 2087 2895; x_wconf 73' lang='lat' dir='ltr'>Verfic’hrer,</span> 
     </span>
     <span class='ocr_line' id='line_1_32' title="bbox 259 2898 2089 2955; baseline 0 -16"><span class='ocrx_word' id='word_1_278' title='bbox 259 2899 423 2940; x_wconf 76' lang='lat' dir='ltr'>invidia</span> <span class='ocrx_word' id='word_1_279' title='bbox 455 2898 573 2939; x_wconf 86' lang='lat' dir='ltr'>(ledit</span> <span class='ocrx_word' id='word_1_280' title='bbox 603 2912 680 2953; x_wconf 93' lang='lat' dir='ltr'>pro</span> <span class='ocrx_word' id='word_1_281' title='bbox 709 2914 802 2941; x_wconf 86' lang='lat' dir='ltr'>cum</span> <span class='ocrx_word' id='word_1_282' title='bbox 818 2901 983 2942; x_wconf 79' lang='lat' dir='ltr'>invidia</span> <span class='ocrx_word' id='word_1_283' title='bbox 1003 2902 1130 2942; x_wconf 80' lang='lat' dir='ltr'>unius</span> <span class='ocrx_word' id='word_1_284' title='bbox 1212 2899 1450 2955; x_wconf 75' lang='lat' dir='ltr'>krankhaft</span> <span class='ocrx_word' id='word_1_285' title='bbox 1477 2901 1568 2948; x_wconf 79' lang='lat' dir='ltr'>und</span> <span class='ocrx_word' id='word_1_286' title='bbox 1589 2900 1868 2946; x_wconf 70' lang='lat' dir='ltr'>entz-t‘indend.</span> <span class='ocrx_word' id='word_1_287' title='bbox 1911 2899 2089 2946; x_wconf 88' lang='lat' dir='ltr'>Scilicet</span> 
     </span>
     <span class='ocr_line' id='line_1_33' title="bbox 262 2953 2089 3015; baseline -0.001 -17"><span class='ocrx_word' id='word_1_288' title='bbox 262 2957 334 2999; x_wconf 83' lang='lat' dir='ltr'>vel</span> <span class='ocrx_word' id='word_1_289' title='bbox 364 2959 411 2999; x_wconf 82' lang='lat' dir='ltr'>in</span> <span class='ocrx_word' id='word_1_290' title='bbox 443 2957 650 2998; x_wconf 78' lang='lat' dir='ltr'>invidiam</span> <span class='ocrx_word' id='word_1_291' title='bbox 679 2959 818 3000; x_wconf 81' lang='lat' dir='ltr'>unius.</span> <span class='ocrx_word' id='word_1_292' title='bbox 1215 2960 1260 2999; x_wconf 88' lang='lat' dir='ltr'>in</span> <span class='ocrx_word' id='word_1_293' title='bbox 1293 2953 1492 3001; x_wconf 82' lang='lat' dir='ltr'>oratione</span> <span class='ocrx_word' id='word_1_294' title='bbox 1526 2961 1746 3015; x_wconf 90' lang='lat' dir='ltr'>exquisite</span> <span class='ocrx_word' id='word_1_295' title='bbox 1771 2960 2013 3012; x_wconf 89' lang='lat' dir='ltr'>composita</span> <span class='ocrx_word' id='word_1_296' title='bbox 2047 2964 2089 2999; x_wconf 86' lang='lat' dir='ltr'>et</span> 
     </span>
     <span class='ocr_line' id='line_1_34' title="bbox 335 3016 2089 3073; baseline 0.001 -16"><span class='ocrx_word' id='word_1_297' title='bbox 335 3023 373 3057; x_wconf 80' lang='lat' dir='ltr'>et</span> <span class='ocrx_word' id='word_1_298' title='bbox 393 3016 614 3060; x_wconf 78' lang='lat' dir='ltr'>nationes.-</span> <span class='ocrx_word' id='word_1_299' title='bbox 647 3019 841 3073; x_wconf 87' lang='lat' dir='ltr'>queritur</span> <span class='ocrx_word' id='word_1_300' title='bbox 862 3016 916 3060; x_wconf 87' lang='lat' dir='ltr'>de</span> <span class='ocrx_word' id='word_1_301' title='bbox 938 3019 1130 3066; x_wconf 80' lang='lat' dir='ltr'>servitiis</span> <span class='ocrx_word' id='word_1_302' title='bbox 1214 3031 1310 3061; x_wconf 85' lang='lat' dir='ltr'>rara</span> <span class='ocrx_word' id='word_1_303' title='bbox 1345 3018 1526 3061; x_wconf 84' lang='lat' dir='ltr'>audacia</span> <span class='ocrx_word' id='word_1_304' title='bbox 1558 3020 1768 3062; x_wconf 87' lang='lat' dir='ltr'>eminenti</span> <span class='ocrx_word' id='word_1_305' title='bbox 1796 3017 1976 3061; x_wconf 88' lang='lat' dir='ltr'>verbum</span> <span class='ocrx_word' id='word_1_306' title='bbox 2006 3018 2089 3072; x_wconf 74' lang='lat' dir='ltr'>lla-</span> 
     </span>
     <span class='ocr_line' id='line_1_35' title="bbox 263 3074 2089 3132; baseline -0.001 -16"><span class='ocrx_word' id='word_1_307' title='bbox 263 3088 316 3116; x_wconf 89' lang='lat' dir='ltr'>ex</span> <span class='ocrx_word' id='word_1_308' title='bbox 364 3074 546 3117; x_wconf 87' lang='lat' dir='ltr'>diversis</span> <span class='ocrx_word' id='word_1_309' title='bbox 601 3082 643 3118; x_wconf 86' lang='lat' dir='ltr'>et</span> <span class='ocrx_word' id='word_1_310' title='bbox 694 3075 764 3120; x_wconf 88' lang='lat' dir='ltr'>lon</span> <span class='ocrx_word' id='word_1_311' title='bbox 804 3077 946 3132; x_wconf 87' lang='lat' dir='ltr'>inquis</span> <span class='ocrx_word' id='word_1_312' title='bbox 1003 3079 1129 3122; x_wconf 83' lang='lat' dir='ltr'>terris</span> <span class='ocrx_word' id='word_1_313' title='bbox 1213 3091 1344 3132; x_wconf 52' lang='lat' dir='ltr'>,qv-,are</span> <span class='ocrx_word' id='word_1_314' title='bbox 1392 3079 1438 3124; x_wconf 79' lang='lat' dir='ltr'>vi</span> <span class='ocrx_word' id='word_1_315' title='bbox 1494 3079 1638 3124; x_wconf 86' lang='lat' dir='ltr'>activa</span> <span class='ocrx_word' id='word_1_316' title='bbox 1693 3089 1858 3132; x_wconf 75' lang='lat' dir='ltr'>ponere</span> <span class='ocrx_word' id='word_1_317' title='bbox 1918 3076 2089 3117; x_wconf 71' lang='lat' dir='ltr'>&#39;l&#39;acitus</span> 
     </span>
     <span class='ocr_line' id='line_1_36' title="bbox 262 3091 2089 3194; baseline 0 -21"><span class='ocrx_word' id='word_1_318' title='bbox 262 3133 438 3176; x_wconf 81' lang='lat' dir='ltr'>Romam</span> <span class='ocrx_word' id='word_1_319' title='bbox 484 3134 719 3177; x_wconf 81' lang='lat' dir='ltr'>translatis.</span> <span class='ocrx_word' id='word_1_320' title='bbox 771 3091 882 3178; x_wconf 81' lang='lat' dir='ltr'>gVid.</span> <span class='ocrx_word' id='word_1_321' title='bbox 927 3135 1024 3184; x_wconf 85' lang='lat' dir='ltr'>XIV</span> <span class='ocrx_word' id='word_1_322' title='bbox 1055 3137 1128 3180; x_wconf 84' lang='grc'>44.</span> <span class='ocrx_word' id='word_1_323' title='bbox 1215 3149 1344 3178; x_wconf 87' lang='lat' dir='ltr'>ausus</span> <span class='ocrx_word' id='word_1_324' title='bbox 1367 3142 1446 3188; x_wconf 89' lang='lat' dir='ltr'>est,</span> <span class='ocrx_word' id='word_1_325' title='bbox 1479 3142 1526 3177; x_wconf 89' lang='lat' dir='ltr'>ut</span> <span class='ocrx_word' id='word_1_326' title='bbox 1545 3135 1743 3194; x_wconf 83' lang='lat' dir='ltr'>aequalis</span> <span class='ocrx_word' id='word_1_327' title='bbox 1775 3140 1905 3188; x_wconf 87' lang='lat' dir='ltr'>poeta</span> <span class='ocrx_word' id='word_1_328' title='bbox 1929 3133 2089 3175; x_wconf 83' lang='lat' dir='ltr'>Statius</span> 
     </span>
     <span class='ocr_line' id='line_1_37' title="bbox 264 3190 2090 3246; baseline 0.001 -15"><span class='ocrx_word' id='word_1_329' title='bbox 264 3190 328 3232; x_wconf 85' lang='lat' dir='ltr'>De</span> <span class='ocrx_word' id='word_1_330' title='bbox 355 3191 629 3236; x_wconf 84' lang='lat' dir='ltr'>multitudiue</span> <span class='ocrx_word' id='word_1_331' title='bbox 659 3207 885 3238; x_wconf 84' lang='lat' dir='ltr'>servorum</span> <span class='ocrx_word' id='word_1_332' title='bbox 913 3196 959 3239; x_wconf 88' lang='lat' dir='ltr'>in</span> <span class='ocrx_word' id='word_1_333' title='bbox 987 3194 1130 3239; x_wconf 83' lang='lat' dir='ltr'>domi-</span> <span class='ocrx_word' id='word_1_334' title='bbox 1216 3195 1260 3236; x_wconf 86' lang='lat' dir='ltr'>in</span> <span class='ocrx_word' id='word_1_335' title='bbox 1317 3194 1448 3236; x_wconf 87' lang='lat' dir='ltr'>Silvis</span> <span class='ocrx_word' id='word_1_336' title='bbox 1502 3195 1537 3235; x_wconf 90' lang='lat' dir='ltr'>V</span> <span class='ocrx_word' id='word_1_337' title='bbox 1581 3196 1609 3236; x_wconf 89' lang='grc'>2</span> <span class='ocrx_word' id='word_1_338' title='bbox 1655 3195 1765 3236; x_wconf 82' lang='lat'>120:</span> <span class='ocrx_word' id='word_1_339' title='bbox 1813 3194 2090 3246; x_wconf 82' lang='lat' dir='ltr'>miseramque</span> 
     </span>
     <span class='ocr_line' id='line_1_38' title="bbox 264 3248 2090 3312; baseline 0.001 -23"><span class='ocrx_word' id='word_1_340' title='bbox 264 3248 343 3289; x_wconf 86' lang='lat' dir='ltr'>hus</span> <span class='ocrx_word' id='word_1_341' title='bbox 373 3249 662 3297; x_wconf 85' lang='lat' dir='ltr'>Romanorum</span> <span class='ocrx_word' id='word_1_342' title='bbox 694 3251 930 3309; x_wconf 87' lang='lat' dir='ltr'>loquuntur</span> <span class='ocrx_word' id='word_1_343' title='bbox 963 3253 1130 3301; x_wconf 83' lang='lat' dir='ltr'>Plinius</span> <span class='ocrx_word' id='word_1_344' title='bbox 1210 3254 1332 3309; x_wconf 79' lang='lat' dir='ltr'>patri</span> <span class='ocrx_word' id='word_1_345' title='bbox 1376 3253 1622 3312; x_wconf 72' lang='lat' dir='ltr'>(Aeneae)</span> <span class='ocrx_word' id='word_1_346' title='bbox 1670 3251 1883 3308; x_wconf 75' lang='lat' dir='ltr'>[layrabat</span> <span class='ocrx_word' id='word_1_347' title='bbox 1923 3250 2090 3291; x_wconf 83' lang='lat' dir='ltr'>Elisam</span> 
     </span>
     <span class='ocr_line' id='line_1_39' title="bbox 264 3305 2092 3365; baseline 0.002 -18"><span class='ocrx_word' id='word_1_348' title='bbox 264 3305 438 3349; x_wconf 87' lang='lat' dir='ltr'>XXXIII</span> <span class='ocrx_word' id='word_1_349' title='bbox 486 3308 514 3350; x_wconf 87' lang='grc'><strong>6</strong></span> <span class='ocrx_word' id='word_1_350' title='bbox 560 3315 602 3350; x_wconf 87' lang='lat' dir='ltr'>et</span> <span class='ocrx_word' id='word_1_351' title='bbox 643 3310 724 3363; x_wconf 85' lang='grc'>47,</span> <span class='ocrx_word' id='word_1_352' title='bbox 770 3311 1022 3358; x_wconf 82' lang='lat' dir='ltr'>Athenaeus</span> <span class='ocrx_word' id='word_1_353' title='bbox 1073 3312 1131 3353; x_wconf 90' lang='lat' dir='ltr'>Vl</span> <span class='ocrx_word' id='word_1_354' title='bbox 1218 3311 1496 3365; x_wconf 82' lang='lat' dir='ltr'>(Ascanius),</span> <span class='ocrx_word' id='word_1_355' title='bbox 1531 3310 1573 3352; x_wconf 91' lang='lat' dir='ltr'><strong>h.</strong></span> <span class='ocrx_word' id='word_1_356' title='bbox 1611 3324 1649 3351; x_wconf 93' lang='lat' dir='ltr'>e.</span> <span class='ocrx_word' id='word_1_357' title='bbox 1682 3311 1872 3364; x_wconf 65' lang='lat' dir='ltr'>flagrare</span> <span class='ocrx_word' id='word_1_358' title='bbox 1903 3309 2092 3363; x_wconf 79' lang='lat' dir='ltr'>faciebat</span> 
     </span>
     <span class='ocr_line' id='line_1_40' title="bbox 269 3366 2090 3427; baseline 0.002 -20"><span class='ocrx_word' id='word_1_359' title='bbox 269 3366 512 3409; x_wconf 83' lang='lat'>103—105</span> <span class='ocrx_word' id='word_1_360' title='bbox 547 3380 586 3420; x_wconf 89' lang='lat' dir='ltr'>p.</span> <span class='ocrx_word' id='word_1_361' title='bbox 619 3367 705 3409; x_wconf 89' lang='grc'>272</span> <span class='ocrx_word' id='word_1_362' title='bbox 736 3381 825 3427; x_wconf 59' lang='lat' dir='ltr'>sq„</span> <span class='ocrx_word' id='word_1_363' title='bbox 870 3370 1038 3412; x_wconf 86' lang='lat' dir='ltr'>Seneca</span> <span class='ocrx_word' id='word_1_364' title='bbox 1079 3370 1132 3416; x_wconf 83' lang='lat' dir='ltr'>de</span> <span class='ocrx_word' id='word_1_365' title='bbox 1216 3368 1289 3410; x_wconf 88' lang='lat' dir='ltr'>vel</span> <span class='ocrx_word' id='word_1_366' title='bbox 1323 3368 1596 3414; x_wconf 78' lang='lat' dir='ltr'>accendebat.</span> <span class='ocrx_word' id='word_1_367' title='bbox 1663 3367 1727 3410; x_wconf 82' lang='lat' dir='ltr'>Ad</span> <span class='ocrx_word' id='word_1_368' title='bbox 1762 3368 1885 3413; x_wconf 86' lang='lat' dir='ltr'>Statii</span> <span class='ocrx_word' id='word_1_369' title='bbox 1917 3380 2090 3410; x_wconf 88' lang='lat' dir='ltr'>versum</span> 
     </span>
    </p>
   </div>
   <div class='ocr_carea' id='block_1_7' title="bbox 257 3425 2092 3600">
    <p class='ocr_par' dir='ltr' id='par_1_7' title="bbox 257 3425 2092 3600">
     <span class='ocr_line' id='line_1_41' title="bbox 263 3425 2092 3481; baseline 0.001 -15"><span class='ocrx_word' id='word_1_370' title='bbox 263 3425 416 3480; x_wconf 82' lang='lat' dir='ltr'>&#39;l&#39;ranq.</span> <span class='ocrx_word' id='word_1_371' title='bbox 449 3425 492 3477; x_wconf 87' lang='grc'>8,</span> <span class='ocrx_word' id='word_1_372' title='bbox 525 3426 578 3468; x_wconf 87' lang='lat' dir='ltr'>dc</span> <span class='ocrx_word' id='word_1_373' title='bbox 610 3425 764 3468; x_wconf 83' lang='lat' dir='ltr'>Benef.</span> <span class='ocrx_word' id='word_1_374' title='bbox 801 3427 879 3468; x_wconf 89' lang='lat' dir='ltr'>VII</span> <span class='ocrx_word' id='word_1_375' title='bbox 916 3429 983 3471; x_wconf 89' lang='lat'><strong>10.</strong></span> <span class='ocrx_word' id='word_1_376' title='bbox 1218 3427 1377 3468; x_wconf 80' lang='lat' dir='ltr'>frustra</span> <span class='ocrx_word' id='word_1_377' title='bbox 1410 3425 1591 3468; x_wconf 82' lang='lat' dir='ltr'>offendit</span> <span class='ocrx_word' id='word_1_378' title='bbox 1635 3426 1934 3479; x_wconf 75' lang='lat' dir='ltr'>Marklandu8‚</span> <span class='ocrx_word' id='word_1_379' title='bbox 1978 3426 2092 3481; x_wconf 88' lang='lat' dir='ltr'>apud</span> 
     </span>
     <span class='ocr_line' id='line_1_42' title="bbox 352 3484 2092 3539; baseline 0.002 -15"><span class='ocrx_word' id='word_1_380' title='bbox 352 3485 467 3525; x_wconf 83' lang='lat' dir='ltr'>aeris</span> <span class='ocrx_word' id='word_1_381' title='bbox 488 3511 542 3516; x_wconf 94' lang='lat'>-—</span> <span class='ocrx_word' id='word_1_382' title='bbox 569 3484 806 3526; x_wconf 77' lang='lat' dir='ltr'>miracula.-</span> <span class='ocrx_word' id='word_1_383' title='bbox 841 3499 945 3526; x_wconf 80' lang='lat' dir='ltr'>vasa</span> <span class='ocrx_word' id='word_1_384' title='bbox 977 3485 1134 3527; x_wconf 84' lang='lat' dir='ltr'>Corin-</span> <span class='ocrx_word' id='word_1_385' title='bbox 1218 3485 1409 3526; x_wconf 81' lang='lat' dir='ltr'>Tacitum</span> <span class='ocrx_word' id='word_1_386' title='bbox 1443 3485 1658 3526; x_wconf 87' lang='lat' dir='ltr'>contraria</span> <span class='ocrx_word' id='word_1_387' title='bbox 1703 3486 1895 3527; x_wconf 87' lang='lat' dir='ltr'>membra</span> <span class='ocrx_word' id='word_1_388' title='bbox 1939 3499 2092 3539; x_wconf 83' lang='lat' dir='ltr'>verum</span> 
     </span>
     <span class='ocr_line' id='line_1_43' title="bbox 257 3541 2092 3600; baseline 0.002 -17"><span class='ocrx_word' id='word_1_389' title='bbox 257 3541 380 3597; x_wconf 75' lang='lat' dir='ltr'>thia,</span> <span class='ocrx_word' id='word_1_390' title='bbox 425 3543 478 3584; x_wconf 91' lang='lat' dir='ltr'>de</span> <span class='ocrx_word' id='word_1_391' title='bbox 511 3544 667 3599; x_wconf 86' lang='lat' dir='ltr'>quibus</span> <span class='ocrx_word' id='word_1_392' title='bbox 701 3550 899 3599; x_wconf 84' lang='lat' dir='ltr'>questum</span> <span class='ocrx_word' id='word_1_393' title='bbox 934 3558 1031 3587; x_wconf 90' lang='lat' dir='ltr'>esse</span> <span class='ocrx_word' id='word_1_394' title='bbox 1061 3544 1135 3585; x_wconf 85' lang='lat' dir='ltr'>Ti-</span> <span class='ocrx_word' id='word_1_395' title='bbox 1220 3544 1454 3587; x_wconf 88' lang='lat' dir='ltr'>ostendunt</span> <span class='ocrx_word' id='word_1_396' title='bbox 1514 3544 1566 3587; x_wconf 89' lang='lat' dir='ltr'>ab</span> <span class='ocrx_word' id='word_1_397' title='bbox 1629 3545 1938 3600; x_wconf 88' lang='lat' dir='ltr'>interpretibus</span> <span class='ocrx_word' id='word_1_398' title='bbox 2004 3557 2092 3587; x_wconf 91' lang='lat' dir='ltr'>non</span> 
     </span>
    </p>
   </div>
   <div class='ocr_carea' id='block_1_8' title="bbox 265 3599 1583 3650">
    <p class='ocr_par' dir='ltr' id='par_1_8' title="bbox 265 3599 1583 3650">
     <span class='ocr_line' id='line_1_44' title="bbox 265 3599 1583 3650; baseline 0.004 -8"><span class='ocrx_word' id='word_1_399' title='bbox 265 3599 431 3644; x_wconf 75' lang='lat' dir='ltr'>betium</span> <span class='ocrx_word' id='word_1_400' title='bbox 463 3608 606 3645; x_wconf 86' lang='lat' dir='ltr'>narrat</span> <span class='ocrx_word' id='word_1_401' title='bbox 638 3603 869 3648; x_wconf 86' lang='lat' dir='ltr'>Suetonius</span> <span class='ocrx_word' id='word_1_402' title='bbox 890 3603 1032 3648; x_wconf 81' lang='lat' dir='ltr'>Tiber.</span> <span class='ocrx_word' id='word_1_403' title='bbox 1064 3603 1136 3649; x_wconf 80' lang='lat'><strong>34.</strong></span> <span class='ocrx_word' id='word_1_404' title='bbox 1220 3603 1583 3650; x_wconf 80' lang='lat' dir='ltr'>animadversum.</span> 
     </span>
    </p>
   </div>
  </div>
 </body>
</html>
