2280 4004
214 294 240 325 τι
271 281 318 326 G.
351 281 424 326 64.
773 283 935 327 LIBER
965 283 1060 326 XV.
1130 282 1235 328 CAP.
1268 286 1457 330 35—37.

1948 289 2034 332 2¹71

214 426 438 480 deseruit
472 426 748 493 inceptum,
811 431 1018 478 cunctas
1058 426 1155 478 sibi
1191 442 1339 480 curas
1378 441 1551 482 amore
1583 427 1776 494 patriae
1810 427 2032 481 leviores

214 519 466 571 dictitans.
560 518 763 570 Vidisse
801 522 1023 569 maestos
1083 517 1267 569 civium
1325 520 1522 585 vultus,
1581 520 1759 571 audire
1811 524 2036 572 secretas

214 610 572 676 querimoniaS,
604 609 738 675 quod
766 614 953 660 tantum
985 610 1082 660 iter
1108 609 1334 660 aditurus
1363 615 1514 675 esset,
1545 611 1685 662 cuius
1715 627 1779 663 ne
1806 611 2038 662 modicos

213 701 414 767 quidem
451 714 691 768 egressus
740 700 1044 765 tolerarent,
1109 700 1239 751 sueti
1278 700 1546 752 adversum
1586 702 1791 753 fortuita
1829 706 2037 768 aspectu

210 792 452 859 principis
496 793 738 844 refoveri.
811 793 950 860 Ergo
985 797 1039 843 ut
1074 792 1127 842 in
1162 792 1372 858 privatis
1413 794 1874 845 necessitudinibus
1914 806 2077 860 pro-³

210 884 344 938 xima
381 885 599 952 pignora
646 885 1025 951 praevalerent,
1084 883 1155 934 ita
1195 883 1431 950 populum
1468 885 1744 936 Romanum
1789 886 1889 936 vim
1924 886 2040 952 plu-

210 977 388 1028 rimam
430 976 620 1027 habere
646 975 1024 1042 parendumque
1058 974 1311 1026 retinenti.
1387 975 1526 1026 Haec
1566 981 1714 1041 atque
1748 975 1865 1027 talia
1903 977 2039 1042 plebi

211 1067 435 1134 volentia
475 1065 651 1133 fuere,
690 1067 998 1133 voluptatum
1037 1067 1303 1133 cupidine,
1350 1071 1399 1118 et
1439 1081 1567 1132 quae
1603 1067 1874 1133 praecipua
1917 1083 2037 1119 cura

212 1163 306 1224 est,
342 1159 419 1210 rei
456 1159 815 1210 frumentariae
854 1158 1133 1225 angustias,
1170 1159 1213 1209 si
1249 1158 1468 1222 abesset,
1498 1159 1751 1209 metuenti.
1826 1159 2038 1211 Senatus

212 1254 262 1301 et
292 1249 541 1316 primores
577 1250 629 1299 in
667 1250 863 1300 incerto
898 1254 1058 1313 erant,
1099 1249 1275 1315 procul
1317 1264 1379 1299 an
1413 1264 1584 1300 coram
1621 1250 1845 1300 atrocior
1877 1251 2040 1302 habe-
2058 1266 2105 1302 ω

210 1346 381 1393 retur:
423 1341 624 1406 dehinc,
660 1356 789 1407 quae
825 1346 1003 1393 natura
1035 1340 1234 1408 magnis
1270 1341 1552 1405 timoribuS‚
1590 1341 1812 1392 deterius
1854 1342 2040 1393 crede-

126 1432 332 1489 :37ba1nt
369 1433 503 1498 quod
533 1438 791 1484 evenerat.
866 1433 977 1498 Ipse
1018 1447 1116 1498 quo
1155 1431 1305 1483 fidem
1346 1433 1635 1498 acquireret
1669 1433 1793 1483 nihil
1829 1449 2039 1499 usquam

209 1523 425 1589 perinde
461 1523 644 1575 laetum
684 1524 810 1588 sihi,
872 1504 1087 1590 publicis
1128 1523 1258 1574 locis
1309 1528 1507 1575 struere
1557 1515 1790 1574 convivia
1830 1529 2037 1590 totaque

209 1614 337 1666 urbe
374 1616 518 1680 quasi
556 1615 706 1666 domo
758 1615 845 1665 uti.
919 1615 981 1666 Et
1022 1614 1385 1666 celeberrimae
1436 1613 1554 1665 luxu
1593 1615 1825 1680 famaque
1866 1614 2042 1681 epulae

210 1705 382 1770 fuere,
447 1719 571 1772 quas
630 1721 658 1757 a
694 1704 941 1772 Tigellino
995 1710 1198 1771 paratas
1245 1709 1300 1755 ut
1350 1704 1629 1771 exemplum
1669 1705 1922 1770 referam,
1978 1721 2107 1757 neis

210 1796 411 1862 saepius
467 1796 644 1848 eadem
696 1795 1021 1863 prodigentia
1073 1796 1329 1847 narranda
1375 1795 1454 1847 sit.
1548 1795 1707 1861 Igitur
1757 1796 1808 1845 in
1858 1801 2040 1863 stagno

327 1944 370 1987 2.
402 1949 554 1985 mestos
585 1941 666 1985 Ma.
807 1943 850 1986 3.
882 1944 967 1984 iter
996 1943 1190 1985 aditurus
1222 1942 1280 1984 G:
1314 1942 1537 1984 auditurus
1571 1940 1651 1984 Ma.
1773 1942 1814 1985 9.
1846 1944 2044 1998 frumen-

210 2003 328 2046 taria
357 2000 438 2045 Ma.
524 2002 602 2045 12.
637 2008 870 2044 evenerant
900 2015 1115 2056 superscr.
1151 2009 1166 2044 t
1197 2002 1355 2043 litteris
1386 2009 1432 2042 nt
1464 2000 1544 2042 Ma.
1624 2001 1760 2043 nichil
1793 2001 1873 2043 Ma.
1972 2004 2040 2044 14.

212 2061 485 2104 celeberrime
515 2060 596 2105 Ma.
711 2061 892 2117 aepulae
923 2060 1003 2104 Ma.
1144 2062 1212 2105 15.
1248 2060 1440 2116 exempla
1472 2060 1539 2116 (id
1572 2066 1638 2102 est
1669 2061 1927 2118 exemplam)
1959 2061 2039 2114 Ma,

211 2135 299 2163 non
341 2120 584 2179 exemplar,
618 2126 665 2161 ut
697 2127 839 2163 narrat
870 2120 1089 2165 Pichena:
1140 2120 1375 2178 exemplum
1408 2119 1441 2162 G
1474 2125 1518 2162 et
1549 2119 1642 2162 alii.
1736 2123 1927 2176 referam
1957 2121 2039 2174 Ma,

209 2184 350 2238 feram
383 2181 430 2224 G.
549 2181 615 2224 16.
649 2182 790 2237 sepius
821 2178 902 2225 Ma.

1171 2303 1325 2375 113111
1364 2306 1446 2350 52:
1500 2305 1705 2348 Muciano
1747 2303 1935 2347 volentia
1966 2321 2041 2348 re-

1171 2379 1396 2420 scripsere.

297 2306 453 2348 vidisse
482 2313 664 2349 maestos
694 2332 750 2339 —-
768 2307 980 2363 principis
1012 2321 1087 2349 re-

213 2367 378 2422 foveri:
423 2367 636 2409 irrisionis
671 2379 802 2409 causa
845 2373 888 2407 et
920 2366 974 2408 ad
1006 2367 1086 2408 de-

212 2425 478 2482 pingendam
529 2425 715 2468 Neronis
775 2425 1088 2479 impudentiam

213 2486 308 2539 pari
341 2486 532 2526 iunctam
565 2485 780 2527 stultitiae
823 2484 934 2527 haec
983 2485 1088 2527 dili-

214 2549 369 2600 genter
389 2557 415 2586 a
429 2557 572 2586 rerum
590 2545 803 2599 scriptore
822 2544 1087 2587 referuntur.

306 2637 471 2674 tantum
493 2632 577 2673 iter
594 2646 608 2672 :
641 2630 904 2674 vocabulum
927 2632 1012 2674 iter
1043 2634 1088 2673 in

217 2689 284 2734 Ma
331 2691 489 2745 periit,
550 2690 686 2733 celeri
733 2692 1088 2746 pronuntiatione

216 2751 393 2792 tantitaer
423 2749 639 2792 haustum.
733 2751 958 2793 adversum
990 2753 1088 2806 for-

215 2810 349 2851 tuita:
395 2809 576 2852 fortuita
619 2822 716 2852 esse
750 2811 958 2852 adversae
994 2811 1089 2852 for-

218 2874 352 2910 tunae
387 2881 535 2922 casus‚
570 2870 897 2923 praepositione
930 2869 1090 2911 adver-

216 2942 309 2969 sum
367 2927 658 2984 significatum
733 2935 798 2971 est
860 2934 904 2973 et
953 2928 1090 2971 verbo

218 2988 421 3042 refoveri.

302 3073 421 3130 plebi
459 3073 648 3116 volentia
688 3076 839 3129 fuere.-
884 3075 1092 3117 audacter

220 3137 264 3174 et
293 3145 410 3175 nove
444 3133 527 3175 hoc
574 3133 735 3175 dictum
769 3140 858 3187 est,
904 3134 1093 3176 volentia

219 3203 297 3245 pro
333 3205 385 3234 eo
433 3192 550 3248 quod
580 3192 706 3247 plebs
750 3194 930 3236 volebat
961 3195 1092 3249 eique

221 3257 449 3305 acceptum
473 3258 579 3294 erat.
630 3252 755 3303 Quod
778 3254 919 3294 minus
936 3252 1091 3305 audax,

222 3309 455 3352 Sallustius
486 3311 530 3351 in
551 3310 762 3367 Iugurtha
794 3325 831 3353 c.
853 3312 912 3354 84
944 3312 1092 3365 praei-

220 3374 369 3410 verat:
395 3368 487 3410 alia
506 3377 738 3426 praeterea
758 3372 989 3426 maqnifica
1007 3383 1089 3426 pro

222 3441 267 3470 se
301 3427 484 3482 (Marius
526 3428 750 3486 dictitare)
801 3437 839 3470 et
884 3429 971 3470 illis
1013 3429 1092 3470 do-

223 3486 372 3529 lentia.
435 3487 554 3529 Idem
601 3494 755 3542 quarto
798 3488 909 3529 libro
942 3488 1093 3529 Histo-

225 3546 383 3588 riarum
417 3546 532 3600 apud
573 3546 758 3588 Nonium
800 3559 843 3601 p.
881 3546 963 3589 186
1012 3546 1092 3590 19:

226 3606 448 3662 multisque
523 3606 829 3663 suspicionibus
901 3606 1087 3648 volentia

224 3664 339 3721 plebi
368 3669 564 3722 facturus
612 3665 861 3709 habebatur.
923 3664 1094 3709 Tacitus

1263 2423 1368 2478 Cap.
1399 2424 1470 2467 37.
1536 2430 1575 2466 et
1607 2424 1908 2466 celeberrimae
1941 2424 2043 2466 luaeu

1170 2485 1373 2539 famaque
1426 2482 1575 2539 epulae
1639 2486 1786 2539 fuere:
1861 2484 2042 2526 eandem

1171 2556 1262 2584 rem
1306 2542 1437 2597 paulo
1489 2543 1618 2585 aliter
1661 2542 1789 2584 tradit
1837 2542 1919 2584 Dio
1973 2556 2041 2598 ap.

1172 2602 1443 2657 Xiphilinum
1464 2601 1575 2644 LXII
1613 2603 1680 2645 15.
1745 2603 2042 2645 Sueton.Ner.

1174 2664 1244 2706 27.
1288 2661 1415 2703 Conf.
1450 2668 1602 2704 auctor
1630 2660 1839 2704 Octaviae
1859 2662 2045 2717 (Mater-

1172 2726 1277 2779 nus)
1309 2734 1352 2763 v.
1383 2720 1496 2764 431:

1297 2780 1424 2836 Turpi
1455 2779 1583 2822 libido
1616 2793 1769 2821 venere
1801 2779 2046 2822 dominatur

1616 2846 1782 2894 polens,

1291 2897 1489 2940 Luxuria
1519 2898 1676 2939 victrioe
1720 2898 1833 2940 orbis
1864 2898 2046 2939 immen-

1622 2972 1694 3013 sas
1728 2971 1825 3013 opes

1291 3016 1385 3059 Iam
1425 3017 1593 3073 pridem
1625 3015 1784 3058 'avaris
1828 3015 2036 3066 manibus,

1618 3084 1663 3118 ut
1690 3075 1872 3131 perdat,
1905 3076 2035 3130 rapit.

1263 3193 1310 3233 in
1341 3199 1491 3248 stayno
1524 3191 1768 3248 Ayrippae:
1810 3193 1917 3233 situs
1951 3192 2045 3234 eius

1174 3252 1318 3307 stagni
1352 3257 1470 3292 certe
1497 3250 1666 3292 deliniri
1692 3252 1859 3305 nequit,
1894 3256 1936 3292 et
1965 3250 2044 3292 ad..

1175 3310 1347 3351 modum
1383 3311 1550 3352 incerta
1586 3316 1760 3352 narrant
1795 3311 1866 3364 qui
1900 3309 2042 3352 locum

1178 3369 1300 3411 illum
1357 3371 1401 3410 in
1453 3368 1589 3410 hortis
1634 3370 1856 3425 Agrippae
1907 3381 2044 3423 prope

1175 3427 1399 3470 Pantheon
1432 3429 1476 3468 in
1499 3429 1682 3482 septima
1709 3427 1827 3468 urbis
1859 3430 2043 3484 regione

1175 3487 1259 3528 sibi
1322 3488 1526 3529 videntur
1586 3488 1848 3541 repperisse.
1939 3484 2042 3529 Mihi

1177 3546 1291 3587 idem
1334 3553 1533 3602 stagnum
1584 3548 1812 3588 memorari
1855 3545 2042 3601 videtur,

1179 3606 1302 3647 cuius
1348 3607 1511 3647 mentio
1564 3604 1679 3647 facta
1733 3611 1798 3648 est
1843 3605 1919 3647 XII
1970 3605 2042 3660 56,

1178 3663 1277 3708 x1v
1312 3666 1391 3719 15,
1438 3664 1481 3708 h.
1516 3679 1555 3708 e.
1588 3671 1790 3722 stagnum
1821 3671 1937 3709 trans
1968 3664 2042 3708 Ti-
