2280 4004
228 231 316 286 'we

210 389 433 457 posset,
493 384 604 436 acie
641 383 844 435 victum.

959 238 1277 286 'ANNALIVM
1359 239 1365 241 ⁴
1435 239 1438 242 “

951 383 1195 436 Defensio
1233 385 1285 434 in
1337 382 1521 436 ceteris
1572 383 1856 451 trepidavit.

1800 257 1839 288 a.
1870 248 1916 288 ἰι.
1951 243 2051 290 773.

227 490 391 543 neque
428 476 750 527 ambitionem
778 475 1044 527 militarem
1067 490 1232 541 neque
1271 475 1588 542 provinciam
1613 475 1839 541 pessimo
1875 478 2058 545 cuique

228 567 518 631 obnoxiam,
560 583 625 619 ne
665 566 995 617 contumelias
1030 567 1235 634 ,quidem
1274 566 1544 618 adversum
1582 567 1938 633 imperatorem
1973 568 2061 624 in-

227 652 374 710 fitiari
412 663 626 725 poterat.

700 657 871 710 Solum
906 658 1091 709 veneni
1113 655 1322 708 ‘crimen
1358 658 1498 709 visus
1533 662 1609 709 est
1637 658 1848 710 diluisse
1867 676 1882 722 3
1922 657 2059 725 qnod

189 760 292 803 'sne
328 754 655 801 accusatores
685 748 886 814 quidem
914 749 1036 800 satis
1073 748 1354 814 firmabant,
1394 750 1445 800 in
1487 750 1725 802 convivio
1751 749 2057 814 Germanici,

227 835 338 892 cum
364 855 517 906 super
555 855 665 891 cum
697 840 810 891 Piso
851 840 1209 905 discumberet,
1247 840 1466 893 infectos
1507 841 1740 893 manibus
1777 842 1886 892 eius
1915 840 2059 892 cibos

224 931 514 999 arguentes,

593 932 787 998 Quippe
825 932 1097 983 absurdum
1133 932 1431 998 videbatur,
1482 933 1614 986 inter
1648 932 1812 985 aliena
1850 932 2057 984 servitia

225 1029 274 1075 et
320 1029 394 1075 tot
434 1024 737 1075 adstantium
780 1024 923 1089 viSU,
985 1025 1096 1091 ipso
1139 1023 1441 1076 Germanico
1495 1039 1696 1090 coram,
1758 1024 1810 1076 id
1861 1039 2056 1077 ausum.

226 1115 584 1182 Offerebatque
611 1116 850 1168 familiam
877 1131 1013 1181 reus,
1055 1111 1104 1167 et
1130 1114 1390 1168 ministros
1417 1117 1468 1166 in
1504 1121 1755 1168 tormenta
1778 1116 2055 1184 flagitabat.

162 1216 209 1261 io
224 1207 324 1261 Sed
365 1207 561 1258 iudices
597 1222 688 1273 per
726 1206 928 1258 diversa
968 1207 1299 1274 inplacabiles
1341 1212 1499 1272 erant,
1541 1207 1731 1259 Caesar
1765 1206 1831 1259 ob
1870 1206 2055 1258 bellum

221 1298 518 1365 provinciae
546 1298 770 1362 inlatum,
803 1303 1009 1350 senatus
1045 1313 1298 1365 nunquam
1337 1299 1460 1350 satis
1500 1298 1695 1350 credito
1731 1298 1842 1351 sine
1877 1297 2058 1350 fraude

224 1390 576 1443 Germanicum
618 1390 871 1441 interisse.

223 1480 355 1534 haud
399 1482 562 1532 minus
600 1480 830 1531 Tiberius
872 1495 1018 1546 quam
1061 1480 1176 1531 Piso
1216 1480 1457 1531 abnuere.

977 1405 1007 1439 ηε
1048 1405 1078 1440 ιοι
1116 1391 1445 1456 scripsissent
1481 1390 1884 1457 expostulantes3
1922 1388 2057 1456 quod

1532 1480 1686 1534 Simul
1721 1480 1893 1548 populi
1940 1484 2057 1532 ante

225 1572 414 1624 curiam
476 1587 632 1623 voces
691 1571 1051 1622 audiebantur:
1111 1586 1215 1622 non
1268 1574 1639 1638 temperaturos
1694 1571 1959 1637 manibus,
2014 1571 2058 1622 si

158 1658 417 1731 §spatium
468 1664 748 1715 sententias
786 1663 1051 1714 evasisset.

1127 1663 1439 1730 Effigiesque
1474 1663 1672 1716 Pisonis
1711 1666 1979 1730 traxerant·
2007 1662 2059 1714 in

227 1754 499 1806 Gemonias
541 1769 601 1804 ac
639 1753 977 1819 devehebant,
1018 1754 1069 1804 ni
1107 1754 1248 1805 iussu
1284 1754 1526 1820 principis
1559 1758 1821 1820 protectae
1855 1753 2061 1820 reposi-

221 1851 405 1911 taeque
448 1846 472 1896 s
470 1851 635 1897 orent.

709 1846 867 1912 Igitur
903 1844 1092 1896 inditus
1125 1844 1340 1897 lecticae
1379 1851 1428 1896 ct
1468 1862 1496 1898 a
1531 1845 1733 1897 tribuno
1770 1844 2059 1912 praetoriae

224 1937 451 1988 cohortis
496 1938 743 1989 deductus
782 1943 885 2002 est,
924 1938 1068 1989 vario
1106 1952 1338 2003 rumore,
1382 1943 1553 1990 custos
1590 1938 1741 1990 saluti
1777 1953 1841 1989 an
1880 1937 2057 1989 mortis

218 2027 432 2091 fexactor
472 2033 788 2095 sequeretur.

862 2029 1052 2080 Eadem
1089 2028 1360 2080 Plancinae
1399 2029 1620 2095 invidia,
1660 2026 1826 2081 maior
1862 2029 2144 2098 gratia315

155 2138 207 2176 πο
224 2134 387 2186 eoque
424 2120 713 2187 ambiguum
750 2107 1031 2172 habebatur
1078 2126 1315 2186 quantum
1351 2119 1559 2172 Caesari
1604 2121 1657 2171 in
1696 2135 1807 2172 eam
1858 2118 2053 2172 liceret.

338 2256 379 2298 2.
415 2255 485 2295 cui
516 2253 611 2296 olm.
633 2254 695 2296 M:
730 2255 863 2296 tacite
898 2266 1010 2296 corr.
1032 2254 1283 2297 Rhenanus,
1345 2256 1387 2298 4.
1423 2268 1596 2297 cremen
1617 2254 1672 2296 Μ.

842 2313 880 2355 Μ
916 2314 1114 2356 defectus
1158 2313 1326 2355 nullum
1373 2314 1595 2356 indicium.

998 2375 1228 2430 principiis
1260 2372 1465 2429 (alterum
1499 2375 1515 2415 i
1545 2373 1719 2427 punctis
1750 2373 1966 2427 notatum)
1999 2369 2053 2412 Μ.

223 2315 290 2355 11.
322 2327 463 2367 παηιᾳ.
498 2312 551 2354 Μ.
650 2315 716 2357 12.
751 2314 795 2354 in

218 2371 470 2414 Ernestius:
512 2372 576 2413 Ma
610 2371 878 2416 divellebant.

218 2431 290 2474 18.
325 2439 480 2474 mortes
512 2431 564 2473 Μ.

318 2560 422 2614 Cap.
480 2560 547 2602 14.
611 2561 656 2601 in
698 2561 882 2601 ceteris:
930 2561 1095 2603 rariore

221 2617 427 2674 loquendi
485 2631 565 2659 usu
615 2632 756 2660 rerum
814 2626 1092 2673 exceptarum

221 2679 490 2719 enumeratio
512 2678 817 2733 praegreditur
838 2680 900 2719 rei
933 2692 986 2719 ex
1007 2678 1094 2721 alio

220 2750 385 2793 genere
419 2743 615 2791 sumptae
650 2743 693 2779 et
722 2738 950 2791 oppositae
969 2750 1093 2779 coni-

218 2799 593 2848 memorationem,
628 2809 740 2852 quae
772 2799 967 2852 sequitur
994 2797 1094 2839 inde

219 2869 242 2896 a
276 2856 421 2913 verbis
454 2856 588 2897 solum
620 2857 775 2897 veneni
794 2857 955 2898 crimen
981 2858 1093 2898 visus

220 2922 279 2956 est
310 2915 496 2957 diluisse.

306 2976 575 3030 scripsissent
594 2988 608 3015 .·

218 3033 440 3086 ciderunt,
490 3047 616 3089 quam
667 3040 713 3074 ut
745 3036 837 3087 ipsa
870 3035 1095 3087 scriptoris

217 3093 351 3135 verba
375 3095 543 3135 restitui
565 3094 746 3147 possint.
782 3092 906 3145 Quod
926 3099 1095 3135 tentare

217 3154 260 3194 in
306 3152 549 3194 huiusmodi
592 3152 691 3193 loco
732 3165 827 3195 cum
876 3154 1093 3194 temerarii

217 3211 404 3253 hominis
437 3214 518 3264 sit,
565 3217 709 3254 tamen
742 3213 988 3254 sententiae
1021 3218 1092 3253 te-

216 3283 367 3312 norem
402 3274 444 3312 in
464 3273 715 3313 universum
740 3272 937 3313 divinare
968 3271 1087 3313 licet.

216 3330 321 3371 Nam
356 3331 465 3372 hacc
495 3332 736 3384 respiciunt
768 3330 820 3372 ad
852 3330 1091 3373 litterarum

218 3392 525 3431 commercium
545 3422 555 3442 ,
589 3403 613 3430 a
646 3389 803 3431 Pisone
836 3396 879 3431 et
912 3390 1092 3432 Germa-

217 3450 317 3489 nico
352 3448 480 3502 paulo
525 3454 625 3490 ante
667 3462 793 3505 quam
838 3450 934 3491 Piso
970 3450 1092 3503 Syria

218 3507 454 3547 decederet
493 3507 708 3548 habitum:
743 3521 784 3551 v.
822 3508 857 3550 11
892 3511 960 3552 70.
1007 3508 1092 3550 llas

212 3566 386 3607 litteras
441 3571 484 3607 et
538 3579 648 3621 quae
687 3580 897 3621 responsa
939 3569 1025 3609 sint
1068 3581 1093 3609 a

218 3624 375 3670 Pisone
429 3638 524 3667 cum
573 3632 727 3667 senatu
782 3628 1091 3674 communicari

664 2980 765 3017 autc
798 2974 922 3028 plura
956 2977 1095 3016 inter-

1740 2254 1810 2298 10.
1843 2251 1960 2310 impl.
1983 2249 2055 2294 Or.

1692 2312 1760 2355 16.
1794 2311 2057 2354 devellebane

1182 2560 1383 2602 nonnulli
1435 2562 1658 2604 volebant.
1719 2558 2055 2617 Empostulames

1182 2626 1326 2661 autem
1390 2632 1475 2662 non
1540 2623 1731 2675 pertinet
1787 2618 1840 2662 ad
1892 2619 2055 2661 amicos

1183 2678 1442 2733 Germanici,
1474 2687 1752 2723 accusatores
1771 2678 1958 2732 Pisonis,
1978 2677 2055 2720 sed

1181 2738 1234 2779 ad
1268 2739 1407 2792 ipsum
1443 2738 1747 2782 Germanicum
1779 2744 1823 2780 et
1853 2737 2054 2781 Pisonem

1180 2798 1336 2854 iurgiis
1378 2811 1456 2852 per
1502 2798 1670 2841 litteras
1725 2795 2054 2854 apostatantes,

1184 2856 1224 2898 h.
1252 2870 1291 2899 e.
1317 2858 1565 2912 opprobriis
1587 2872 1686 2901 sese
1706 2855 2053 2913 proscindentes.

1181 2914 1308 2958 Conf.
1333 2916 1427 2958 Xlll
1451 2919 1534 2961 37:
1567 2918 1838 2972 mittebatque
1859 2922 2055 2959 oratores

1181 2976 1252 3029 qui
1282 2990 1356 3017 suo
1394 2977 1730 3033 Parthorumque
1773 2975 1944 3018 nomine
1976 2989 2055 3016 ex-

1175 3035 1458 3090 postularent,
1512 3051 1590 3078 cur
1647 3062 1703 3069 -
1754 3034 2052 3091 depelleretur.

1183 3094 1257 3134 XV
1280 3094 1333 3135 5:
1370 3097 1482 3136 misit
1514 3096 1572 3136 acl
1612 3094 1844 3150 Voloqesen
1872 3094 1944 3148 qui
1975 3106 2055 3133 ez·-

1176 3151 1445 3208 postularent
1475 3155 1560 3195 rim
1576 3154 1830 3210 provinciae
1853 3151 2052 3195 inlatam.

1181 3212 1370 3253 Recitari
1422 3213 1498 3254 has
1553 3213 1720 3255 litteras
1765 3226 1790 3254 a
1841 3211 2054 3268 dignitate

1181 3270 1400 3312 hominum
1429 3278 1472 3314 et
1494 3272 1579 3314 loci
1598 3272 1789 3314 alienum
1809 3269 2052 3313 videbatur.

1266 3331 1312 3370 in
1346 3331 1597 3374 Gemonias:
1640 3338 1740 3374 sunt
1778 3329 1923 3373 scalae
1963 3328 2051 3370 Ge-

1179 3391 1351 3432 moniae
1385 3405 1438 3432 ex
1473 3390 1680 3446 Capitolii
1712 3395 1875 3442 monte,
1907 3397 2051 3442 neque

1179 3449 1330 3501 procul
1369 3463 1392 3491 a
1427 3449 1615 3492 Carcere
1648 3456 1691 3492 et
1726 3450 1823 3492 foro
1839 3447 2049 3496 Romano,

1179 3507 1232 3549 ad
1264 3507 1451 3550 Tiberim
1484 3510 1708 3552 ducentes.
1775 3505 1901 3549 conf.
1939 3503 1973 3545 V
2006 3503 2049 3555 9,

1182 3567 1238 3609 Vl
1265 3568 1338 3611 25.
1373 3568 1423 3609 Η.
1459 3568 1513 3610 ΙΙΙ
1547 3569 1604 3611 74
1633 3573 1676 3609 et
1706 3566 1780 3608 85.
1812 3563 2049 3608 Suetonius

1178 3627 1318 3672 Tiber.
1352 3627 1409 3674 53
1442 3633 1486 3670 et
1515 3626 1570 3671 61
1605 3631 1648 3669 et
1676 3625 1753 3680 75,
1790 3621 1941 3669 viteli.
1978 3621 2047 3685 17.

1929 387 2056 440 Nam
2074 386 2142 436 14
