2280 4004
237 280 326 330 864
1025 280 1318 331 ANNAmvu
1805 292 1925 336 mnu.
1956 274 2060 340 7902

235 427 373 498 gium
421 430 626 481 nonnisi
682 425 845 482 morte
901 430 1168 483 inveniret.
1267 432 1426 499 Igitur
1476 431 1736 484 accusata*
1761 432 1812 483 in
1861 432 2057 499 s'enatm·

235 534 532 589 quamquam
568 536 734 588 genua
772 527 966 588 patrum
1009 522 1385 589 advolveretur,
1425 519 1710 592 luctumque
1743 524 2060 578 communem

159 573 181 683 s
234 615 284 663 et
322 612 484 678 magis
523 611 828 665 imbecillum
862 614 949 666 tali
987 614 1141 685 super
1180 631 1301 667 casu
1337 615 1635 668 feminarum
1673 615 1892 668 animum
1929 614 2062 667 alia-4

234 714 330 770 que
366 701 417 755 in
445 694 660 758 eundem
700 704 931 757 dolorem
959 712 1151 759 maesta
1190 713 1238 758 et
1275 707 1562 760 miseranda
1597 707 1684 759 diu
1721 707 1895 772 ferret,
1932 705 2060 758 urbe

196 796 400 849 stamen
450 794 502 844 in
554 794 732 847 decem
793 812 955 849 annos
1006 798 1261 865 prohibita
1312 804 1419 865 est,
1503 798 1670 853 donec
1716 798 1885 853 minor
1928 796 2059 851 filius

231 882 478 938 lubricum
518 885 756 938 iuventae
798 889 977 940 exiret.

370 977 472 1027 Iam
512 978 765 1030 Tiberium
804 995 1017 1047 corpuS‚
1077 982 1176 1034 iam
1229 983 1395 1048 vireS‚
1451 983 1675 1035 nondum
1725 981 2145 1037 dissimulatio-'vo

232 1064 520 1119 deserebat.
616 1070 752 1122 Idem
801 1072 954 1124 animi
1009 1073 1178 1142 rigor:
1233 1089 1471 1127 sermone
1522 1091 1583 1126 ac
1629 1073 1777 1126 vultu·
1816 1055 2054 1139 intentuS‚

230 1160 746 1224 quaesitainterdum
802 1166 1039 1217 comitate
1089 1167 1315 1232 quamvis
1361 1165 1678 1218 manifestam
1717 1165 2056 1217 defectionem

167 1262 215 1300 ιο
230 1250 448 1317 tegebat.
519 1253 822 1321 Mutatisque
856 1257 1059 1322 saepius
1093 1257 1222 1308 locis
1254 1258 1459 1310 tandem
1491 1257 1621 1324 apud
1657 1255 2056 1323 promuntorium

225 1343 409 1395 Miseni
438 1346 672 1397 consedit
698 1347 750 1397 in
777 1347 913 1413 villa,
943 1348 1022 1398 cui
1045 1349 1230 1400 Lucius
1251 1349 1486 1400 Lucullus
1521 1348 1774 1415 quondam
1804 1347 2055 1399 dominus.

226 1433 334 1486 Illic
371 1421 484 1486 eum
522 1437 931 1504 adpropinquare
965 1439 1215 1505 supremis
1253 1439 1339 1489 tali
1374 1439 1528 1490 modo
1567 1443 1911 1505 compertum:
1950 1441 2060 1489 erat

225 1524 454 1577 medicus
493 1531 602 1579 arte
638 1528 873 1598 insigniS,
917 1530 1123 1581 nomine
1168 1530 1446 1596 CharicleS,
1486 1545 1590 1581 non
1630 1529 1833 1597 quidem
1872 1542 2060 1596 regere

224 1616 530 1670 valitudines
565 1619 809 1687 principis
851 1621 1061 1686 solitus,
1108 1621 1308 1674 consilii
1344 1627 1514 1674 tamen
1555 1621 1753 1688 copiam
1790 1619 2057 1688 praebere.

163 1715 209 1754 ¹⁵
225 1709 271 1760 Is
309 1709 446 1760 velut
481 1711 686 1777 propria
725 1712 788 1763 ad
827 1714 1035 1780 negotia
1081 1713 1376 1780 digrediens
1417 1717 1466 1764 et
1507 1728 1600 1780 per
1638 1705 1862 1779 speciem
1901 1711 2058 1764 officii

223 1816 424 1854 manum
463 1803 754 1869 complexus
804 1804 1001 1871 pulsum
1050 1820 1292 1856 venarum
1348 1805 1528 1875 attigit.
1620 1805 1795 1872 Neque
1847 1802 2051 1856 fefellit:

1744 1980 1786 2023 5.
1817 1977 1967 2021 ducem
1996 1977 2052 2021 M.

339 1980 382 2021 2.
410 1978 551 2033 patris
582 1978 646 2020 M:
679 1979 812 2020 tacite
845 1981 1036 2021 correxit
1066 1978 1320 2022 Rhenanus.
1411 1982 1453 2024 3.
1488 1981 1575 2024 inb.
1597 1980 1652 2022 Μ.

1725 2040 1794 2082 10.
1826 2038 1966 2095 sepius
1999 2037 2052 2079 M.

222 2035 264 2078 6.
296 2036 463 2078 invente
498 2038 555 2079 M.
679 2039 718 2080 7.
767 2039 947 2082 tiber-um
978 2040 1032 2081 M.
1153 2040 1194 2082 9.
1238 2041 1511 2096 manifestum
1540 2041 1597 2083 M.

218 2097 563 2152 promunturium
595 2096 649 2140 M.
684 2097 740 2140 cf.
775 2100 803 2142 2
833 2098 904 2143 39.
1010 2101 1078 2141 11.
1117 2098 1167 2141 L.
1201 2099 1256 2142 M.

325 2246 561 2301 luctumque
611 2262 873 2291 communem
920 2275 976 2282 —-
1023 2251 1095 2292 diu

220 2308 384 2361 ferret.-
430 2307 565 2362 vulgo
599 2307 710 2349 haec
742 2321 829 2349 non
862 2315 983 2350 recte
1016 2323 1094 2351 ac-

222 2366 442 2419 cipiuntur
462 2366 516 2407 de
547 2365 666 2407 luctu
701 2373 744 2408 et
776 2368 936 2419 animo,
967 2382 1093 2423 quam

221 2437 296 2465 rea
325 2424 439 2478 apud
472 2431 617 2478 patres
650 2439 754 2480 prae
786 2440 834 2468 se
867 2427 1018 2468 tulerit
1052 2434 1096 2469 et

220 2483 369 2524 multis
391 2483 538 2525 verbis
551 2485 662 2541 (diu)
678 2486 862 2527 iactarit.
896 2486 1002 2527 Nam
1023 2487 1095 2528 lu-

222 2548 335 2583 ctum
354 2544 520 2584 iactare
534 2543 686 2585 Latine
702 2552 822 2586 recte
836 2546 921 2586 dici
940 2559 1094 2600 quam-

223 2613 348 2657 quam
381 2602 685 2653 concedimus,
726 2603 840 2644 idem
884 2604 1094 2645 imbecillo

220 2660 363 2701 animo
387 2671 473 2700 non
496 2662 746 2713 conveniet,
762 2675 907 2716 neque
932 2663 1092 2705 iactare

221 2717 454 2774 quidquam
479 2719 636 2760 mulier
673 2719 750 2760 illa
780 2721 982 2773 intendit,
1015 2722 1093 2763 sed

219 2777 564 2819 misericordiam
623 2790 900 2821 commovere
962 2782 1092 2823 unice

219 2837 399 2879 studuit.
462 2838 613 2892 ltaque
631 2839 750 2891 ferre
773 2838 816 2880 h.
846 2839 875 2880 l.
910 2845 976 2881 est
1007 2840 1092 2881 ha-

221 2897 319 2938 bere
351 2903 390 2937 et
413 2897 648 2948 ostendere,
685 2903 731 2936 ut
751 2898 800 2939 Ο.
824 2899 879 2941 25
913 2899 1092 2940 eandem

219 2956 448 2997 sanitatem
481 2956 746 3009 eloquentiae
778 2960 951 3012 ferunt,
986 2958 1036 2999 H.
1074 2958 1089 2998 1

223 3016 278 3058 19
304 3014 370 3056 illi
390 3016 690 3055 auctoritatem
721 3023 908 3068 senatus,
933 3017 1002 3057 hic
1022 3017 1091 3058 di-

217 3074 464 3129 9nationem
497 3074 701 3115 Caesaris
732 3073 912 3116 laturus.
958 3076 1092 3117 Mater

218 3132 385 3187 Papinii
420 3133 583 3174 luctum
627 3145 922 3186 communem,
972 3134 1012 3175 h.
1049 3149 1087 3175 e.

219 3205 348 3246 quem
387 3191 522 3247 vulgo
560 3192 757 3234 homines
791 3193 835 3233 in
876 3192 951 3234 tali
987 3206 1090 3234 casu

220 3250 395 3302 habent,
433 3257 476 3292 et
496 3252 634 3307 magis
659 3250 928 3294 imbecillum
958 3252 1090 3294 semi-

219 3321 370 3351 narum
417 3312 607 3350 animum
651 3323 799 3351 secum
840 3310 965 3363 tulit3
1019 3311 1090 3351 diu

219 3374 363 3410 autem
396 3381 491 3408 cum
525 3369 651 3420 dicit,
697 3369 910 3424 intelligit
941 3375 983 3411 et
1018 3371 1089 3410 fu-

219 3428 336 3467 neris
359 3434 528 3480 tempus
555 3433 598 3467 et
620 3440 770 3469 omnes
795 3430 1090 3470 accusationis

220 3485 328 3526 dies.
392 3485 662 3539 Praepositio
699 3488 746 3527 in
778 3492 879 3527 ante
914 3487 1090 3527 eundem

221 3543 409 3584 dolorem
464 3544 576 3585 idem
630 3545 749 3586 valet
799 3551 929 3599 atque
982 3545 1092 3599 quod

221 3603 372 3642 attinet
413 3603 471 3643 ad
521 3604 607 3656 Cin
647 3603 815 3645 Betreff
855 3603 1088 3646 desselben

223 3658 515 3716 Sclunerzes’)
596 3659 723 3703 Conf.
758 3661 810 3702 ad
841 3661 897 3702 111
928 3661 1000 3705 24.

1265 2251 1408 2294 minor
1433 2248 1573 2302 filius.-
1606 2248 1718 2290 alius
1748 2247 1923 2290 videtur
1955 2260 2054 2291 esse

1181 2310 1253 2364 qui
1286 2310 1485 2363 principe
1521 2307 1626 2350 Gaio
1667 2308 1836 2349 tristem
1891 2313 2052 2349 sortem

1180 2374 1385 2422 expertus
1405 2373 1494 2419 est3
1529 2367 1698 2409 Seneca
1718 2367 1772 2408 de
1791 2366 1860 2407 Ira
1876 2365 1935 2408 111
1971 2365 2051 2409 18:

1179 2428 1311 2468 Gaius
1365 2427 1531 2468 Caesar
1574 2426 1751 2467 Sextum
1800 2426 2050 2482 Pupiniam,

1179 2488 1247 2528 cui
1274 2493 1399 2541 pater
1443 2492 1538 2527 erat
1570 2483 1836 2536 consularis,
1877 2508 1934 2516 —
1964 2497 2050 2525 uuo

1178 2545 1244 2586 die
1261 2543 1442 2600 [laqellis
1459 2544 1626 2596 cecidit,
1649 2545 1786 2595 torsit,
1805 2556 1894 2584 non
1915 2556 2050 2597 quae-

1174 2605 1325 2644 stionis
1361 2617 1495 2644 causa
1524 2602 1599 2643 sed
1629 2602 1778 2644 animi.
1839 2600 2049 2643 Nimirum

1174 2661 1294 2703 illius
1315 2667 1440 2715 pater
1461 2663 1505 2702 in
1527 2661 1643 2702 vivis
1664 2666 1772 2711 erat,
1803 2672 1900 2701 cum
1932 2660 2049 2702 titius

1176 2720 1252 2762 Gai
1286 2720 1475 2762 ludibrio
1510 2718 1785 2761 conflictatus
1818 2723 1899 2760 est.

1263 2837 1367 2893 Cap.
1402 2839 1473 2882 50.
1535 2838 1647 2879 idem
1664 2837 1802 2879 animi
1825 2836 1977 2892 rigor.-
2009 2835 2047 2876 is

1174 2898 1339 2952 alioqui
1380 2896 1543 2938 molliri
1587 2896 1822 2953 frangique
1854 2893 1970 2937 solet
1999 2895 2045 2936 in

1173 2959 1399 2999 morituro.
1556 2957 1625 2998 cui
1667 2956 1718 2997 1..
1754 2953 1958 2996 Lucullus
1989 2978 2046 2986 —

1173 3017 1393 3057 dominus.-
1426 3015 1483 3057 cf.
1508 3014 1729 3056 Plutarch.
1750 3014 1884 3055 Mario
1909 3027 1947 3054 c.
1969 3013 2042 3055 34.

1259 3076 1428 3115 nomine
1448 3073 1671 3115 Charicles
1686 3086 1701 3113 .·
1734 3075 1828 3113 eius
1851 3071 2043 3112 mentio..

1173 3146 1269 3173 nem
1296 3134 1402 3174 facit
1419 3132 1608 3174 Galenus
1642 3131 1696 3172 de
1714 3129 2043 3184 compositione

1171 3192 1586 3233 medicamentorum
1617 3190 1655 3231 11
1690 3203 1728 3231 c.
1761 3191 1782 3230 1
1817 3194 1862 3230 et
1890 3191 1932 3240 2,
1971 3188 2045 3230 vn

1171 3250 1197 3292 5
1223 3256 1265 3291 et
1287 3251 1329 3303 6,
1364 3250 1401 3290 Χ
1437 3252 1473 3292 1.
1576 3248 1856 3304 pei-speciem
1887 3248 2044 3303 officii:

1171 3308 1307 3350 officii
1342 3322 1481 3364 genus
1512 3308 1676 3349 indicat
1701 3307 1935 3349 Suetonius
1951 3304 2042 3348 Tib.

1173 3369 1228 3409 72
1245 3382 1255 3408 :
1292 3367 1537 3409 Chariclem
1557 3367 1778 3417 medicum,
1798 3365 1909 3420 quod
1925 3378 2042 3405 com..

1170 3434 1311 3467 meatu
1332 3429 1529 3481 afuturus
1552 3440 1573 3466 e
1597 3425 1788 3466 convivio
1822 3423 2043 3478 eyrediens

1171 3498 1343 3525 manum
1383 3486 1464 3526 sibi
1518 3483 1742 3525 osculandi
1784 3494 1918 3523 causa
1960 3481 2042 3521 ad-

1168 3544 1478 3599 prehendisset‚
1501 3544 1749 3583 existimans
1774 3546 1957 3580 tentatas
1989 3539 2042 3580 ab

1173 3617 1220 3643 eo
1252 3617 1408 3654 venas,
1457 3614 1683 3642 remanere
1714 3612 1768 3639 ac
1798 3596 2042 3639 recumbere

1175 3662 1369 3703 hortatus
1401 3668 1461 3703 est
1493 3671 1721 3713 cenamque
1749 3657 1980 3711 protraxit.
