2280 4004
266 273 353 316 168
1021 271 1313 317 ANNALIVM

1831 291 1871 322 a.
1895 290 1957 323 uf
1969 270 2082 326 2811.

261 415 325 468 Et
362 421 643 468 commotus
684 411 763 466 his
790 412 1004 480 Avit-uS,
1042 414 1279 481 patienda
1316 415 1580 470 meliorum
1614 417 1857 485 imperia:
1911 416 2172 478 ideis-*³6

263 522 389 574 quos
429 506 742 572 inplorarent
775 505 1043 571 placitum,
1101 511 1155 556 ut
1193 506 1451 559 arbitrium
1483 523 1641 574 penes
1677 510 1935 563 Romanos
1971 524 2086 564 ma-

260 602 420 661 neret,
458 596 577 662 quid
619 596 799 648 darent
835 597 954 664 quid
990 597 1287 664 adimerent,
1326 613 1491 666 neque
1529 600 1657 652 alios
1698 601 1895 653 iudices
1936 614 2085 668 quam

262 702 319 738 se
357 687 496 753 ipsos
526 692 832 754 paterentur.
905 689 1045 764 Haec
1078 689 1130 759 in
1170 690 1424 756 publicum
1463 691 1767 744 Amsivariis
1802 693 2083 760 respondit,

223 778 360 845 ⁵ipsi
390 778 634 831 Boiocalo
675 779 740 830 ob
792 781 1085 832 memoriam
1106 764 1378 834 ⁵'amicitiae
1423 782 1652 834 daturum
1690 798 1863 852 agros.
1937 785 2109 846 Quod-

260 868 433 922 illeut
467 869 773 936 proditionis
820 871 1035 937 pretium
1076 878 1403 939 aspernatus,
1465 874 1660 925 addidit
1691 870 1897 926 ‘deesse
1924 875 2086 927 nobis

260 963 396 1012 terra
432 960 518 1011 ubi
554 962 783 1013 vivamus
815 967 997 1028 potest,
1038 963 1090 1013 in
1128 977 1226 1029 qua
1267 964 1542 1016 moriamur
1581 979 1685 1016 non
1718 965 1919 1032 potest.⁸
1984 966 2087 1016 ‘At-

263 1065 360 1116 que
418 1050 486 1102 ita
533 1051 746 1103 infensis
800 1052 1050 1119 utrimque
1100 1053 1279 1105 animis
1329 1054 1626 1106 discessum.
1701 1055 1775 1106 Illi
1810 1055 2084 1117 Bructeros

262 1141 571 1208 TencterOS,
629 1143 900 1196 ulteriores
952 1144 1102 1196 etiam
1150 1145 1383 1197 nationes
1434 1146 1604 1197 socias
1641 1145 1775 1198 hello
1816 1146 2086 1198 vocabant.

199 1231 440 1284 10Avitus
502 1234 691 1300 scripto
763 1235 827 1285 ad
877 1235 1136 1286 Curtilium
1186 1236 1434 1287 Manciam
1489 1237 1770 1303 superioris
1834 1238 2088 1290 exercitus

260 1324 511 1391 legatum,
566 1330 620 1375 ut
662 1325 888 1378 Rhenum
928 1331 1279 1394 transgressus
1319 1343 1458 1379 arma
1506 1344 1534 1378 a
1581 1333 1728 1394 tergo
1776 1328 2087 1394 ostenderet,

259 1415 369 1481 ipse
403 1415 638 1483 legiones
675 1417 726 1466 in
765 1432 942 1484 agrum
967 1418 1265 1469 Tencterum
1299 1418 1512 1483 induxit,
1549 1418 1802 1469 excidium
1832 1418 2088 1483 minitans

260 1507 311 1558 ni
354 1522 557 1559 causam
595 1523 736 1559 suam
778 1508 1134 1560 dissociarent.
1221 1509 1379 1576 Igitur
1438 1509 1799 1561 absistentibus
1851 1509 1930 1561 his
1958 1510 2092 1576 pari

262 1602 396 1649 metu
424 1599 676 1650 texterriti
715 1599 960 1651 Bructeri.
1054 1600 1116 1650 Et
1168 1600 1352 1651 ceteris
1408 1615 1609 1667 quoque
1649 1600 1814 1653 aliena
1863 1600 2091 1667 pericula

195 1705 243 1741 15
262 1688 652 1741 defendentibus
710 1691 820 1742 sola
856 1690 1262 1743 Amsivariorum
1322 1706 1450 1759 gens
1503 1697 1641 1744 retro
1690 1692 1754 1744 ad
1792 1691 1995 1759 Usipios
2043 1696 2094 1744 et

378 1844 400 1884 1
433 1844 601 1887 habitus
633 1843 712 1886 Ma.
789 1847 830 1887 2.
860 1845 968 1901 inpl.
1000 1843 1081 1898 Ma,
1114 1857 1201 1886 non
1231 1845 1347 1902 impl.
1425 1845 1466 1887 5.
1502 1845 1702 1886 boJocalo
1735 1843 1815 1887 Ma.
1876 1846 1919 1889 6.
1955 1845 2094 1902 fitium

433 1910 474 1951 7.
507 1916 628 1950 terra
657 1909 729 1950 uln·
761 1910 950 1950 vivamus
978 1915 1116 1964 potest
1148 1907 1290 1950 editor
1322 1907 1411 1962 (ubi
1441 1907 1631 1961 praeivit
1659 1905 1859 1962 Silligius
1893 1907 1940 1948 in
1970 1905 2093 1947 diur-

259 1971 326 2010 nis
358 1968 530 2012 lenens.
566 1983 605 2012 a.
648 1969 762 2011 1834
795 1974 838 2010 et
869 1968 1230 2022 Doederlinius):
1264 1965 1331 2012 Ma
1362 1965 1483 2008 terrei
1531 1966 1700 2019 uiuam,
1754 1965 1787 2008 G
1819 1973 1940 2008 terra
1970 1967 2092 2019 uiua]

259 2030 298 2071 A
332 2035 375 2071 et
409 2029 645 2071 Rhenanus
678 2036 799 2070 terra
834 2029 881 2070 in
914 2042 997 2083 qua
1020 2029 1225 2070 vivamus.
1327 2027 1439 2068 mori
1470 2039 1593 2067 amor
1620 2023 1700 2066 Ma.
1805 2025 1849 2068 8.
1881 2026 2092 2080 utrimque

259 2088 340 2141 Ma,
373 2101 460 2130 non
490 2089 703 2144 utrinque.
797 2088 1003 2129 diso-esum
1033 2086 1116 2131 Ma.
1233 2087 1302 2130 10.
1335 2087 1456 2128 auita
1484 2083 1565 2127 Ma.
1691 2087 1758 2129 12.
1792 2092 1984 2128 tenerum
2009 2083 2091 2128 Ma.

264 2150 496 2191 exscidium
526 2147 608 2191 Ma.
705 2149 772 2191 13.
808 2147 1078 2190 asistentibus
1109 2153 1209 2201 post
1240 2147 1425 2202 primum
1456 2160 1476 2186 s
1506 2146 1803 2200 superscripto
1836 2145 1976 2188 altero
2009 2142 2090 2198 Ma,

261 2209 560 2251 adsistentibus
591 2207 648 2250 G:
683 2209 874 2250 correxit
908 2207 1162 2249 Rhenanus.
1261 2206 1327 2248 15.
1360 2206 1524 2262 usipsos
1555 2202 1634 2246 Ma.

259 1908 339 1952 Ma.

352 2352 456 2408 Cap.
491 2352 562 2395 56.
611 2360 649 2393 et
682 2358 910 2394 commotus
941 2351 1007 2393 his
1026 2351 1136 2393 Avi-

265 2421 357 2456 tus:
400 2421 439 2455 et
475 2412 671 2454 breviter
703 2412 863 2453 dietum
899 2423 976 2466 pro
1010 2412 1140 2453 etiam

264 2473 335 2515 vel
370 2480 409 2513 et
444 2473 549 2527 ipsc.
616 2470 854 2513 Commotis
895 2470 1043 2513 verbis
1093 2476 1138 2513 et

263 2531 467 2573 minando
502 2532 744 2572 orationem
771 2531 973 2572 finiverat
996 2530 1136 2571 Boio-

266 2592 416 2632 calus:
462 2592 532 2632 cui
574 2590 810 2644 respondet
851 2591 1048 2646 graviter
1094 2595 1137 2631 et

265 2663 420 2692 severe
486 2649 572 2690 dux
631 2650 867 2691 Romanus.
932 2648 1136 2690 Ceterum

264 2716 363 2764 post
394 2709 578 2764 imperia
609 2708 789 2751 verbum
825 2709 887 2749 ait
919 2707 1137 2750 excidisse

264 2782 384 2820 reor,
431 2782 459 2809 a
500 2767 645 2809 littera
686 2774 786 2823 post
833 2779 1137 2824 praegressum

265 2841 424 2869 nomen
457 2827 665 2884 imperia,
711 2828 744 2869 it
777 2827 942 2869 haustis
976 2840 1001 2869 a
1031 2838 1138 2881 pro-

265 2889 381 2929 ximo
415 2887 473 2930 id.

355 2947 496 2988 deesse
527 2944 650 2986 nobis
694 2951 814 2985 terra
844 2944 916 2986 ubi
946 2945 1136 2986 vivamus

261 3013 422 3063 potest,
466 3006 512 3046 in
544 3018 627 3059 qua
657 3004 893 3044 moriamur
923 3018 1011 3044 non
1039 3010 1138 3059 pot-

267 3073 357 3107 est:
400 3064 584 3107 Medicei
630 3062 737 3104 illud
769 3063 915 3104 uiuam
948 3063 1139 3104 feliciter

267 3124 468 3181 Silligius
508 3125 819 3177 interpretatus
870 3128 936 3164 est
968 3121 1040 3163 ubi
1069 3122 1138 3162 υἰ-

265 3199 427 3227 eamus.
490 3183 595 3224 Nam
649 3183 691 3222 in
739 3181 835 3234 ubi,
882 3180 994 3238 quod
1046 3181 1139 3222 fre-

268 3244 419 3299 quenti
453 3254 533 3284 usu
567 3242 639 3283 uvi
670 3241 899 3295 scribitur,
945 3246 1140 3282 extrema

268 3304 414 3344 littera
463 3308 506 3343 ct
550 3302 745 3355 proxima
796 3307 897 3343 ante
944 3301 1139 3342 vivamus

269 3364 413 3416 periit,
446 3363 582 3415 prima
615 3366 713 3414 post
734 3360 997 3403 vocabulum
1021 3367 1142 3401 terra

269 3421 517 3473 intercidit,
562 3422 704 3461 exitus
738 3426 880 3461 autem
915 3419 1037 3461 verbi
1071 3421 1140 3461 vi-

268 3495 413 3522 vamus
446 3481 500 3520 ob
534 3480 781 3535 neglectam
824 3479 894 3520 vel
933 3480 1141 3533 temporis

270 3542 410 3593 spatio
449 3539 676 3581 evanidam
710 3538 955 3593 compendii
997 3545 1140 3579 notam

273 3599 468 3650 delituit,
516 3604 558 3639 et
603 3601 748 3640 uiuam
790 3599 850 3640 ita
894 3604 1141 3652 corruptum

274 3659 403 3698 etiam
437 3665 595 3698 terram
623 3659 665 3698 in
690 3657 841 3699 vitium
868 3658 1010 3699 traxit.
1057 3655 1141 3702 Sed

1222 2350 1373 2392 subest
1406 2348 1526 2391 aliud
1557 2348 1746 2390 vulnus:
1778 2360 1877 2390 nam
1908 2348 1955 2390 in
1989 2361 2093 2406 gra-

1222 2411 1403 2452 vissima
1435 2409 1659 2452 sententia
1691 2413 1735 2450 et
1770 2410 1976 2450 commoti
2008 2407 2094 2451 ho..

1223 2471 1351 2511 minis
1384 2469 1585 2510 oratione
1610 2467 1794 2510 alterum
1829 2480 1882 2509 ex
1917 2473 2095 2510 contra-

1222 2530 1299 2570 riis
1341 2528 1488 2570 verbis
1525 2528 1681 2570 deesse
1721 2527 1876 2583 nequit
1918 2526 1974 2569 ob
2006 2528 2094 2570 vim

1224 2589 1265 2629 ei
1298 2587 1563 2643 delegatam.
1612 2586 1763 2643 Longe
1795 2585 1926 2628 aliter
1955 2599 2026 2629 res
2045 2599 2096 2629 se

1224 2647 1356 2688 habet
1389 2646 1466 2687 XII
1499 2646 1582 2688 64:
1617 2659 1724 2699 quae
1760 2646 1850 2698 filio
1884 2645 1990 2687 dare
2008 2646 2096 2687 im-

1218 2707 1388 2762 perium
1437 2709 1680 2760 (poterat),
1727 2704 1916 2746 tolerare
1959 2706 2097 2761 impe-

1222 2772 1392 2807 rantem
1429 2764 1659 2819 nequibam
1707 2764 1837 2806 etiam
1877 2764 1922 2805 in
1962 2762 2098 2806 cice-

1222 2825 1342 2866 ronis
1375 2824 1521 2866 verbis
1545 2837 1569 2864 a
1592 2822 1878 2866 Doederlinio
1896 2823 2098 2878 ascriptis

1223 2883 1319 2926 Fin.
1350 2885 1367 2924 1
1406 2885 1452 2924 1:
1484 2884 1643 2925 veritus
1674 2896 1728 2924 ne
1758 2895 1927 2924 movere
1957 2882 2099 2924 loomi-

1223 2957 1325 2984 num
1361 2943 1504 2985 studia
1537 2946 1715 2999 (posse)
1747 2941 1940 2995 viderer,
1988 2942 2098 2984 reti-

1226 3017 1330 3044 nere
1362 3017 1449 3043 non
1476 3017 1614 3058 posse.
1661 3002 1934 3056 Quapropter
1966 3000 2098 3043 dubt-

1224 3069 1315 3103 tare
1370 3062 1460 3103 noli
1511 3063 1613 3116 quin
1664 3061 1844 3102 verbum
1891 3067 2030 3116 potest
2073 3072 2099 3101 a

1225 3121 1367 3162 scriba
1395 3121 1648 3177 neglectum
1681 3120 1736 3160 sit
1767 3120 1820 3162 ad
1853 3120 2097 3175 proximum

1219 3187 1356 3237 potest
1388 3182 1573 3221 intento.

1310 3240 1451 3281 socias
1489 3239 1595 3281 bello
1621 3240 1860 3281 vocabant.-
1883 3237 2100 3282 vocabant

1226 3305 1272 3340 ut
1302 3299 1422 3341 bello
1458 3299 1607 3341 sociae
1643 3305 1807 3341 essent.

1315 3358 1512 3415 hospites,
1529 3360 1666 3414 egeni,
1682 3358 1834 3410 hostes,
1852 3358 1899 3399 in
1923 3356 2066 3398 alieno
2081 3370 2095 3397 .·

1226 3419 1326 3460 bina
1360 3418 1549 3460 membra
1583 3424 1709 3470 sunt,
1742 3418 1856 3459 binis
1893 3415 2095 3472 quodque

1227 3478 1420 3532 partibus
1463 3483 1691 3529 constans,
1735 3489 1864 3518 unum
1913 3475 2094 3529 hospites

1228 3544 1271 3579 et
1303 3539 1426 3593 egeni
1446 3538 1627 3579 alterum
1650 3537 1790 3578 hostes
1811 3535 1917 3577 etin
1934 3533 2092 3585 alieno,

1226 3597 1303 3639 sed
1348 3602 1559 3639 commata
1604 3602 1754 3638 contra
1796 3606 1959 3635 morem
1995 3598 2095 3646 post

1225 3657 1408 3713 hospites
1439 3662 1481 3698 et
1512 3657 1648 3697 hostes
1681 3654 1854 3708 reliqui,
1890 3665 1944 3693 ne
1979 3651 2091 3694 falso
