2280 4004
253 258 343 306 160
1037 263 1328 308 ANNALIVM

1825 280 1864 310 a.
1898 253 1942 311 'u.
1975 263 2082 313 ⁷72.

252 406 338 458 ubi
370 412 637 472 crematus,
669 407 889 458 tribunal
915 407 1262 474 Epidaphnae,
1304 422 1402 474 quo
1442 408 1494 459 in
1529 408 1645 460 loco
1673 409 1827 461 vitam
1862 409 2077 464 finierat.

253 498 537 552 Statuarum
591 499 886 551 locorumve
938 499 990 549 in
1032 500 1143 565 quis
1200 499 1519 566 colerentur,
1583 500 1718 551 haud
1770 500 1920 553 facile
1969 502 2080 568 quis

0 636 46 666 a,
145 620 158 649 s
251 605 513 642 numerum
552 590 737 641 inierit.
825 590 948 670 Cum
989 596 1287 666 censeretur
1339 591 1530 665 clipeus
1581 607 1704 643 auro
1745 597 1795 644 et
1826 587 2085 660 magnitu-

0 692 56 724 a..
69 696 154 722 1(
201 681 371 732 dine
408 682 627 748 insignis
666 681 799 740 inter
835 657 1071 734 auctores
1112 681 1450 749 eloquentiae,
1493 668 1817 736 adseveravit
1851 683 2083 736 Tiberius

0 740 144 789 “w“
213 772 452 825 55οἰὶῐιιιη
489 788 763 839 paremque
801 774 985 825 ceteris
1025 774 1329 826 dicaturum:
1349 789 1534 853 neque
1572 776 1705 827 enim
1745 775 2083 860 eloquentiam

111 868 235 910 ‘M
228 864 452 944 :fortuna
489 865 742 936 discerni,
785 869 833 917 et
869 867 993 917 satis
1030 866 1268 932 inlustre,
1318 868 1361 918 si
1400 852 1604 919 veteres
1639 869 1771 920 inter
1807 856 2083 935 scriptores

0 951 63 1043 ζ’
67 940 165 1043 ζ’(
250 935 538 1007 haberetur
613 956 864 1022 Equester
901 957 1030 1008 ordo
1070 973 1284 1009 cuneum
1321 957 1610 1010 Germanici
1651 959 1948 1026 appellavit,
2001 959 2085 1026 qui

0 1021 95 1113 ,i
65 1074 109 1111 ,.-
113 1024 234 1110 gl.
233 1048 503 1099 iuniorum
545 1048 839 1112 dicebatur3
890 1049 1202 1116 instituitque
1239 1050 1309 1100 uti
1347 1055 1540 1102 turmae
1578 1051 1748 1102 Idibus
1784 1051 1920 1103 Iuliis
1957 1051 2089 1103 ima-

0 1152 45 1178 >n
78 1122 171 1177 4⁴
189 1135 422 1207 «ἱξὶηθιη
473 1141 580 1192 eius
628 1145 977 1207 sequerentur.
1072 1142 1316 1208 Pleraque
1354 1147 1583 1194 manent:
1635 1143 1883 1208 quaedam
1920 1143 2086 1195 statim

0 1214 123 1251 sce-2.

192 1242 240 1279 10
255 1232 443 1283 omissa
482 1236 614 1296 sunt,
657 1236 739 1283 aut
771 1237 997 1284 vetustas
1028 1233 1351 1285 oblitteravit.
1428 1233 1659 1285 Ceterum
1693 1232 1890 1285 recenti
1922 1233 2086 1284 adhuc
2101 1243 2172 1292 84

253 1323 505 1375 maestitia
550 1338 702 1375 soror
736 1322 1024 1375 Germanici
1069 1324 1241 1389 Livia,
1297 1330 1449 1391 nupta
1499 1326 1694 1390 Drus0,
1727 1325 1882 1393 ..duos
1937 1325 2087 1393 virile

223 1415 584 1482 ¹‚secussimul
620 1416 769 1468 enixa
807 1420 898 1467 est.
974 1416 1120 1477 Quod
1159 1432 1330 1468 rarum
1361 1417 1647 1483 laetumque
1685 1417 1836 1468 etiarn
1872 1416 2088 1468 modicis

254 1507 538 1572 penatibUS,
576 1512 714 1558 tanto
743 1507 931 1574 gaudio
959 1508 1238 1574 principem
1270 1507 1474 1572 adfecit,
1508 1512 1561 1558 ut
1597 1522 1701 1558 non
1732 1507 2091 1574 temperaverit

257 1598 378 1664 quin
434 1598 648 1650 iactaret
708 1598 839 1665 apud
894 1604 1064 1665 patres
1117 1599 1238 1649 nulli
1300 1604 1416 1651 ante
1464 1599 1806 1674 Romanorum
1861 1597 2090 1651 eiusdem

192 1689 451 1757 assastigii
500 1691 612 1741 viro
663 1691 916 1757 geminam
955 1692 1162 1758 stirpem
1215 1691 1416 1743 editam.
1490 1692 1617 1743 Nam
1673 1696 1880 1756 cuncta,
1941 1692 2089 1743 etiam

255 1781 478 1846 fortuita,
520 1781 583 1832 ad
620 1781 837 1848 gloriam
874 1783 1121 1834 vertebat.
1203 1783 1302 1836 Sed
1339 1782 1526 1848 populo
1564 1783 1651 1834 tali
1686 1784 1738 1833 in
1774 1787 2002 1850 tempore
2038 1782 2090 1832 id

255 1887 455 1939 quoque
499 1872 728 1924 dolorem
768 1873 904 1938 tulit,
944 1879 1197 1940 tamquam
1232 1879 1406 1927 auctus
1444 1874 1621 1926 liberis
1655 1874 1849 1927 Drusus
1889 1874 2089 1926 domum

257 1964 544 2017 Germanici
581 1965 744 2032 magis
782 1970 1006 2033 urgeret.

374 2105 411 2147 1.
447 2119 495 2161 ep
499 2102 598 2161 idap
603 2104 710 2146 hene
742 2104 797 2147 M.
920 2103 1060 2147 locum
1091 2104 1144 2147 M.
1271 2107 1312 2149 2.
1349 2105 1592 2148 colerentur
1623 2106 1693 2160 M,
1740 2120 1828 2149 non
1861 2106 2091 2152 coleretur.

253 2162 295 2206 3.
332 2163 491 2220 clipeos
523 2119 598 2207 MP
640 2168 684 2207 4.
719 2165 939 2206 adseravit
970 2165 1035 2206 M:
1072 2166 1262 2207 correxit
1295 2165 1381 2208 Iac.
1417 2165 1679 2219 Gronovius,
1712 2174 1813 2209 ante
1847 2181 1976 2224 quem
2010 2169 2093 2211 ad-

254 2225 401 2266 seruit.
466 2225 505 2266 7.
542 2238 733 2268 cumeum
764 2224 819 2266 M.
887 2225 954 2267 10.
990 2223 1231 2266 obliteravit
1263 2224 1317 2267 Μ.
1387 2227 1454 2267 11.
1488 2225 1614 2268 virile
1645 2241 1766 2268 secus
1798 2227 1885 2270 Iac.
1921 2227 2093 2270 Grono-

254 2284 377 2325 vius:
409 2283 450 2325 M
468 2283 616 2325 viriles
647 2298 787 2337 sexus,
811 2283 1054 2326 Beroaldus
1087 2284 1225 2326 virilis
1257 2298 1395 2337 sectus,
1431 2290 1474 2326 et
1503 2286 1562 2326 ita
1589 2285 1741 2342 vulgo.
1810 2287 1878 2329 14.
1914 2295 2017 2344 aput
2038 2287 2091 2330 M.

255 2415 450 2461 stms.
515 2418 642 2462 Conf.
691 2420 786 2462 Liv.
832 2420 871 2462 ΙΙ
913 2422 985 2464 31.
1048 2421 1131 2462 Dio

254 2477 390 2519 XLIV
423 2478 465 2530 6,
486 2478 580 2521 LIII
602 2480 673 2533 30,
707 2479 845 2522 LVIII
865 2481 907 2533 4,
945 2486 988 2521 et
1018 2481 1133 2522 idem

255 2548 279 2577 a
315 2537 538 2591 xiphilino
574 2546 806 2593 excerptus
838 2539 1015 2581 LXXIV
1048 2539 1091 2582 4.

1219 2421 1404 2476 officium
1455 2422 1565 2463 vatis
1614 2428 1883 2464 contemnere
1938 2429 2093 2477 vates,-

1217 2481 1376 2522 iudicio
1405 2482 1591 2537 pretium
1633 2496 1703 2522 res
1734 2481 1860 2524 habet
1889 2483 1974 2523 ista
2005 2489 2089 2526 tuo.

1219 2541 1629 2594 interpretationem
1692 2541 1895 2583 carminis
1945 2541 2095 2584 Aratei

345 2597 459 2638 inter
473 2604 669 2639 auctores
683 2598 947 2652 eloquentiae
963 2613 978 2639 .·
996 2599 1132 2652 ipsius

257 2654 500 2697 Germanici
534 2656 727 2713 effigiem
762 2657 905 2712 clipeo
939 2663 1134 2699 ornatam

259 2720 302 2756 et
336 2716 379 2756 in
411 2715 685 2757 bibliotheca
717 2715 915 2758 Palatina
946 2719 1133 2771 positam

258 2775 453 2830 cogitare
496 2773 720 2818 debemus.
783 2774 849 2820 Cf.
885 2776 937 2818 ad
981 2776 1017 2817 II
1060 2777 1131 2819 37.

257 2834 491 2876 Suetonius
553 2832 818 2893 (Caligsss)
878 2835 1133 2878 Germanico

256 2893 407 2934 tribuit
425 2895 643 2949 inqenium
663 2896 709 2936 in
729 2903 907 2950 utroque
933 2895 1134 2950 eloquen-

257 2955 342 2995 tiae
361 2953 663 3008 doctrinaeque
673 2967 830 3010 genere
845 2955 1131 3011 praecellens.

258 3012 322 3054 Ac
355 3012 484 3068 paulo
507 3018 627 3066 post:
663 3016 803 3056 oravit
828 3028 982 3055 causas
1009 3015 1136 3056 etiam

259 3071 560 3128 triumphalis,·
590 3107 593 3111 .
629 3080 754 3128 atque
814 3075 929 3115 inter
991 3080 1136 3115 cete-ra

258 3131 492 3174 studiorum
552 3140 825 3175 monumenta
881 3133 1053 3188 reliquit
1098 3139 1137 3174 et

260 3191 499 3233 comoedias
536 3191 743 3235 Graecas.
809 3192 920 3235 Hinc
953 3191 1135 3235 Ovidius

261 3253 304 3292 in
355 3252 582 3305 prooemio
632 3251 860 3294 Fastorum
919 3252 973 3295 ad
1026 3251 1136 3293 Ger-

259 3312 477 3352 manicum
521 3323 561 3352 v.
604 3313 686 3354 21:
750 3325 857 3367 quae
919 3314 975 3354 sit
1026 3312 1138 3353 enim

263 3368 366 3411 culti
396 3370 607 3424 facundia
638 3373 846 3414 sensimus
879 3372 990 3424 oris,
1027 3372 1136 3412 civi-

263 3442 315 3470 ca
364 3443 445 3484 pro
499 3429 674 3484 trepidis
725 3446 818 3472 cum
877 3430 972 3472 tulit
1013 3444 1137 3472 arma

260 3489 361 3529 reis.
427 3488 591 3529 Scimus
625 3498 683 3541 et,
730 3491 787 3531 ad
829 3498 999 3531 nostras
1045 3505 1139 3532 cum

260 3560 305 3587 se
338 3544 431 3587 tulit
464 3547 639 3602 impetus
665 3557 804 3601 artes,
837 3551 1003 3604 inqenii
1035 3563 1138 3591 cur-

262 3612 364 3646 rant
415 3605 594 3659 flumina
642 3616 804 3660 quanta
868 3610 941 3650 tui.
1022 3608 1138 3650 Idem

265 3675 319 3710 ex
356 3662 496 3707 Ponto
546 3664 607 3707 IV
645 3665 674 3709 8
711 3666 797 3709 67:
889 3681 976 3710 non
1017 3675 1137 3727 potes

1219 2600 1414 2641 Latinam
1447 2611 1534 2640 non
1569 2599 1641 2641 hic
1673 2599 1980 2654 Germanicus,
2018 2600 2096 2643 sed

1219 2659 1494 2701 Domitianus
1528 2661 1790 2716 cognomine
1813 2658 2095 2702 Germanicus

1222 2718 1481 2772 composuit.
1546 2719 1618 2762 Sic
1655 2731 1761 2760 vere
1800 2721 1953 2761 statuit
1982 2719 2096 2762 Rut-

1222 2778 1393 2834 gersius
1428 2778 1529 2820 Var.
1563 2778 1683 2820 Lect.
1716 2777 1776 2820 111
1820 2791 1862 2833 p.
1896 2779 2009 2831 276,
2050 2784 2097 2819 ut

1220 2837 1325 2878 mihi
1359 2837 1557 2890 videtur,
1607 2838 1810 2893 quamvis
1851 2838 1927 2880 alii
1969 2838 2098 2880 aliter

1222 2896 1430 2949 iudicent,
1462 2897 1603 2939 veluti
1634 2897 1689 2939 M.
1724 2897 1927 2939 Hertzius
1964 2897 2015 2939 de
2049 2897 2095 2941 P.

1223 2956 1389 3012 Niyidii
1422 2955 1563 3011 Figuli
1577 2957 1727 2998 studiis
1755 2963 1880 3012 atque
1902 2957 2099 3015 operibus

1221 3028 1263 3069 p.
1322 3016 1393 3058 39.
1457 3016 1626 3057 Patrem
1685 3016 2002 3070 Vespasianum
2052 3018 2096 3058 in

1219 3075 1392 3115 Arateis
1446 3074 1552 3116 dicit
1607 3075 1884 3116 Domitianus
1939 3087 1982 3117 v.
2037 3077 2096 3118 2:

1222 3133 1427 3175 carminis
1458 3141 1504 3175 at
1533 3134 1679 3186 nobis,
1712 3135 1895 3189 qenitor,
1929 3141 1973 3176 tu
2000 3147 2096 3174 ma-

1220 3193 1360 3234 mimus
1383 3199 1549 3246 auctor,
1583 3191 1852 3235 luculentius
1879 3199 2023 3235 autem
2052 3194 2098 3235 in

1223 3251 1289 3293 his
1307 3254 1372 3307 (v.
1389 3252 1415 3294 5
1430 3258 1472 3293 et
1489 3252 1685 3310 9—10):
1719 3260 1923 3307 quantum
1945 3254 2099 3294 etenim

1218 3318 1391 3367 possent
1430 3312 1539 3353 anni
1587 3312 1824 3354 certissima
1864 3313 2012 3368 siqua,
2062 3311 2101 3352 si

1222 3384 1310 3412 non
1337 3377 1470 3427 parta
1502 3371 1632 3426 quies,
1667 3378 1706 3413 te
1732 3372 1955 3428 praeside,
1985 3384 2098 3426 pup-

1218 3430 1342 3486 pibus
1359 3444 1519 3485 aequor
1539 3430 1771 3486 cultorique
1794 3431 1916 3472 daret
1942 3437 2096 3480 terras,

1219 3489 1537 3546 procubarma
1577 3489 1766 3531 silerent.
1829 3489 1946 3530 Haec
1988 3487 2098 3528 Ger-

1224 3551 1421 3602 manico,
1457 3552 1526 3591 cui
1560 3548 1724 3590 Drusus
1757 3549 1956 3602 genitor,
1999 3551 2099 3600 post

1225 3608 1420 3651 Tiberius
1453 3609 1688 3662 adoptione
1708 3611 1844 3660 pater,
1877 3618 1963 3647 non
1989 3618 2098 3647 con-

1226 3669 1425 3711 veniunt.
1473 3666 1598 3709 Conf.
1634 3670 1782 3709 annot.
1808 3664 1862 3709 ad
1879 3663 2006 3710 11.1v
2024 3664 2096 3710 86.
