2280 4004
215 314 243 349 ,a
274 299 324 347 0.
356 300 430 346 61.
792 298 958 343 LIBER
985 299 1102 344 XIV.
1166 298 1272 343 GAP.
1305 298 1497 345 28—30.

1947 301 2039 346 20³

213 426 482 494 proferret,
521 428 684 477 morte
719 423 1002 491 prohibitus
1041 428 1133 490 est,
1173 438 1374 492 magna,
1414 422 1530 474 dum
1568 420 1709 488 vixit,
1751 420 2038 474 severitatis

217 501 368 583 sama,
407 516 656 584 supremis
684 514 971 567 testamenti
994 515 1166 567 verbis
1192 514 1478 567 ambitionis
1508 513 1832 566 manifestus:
1858 513 2039 581 quippe

215 607 366 660 multa
401 608 454 660 in
490 608 746 660 Neronem
785 606 1076 658 adulatione
1110 606 1307 658 addidit
1341 605 1683 658 subiecturum
1730 604 1776 657 ei
1827 604 2041 672 provin-

215 699 345 751 ciam
381 698 572 764 fuisse,
604 698 656 750 si
690 697 897 749 biennio
935 698 1166 764 proximo
1201 696 1429 749 vixisset.
1508 696 1608 750 Sed
1656 701 1759 748 tum
1803 695 2040 749 Paulinus

213 789 483 844 Suetonius
533 788 795 841 obtinebat
839 788 1142 854 Britannos,
1205 787 1420 840 scientia
1471 787 1680 840 militiae
1743 792 1793 839 et
1835 801 2081 849 rumores

214 882 400 951 populi,
444 882 527 950 qui
569 881 822 934 neminem
858 881 971 933 sine
1004 879 1201 933 aemulo
1239 880 1389 945 sinit,
1430 878 1733 931 Corbulonis
1771 884 2042 933 concerta·-

214 979 312 1041 tor,
342 979 686 1041 receptaeque
710 973 984 1026 Armeniae
1023 972 1179 1025 decus
1205 986 1425 1038 aequare
1465 971 1666 1024 domitis
1696 971 2041 1039 perduellibus

217 1066 442 1134 cupiens.
521 1065 679 1133 Igitur
711 1065 912 1117 Monam
949 1063 1195 1129 insulam,
1245 1063 1426 1116 incolis
1463 1063 1683 1115 validam
1721 1069 1770 1116 et
1804 1067 2045 1131 recepta-

146 1190 149 1193 «
216 1157 379 1209 culum
415 1157 771 1224 perfugarum,
808 1155 1024 1223 adgredi
1062 1159 1231 1221 parat,
1280 1169 1540 1221 navesque
1576 1154 1852 1207 fabricatur
1890 1154 2042 1223 plano

215 1248 361 1302 alveo
399 1248 645 1301 adversus
682 1248 838 1299 breve
875 1251 924 1299 et
958 1247 1222 1298 incertum.
1300 1246 1385 1299 Sic
1428 1245 1619 1312 pedes:
1671 1247 1866 1313 equites
1906 1245 2041 1299 vado
2061 1267 2111 1308 lo

214 1340 404 1406 secuti,
459 1343 543 1392 aut
605 1324 813 1390 altiores
861 1338 994 1389 inter
1038 1337 1200 1389 undas
1253 1336 1501 1389 adnantes
1559 1336 1703 1403 equis
1756 1337 2041 1390 tramisere.

129 1432 388 1491 30Stabat
424 1446 516 1499 pro
554 1432 704 1483 litore
742 1430 946 1482 diversa
987 1429 1143 1495 acieS,
1184 1429 1343 1481 densa
1382 1429 1534 1481 armis
1571 1429 1828 1497 virisque,
1880 1429 2046 1482 inter-

217 1504 534 1575 cursantibus
572 1522 800 1586 feminis3
839 1522 891 1572 in
919 1520 1123 1573 modum
1153 1520 1413 1573 Furiarum
1439 1525 1583 1573 veste
1611 1520 1775 1587 ferali,
1818 1521 2044 1574 crinibus

216 1615 428 1668 deiectis
468 1614 608 1667 faces
639 1614 1012 1681 praeferebant.
1078 1613 1403 1679 Druidaeque
1442 1612 1648 1679 circum,
1686 1628 1866 1679 preces
1905 1613 2044 1666 diras

332 1736 375 1779 2.
416 1733 583 1791 suffimis
626 1732 707 1776 Ma.
826 1734 869 1776 3.
910 1731 1162 1774 adulatione
1193 1730 1274 1774 Ma.
1395 1732 1650 1787 prouincias
1692 1730 1815 1775 GMa:
1855 1732 2048 1775 correxit
2101 1745 2105 1748 ’

213 1793 400 1849 Lipsius.
494 1795 536 1838 5.
570 1794 808 1835 brittannos
839 1790 920 1836 Ma.
1027 1791 1175 1833 militie
1210 1790 1286 1834 Ma.
1398 1792 1465 1834 10.
1500 1791 1623 1833 breve
1654 1789 1744 1833 Ma:
1777 1792 1900 1834 breve
1933 1793 2048 1834 littus

216 1852 264 1895 G.
326 1852 462 1895 uades
494 1866 548 1895 ex
581 1853 877 1910 geminatione
908 1852 1083 1894 litterae
1115 1850 1423 1906 subsequentis
1457 1849 1544 1892 Ma:
1579 1849 1612 1893 G
1642 1851 1771 1893 uado.
1847 1852 1916 1894 11.
1950 1858 2048 1893 tra-

214 1912 368 1954 misere
392 1911 471 1963 Ma,
505 1914 781 1954 transmisere
806 1910 854 1954 G.
939 1912 1007 1954 13.
1041 1910 1265 1952 immodum
1288 1909 1367 1951 Ma.
1401 1916 1513 1952 veste
1530 1909 1597 1952 Ma
1630 1916 1673 1953 et
1704 1909 1803 1953 BG:
1837 1908 1908 1954 CR
1939 1924 2049 1967 quae

214 1978 340 2015 veste.
441 1974 508 2015 14.
538 1973 676 2028 facies
707 1969 798 2013 Ma:
843 1976 1086 2013 correctum
1119 1971 1164 2011 in
1199 1969 1246 2013 G.
1337 1969 1443 2026 Fces
1474 1968 1554 2013 Ma.

1167 2079 1331 2135 planae
1374 2079 1560 2132 carinis,
1605 2085 1652 2120 ut
1689 2080 1782 2121 sine
1820 2068 1939 2120 noma
1983 2078 2047 2121 si-

1175 2139 1339 2181 derent.
1400 2138 1513 2180 Hinc
1544 2137 1810 2194 intelligitur
1835 2139 2048 2180 incertum

1174 2197 1260 2239 dici
1303 2199 1432 2240 maris
1481 2198 1778 2240 decrescentis
1815 2203 1859 2240 et
1891 2210 2047 2240 accre-

215 2080 506 2124 multitudinis
554 2081 684 2136 plane
728 2081 930 2134 ineptus:
989 2093 1087 2122 nam

216 2155 301 2183 una
325 2141 553 2197 provincia
574 2140 800 2181 Britannia
821 2141 952 2181 etiam
983 2146 1089 2181 tunc

217 2201 315 2254 fuit,
350 2214 445 2243 cum
481 2199 721 2242 Caledonia
756 2199 991 2241 etiamnum
1030 2199 1089 2240 li-

215 2261 322 2302 bera
371 2260 424 2302 ab
477 2259 690 2316 Agricola
747 2258 946 2300 subiecta
1008 2264 1087 2300 est.

215 2318 323 2376 Agr.
356 2321 443 2363 40:
477 2319 719 2361 tradiderat
750 2318 923 2359 interim
953 2317 1090 2373 A9ri-

217 2379 315 2421 cola
331 2380 568 2420 successori
585 2393 660 2420 suo
678 2378 948 2434 provinciam
969 2378 1090 2432 quie-

217 2445 305 2480 tam
361 2445 588 2492 tutamque.
652 2437 768 2479 Duas
839 2437 1090 2490 provincias

216 2497 471 2539 Britanniae
515 2496 686 2539 demum
729 2496 967 2549 Septimius
1006 2495 1089 2537 Se-

217 2569 346 2599 verus
370 2556 547 2598 divisit:
572 2555 844 2597 Herodianus
865 2554 968 2597 1118
987 2556 1085 2607 §.2

313 2616 490 2658 Monam
520 2614 732 2657 insulam.-
778 2625 896 2655 nunc
929 2615 969 2655 ei
1003 2627 1088 2654 no-

217 2688 318 2718 men
348 2674 578 2730 Anqlesey.
625 2672 691 2717 cf.
722 2673 829 2730 Agr.
867 2673 922 2715 14
953 2679 996 2715 et
1016 2673 1085 2715 18.

219 2735 303 2778 Dio
347 2733 458 2776 LXII
488 2734 531 2777 8.
565 2733 716 2786 ·Quae
755 2731 990 2774 lornandes
1033 2732 1087 2774 de

218 2794 350 2836 rebus
399 2793 562 2835 Geticis
609 2805 704 2847 cap.
751 2794 780 2835 2
820 2791 990 2833 rettulit
1037 2790 1090 2833 de

219 2853 439 2896 Britannis
479 2851 612 2894 foede
656 2857 884 2904 corrupta,
921 2864 973 2892 ea
1004 2862 1091 2891 non

222 2912 325 2954 hinc
356 2912 495 2966 petita
528 2924 652 2962 esse,
700 2916 748 2951 ut
786 2910 959 2964 Lipsius
992 2922 1092 2951 cre-

222 2971 360 3023 didit,
423 2969 501 3013 sed
563 2982 764 3026 magnam
817 2974 983 3023 partem
1038 2982 1093 3011 ex

220 3029 434 3087 Agricola
475 3035 648 3083 sumpta
690 3028 862 3071 ostendi
906 3028 951 3070 in
983 3028 1092 3070 Pro-

223 3090 357 3132 oemii
392 3089 535 3144 capite
567 3090 639 3133 25.

331 3149 536 3191 adversus
589 3148 713 3189 breve
766 3155 805 3189 et
857 3147 1093 3188 incertum.-

224 3220 331 3250 sane
370 3208 493 3249 breve
527 3213 566 3248 et
589 3207 801 3248 incertum
831 3205 1093 3248 insolentius

225 3266 390 3308 dictum
427 3272 493 3308 est
531 3278 608 3320 pro
658 3266 806 3307 brevia
837 3272 878 3307 et
907 3265 1092 3316 incerta,

225 3324 303 3367 sed
338 3325 439 3367 inde
470 3337 558 3366 non
599 3336 825 3366 movemur
870 3329 918 3364 ut
948 3324 1093 3364 mani-

225 3384 381 3426 festam
423 3383 587 3426 codicis
635 3381 669 3425 G
709 3381 1093 3436 interpolationem

225 3443 352 3486 breve
384 3442 483 3484 litus
516 3448 555 3483 et
586 3442 802 3483 incertum
833 3440 980 3482 Tacito
1013 3439 1095 3481 do-

225 3514 404 3544 nemus:
439 3503 474 3542 is
497 3501 612 3543 enim
633 3500 894 3541 Graecorum
921 3499 1098 3554 βράχος

225 3561 379 3603 Latine
401 3565 663 3602 convertere
690 3559 864 3600 videtur
885 3558 1094 3600 voluisse.

225 3619 460 3663 Numerum
511 3617 805 3661 multitudinis
849 3617 996 3659 brevia
1042 3614 1097 3658 v1

226 3679 286 3727 33
324 3679 527 3740 legimus.
592 3677 660 3723 Cf.
702 3677 744 3723 ll
782 3677 835 3734 6:
891 3675 1098 3735 quaedam

1173 2258 1336 2299 scentis
1367 2258 1506 2300 vices,

1263 2316 1369 2370 Cap.
1402 2317 1475 2360 30.
1521 2316 1663 2358 stabat
1684 2341 1740 2348 —
1765 2316 1909 2358 acies.-
1939 2328 2046 2358 ver-

1171 2374 1274 2416 burn
1309 2378 1373 2418 sic
1403 2376 1594 2429 positum
1638 2388 1729 2417 rem
1770 2388 1927 2418 novam
1970 2375 2046 2418 vel

1173 2435 1500 2479 memorabilem
1549 2436 1708 2491 pingit.
1772 2436 1844 2478 Sic
1890 2433 1908 2475 Ι
1960 2436 2044 2479 25:

1174 2494 1315 2536 stabat
1345 2495 1525 2547 Drusus,
1558 2493 1773 2535 silentium
1802 2508 1934 2535 manu
1960 2508 2046 2550 po-

1172 2567 1309 2596 scens.
1430 2554 1476 2594 in
1517 2553 1685 2595 modum
1728 2554 1958 2596 Furiarum
1989 2577 2047 2586 —

1170 2614 1292 2667 faces
1309 2612 1642 2668 praeferebant:
1678 2612 1880 2655 furialem
1912 2625 2047 2667 aspe-

1173 2678 1289 2713 ctum
1321 2671 1442 2714 faces
1474 2673 1710 2726 praecipue
1760 2671 2046 2726 praebebant,

1171 2736 1260 2772 tum
1294 2732 1424 2773 etiam
1448 2733 1574 2773 vestis
1597 2730 1765 2786 feralis,
1791 2731 1835 2774 h.
1859 2745 1898 2775 e.
1931 2738 2047 2784 atra,

1173 2797 1220 2832 ut
1254 2789 1302 2832 G.
1332 2791 1405 2843 43,
1441 2797 1484 2832 et
1509 2792 1652 2832 crines
1685 2791 1850 2833 deiecti.
1898 2790 2046 2846 Vulgo

1175 2851 1484 2891 continuantur
1533 2849 1920 2892 intercursantibus
1975 2852 2048 2905 se-

1172 2909 1300 2950 minis
1346 2909 1394 2950 in
1442 2909 1611 2951 modum
1652 2909 1882 2951 Furiarum
1931 2915 2045 2951 veste

1173 2968 1320 3023 ferali,
1337 2968 1526 3010 crinibus
1542 2968 1741 3021 deiectis3
1773 2971 1893 3024 faces
1909 2982 2048 3025 prae-

1173 3027 1386 3083 ferebant.
1443 3027 1670 3070 Meliorem
1704 3027 2049 3084 interpungendi

1173 3088 1389 3129 rationem
1409 3119 1421 3140 ,
1462 3099 1550 3128 non
1582 3093 1727 3128 tamen
1759 3090 1804 3128 in
1846 3086 2047 3128 omnibus

1175 3146 1458 3200 probandum,
1486 3146 1674 3200 praeivit
1694 3145 2046 3200 Bezzenberger,

1176 3207 1248 3260 qui
1282 3204 1458 3246 scribit:
1492 3205 1720 3245 Stabat—
1748 3204 1934 3259 seminis.
1992 3203 2049 3246 11⁸

1174 3263 1343 3305 modum
1364 3287 1420 3294 —-
1452 3262 1598 3317 ferali,
1635 3263 1824 3304 crinibus
1857 3263 2045 3315 deiectis,

1176 3325 1297 3377 faces
1308 3322 1618 3377 praeferebant
1633 3337 1644 3374 3
1664 3321 1940 3376 Druidaeque
1954 3321 2048 3363 cir-

1179 3395 1273 3422 cum
1309 3395 1460 3436 preces
1501 3408 1550 3415 —
1585 3380 1812 3436 fundentes
1860 3380 2049 3423 novitate

1179 3447 1373 3496 aspectus
1404 3439 1627 3495 perculere
1658 3439 1834 3482 militem
1871 3445 1955 3482 cet.

1267 3499 1541 3552 Druidaeque
1590 3499 1777 3540 circum:
1827 3504 1874 3539 ut
1927 3509 2050 3540 sacra

1181 3556 1399 3599 Gallorum
1435 3557 1549 3611 apud
1579 3557 1811 3598 Britannos
1843 3557 1970 3599 fuere
2004 3561 2050 3599 et

1179 3617 1540 3671 superstitionum
1558 3618 1781 3670 persuasio
1808 3616 1935 3673 (Agr.
1951 3617 2048 3672 11),

1179 3677 1242 3721 ita
1275 3676 1406 3721 etiam
1437 3675 1627 3721 Druidae
1665 3675 1820 3721 Gallici
1847 3674 2049 3734 theologi
