2280 4004
143 1798 212 1845 27

219 293 244 323 a
276 276 324 324 G.
364 281 461 324 16.2

825 278 988 322 LIBER
1017 260 1070 320 112
1132 275 1239 320 cst.
1273 275 1462 321 25—27.

1956 276 2042 320 109

219 425 446 493 proelia:
524 438 697 475 eorum
749 437 949 490 quoque
1005 420 1318 474 meminisset
1364 434 1492 486 quae
1544 416 1682 469 venti
1740 400 2035 483 et'fluctus,

220 517 354 567 nulla
393 515 536 566 ducis
575 515 747 581 culpa,
801 515 979 582 gravia
1017 519 1184 565 tamen
1227 517 1276 564 et
1309 526 1462 564 saeva
1519 510 1699 562 damna
1740 508 2041 561 intulissent.

223 610 288 662 Se
317 607 496 658 novies
531 622 559 657 a
584 606 702 656 divo
731 604 962 672 Augusto
994 605 1044 654 in
1074 603 1390 655 Germaniam
1418 603 1624 654 missum
1658 600 1799 668 plura
1829 600 2042 653 consilio

223 714 370 765 quam
407 698 458 748 vi
490 697 788 763 perfecisse.

878 697 961 748 Sic
998 696 1307 763 Sugambros
1347 695 1399 745 in
1441 694 1748 746 deditionem
1785 697 2040 759 acceptOS‚

223 791 296 842 sic
327 789 522 842 Suevos
558 802 834 855 regemque
860 787 1225 840 Maroboduum
1258 802 1386 852 pace
1423 786 1733 837 obstrictum.
1806 785 1962 836 Posse
1997 788 2083 835 ets

225 881 508 952 Cheruscos
562 883 860 945 ceterasque
913 878 1174 930 rebellium
1238 883 1445 946 genleS‚
1505 877 1741 944 quoniam
1786 877 2046 929 Romanae

222 970 398 1022 ultioni
441 970 720 1021 consultum
761 972 911 1034 esset,
952 971 1163 1021 internis
1197 970 1470 1021 discordiis
1499 970 1731 1035 relinqui.

1804 968 2047 1020 Precante

224 1061 523 1114 Germanico
565 1076 748 1112 annum
788 1060 1069 1111 efficiendis
1113 1061 1333 1127 coeptis,
1389 1061 1558 1112 acrius
1597 1059 1898 1111 modestiam
1940 1060 2048 1110 eius
2127 1082 2130 1085 ⁴

226 1152 521 1219 adgreditur
558 1152 767 1203 alterum
808 1152 1120 1203 consulatum
1161 1151 1453 1216 offerend0‚
1512 1151 1652 1202 cuius
1692 1151 1860 1201 munia
1896 1166 2052 1216 prae-

221 1259 339 1295 sens
393 1244 573 1295 obiret.

220 1335 529 1402 relinqueret
562 1335 822 1386 materiem
859 1335 1008 1386 Drusi
1046 1335 1217 1386 fratris
1254 1334 1470 1402 gloriae,
1516 1334 1599 1400 qui
1637 1333 1773 1385 nullo
1813 1338 1916 1384 tum
1950 1333 2049 1384 alio

224 1427 371 1478 hoste
409 1426 612 1478 nonnisi
669 1426 799 1492 apud
838 1426 1134 1478 Germanias
1184 1426 1395 1492 adsequi
1432 1441 1618 1477 nomen
1673 1426 2051 1492 imperatorium

428 1483 606 1503 »dovr-2335

226 1522 274 1568 et
323 1517 591 1584 deportare
631 1517 853 1569 lauream
889 1523 1078 1584 posset.
1152 1518 1295 1569 Haud
1339 1522 1600 1569 cunctatus
1642 1522 1718 1568 est
1751 1517 1881 1568 ultra
1922 1516 2054 1591 Ger-

225 1607 482 1673 maidens,
541 1622 837 1674 quamquam
873 1608 995 1675 fingi
1049 1624 1107 1660 ea
1147 1623 1304 1674 seque
1341 1624 1433 1675 per
1483 1608 1723 1659 invidiam
1771 1612 1915 1674 parto
1954 1607 2052 1658 iam

230 1699 406 1751 decori
442 1699 664 1750 abstrahi
706 1700 1041 1767 intellegeret.

368 1789 469 1842 Sub
519 1790 652 1841 idem
702 1796 894 1857 tempus
947 1807 974 1842 e
1021 1791 1209 1842 familia
1259 1790 1642 1843 Scriboniorum
1691 1790 1814 1842 Libo
1859 1790 2053 1841 Drusus

231 1878 456 1932 defertur
489 1881 653 1932 moliri
676 1897 759 1933 res
797 1897 975 1933 novaS.
1042 1882 1169 1939 ¹Eius
1200 1882 1393 1949 negotii
1431 1882 1621 1932 initium
1649 1881 1879 1933 ordinem
1907 1881 2054 1932 finem

233 1971 452 2022 curatius
493 1971 757 2036 disseram,
801 1972 915 2038 quia
955 1977 1055 2023 tum
1092 1973 1304 2038 primum
1341 1977 1543 2038 reperta
1571 1977 1686 2023 sunt
1707 1986 1836 2038 quae
1856 1988 1947 2039 per
1980 1977 2054 2023 tot

232 2077 390 2113 annos
430 2078 536 2114 rem
572 2063 821 2128 publicam
862 2063 1099 2115 exedere.

1175 2064 1387 2114 Firmius
1417 2063 1565 2113 Catus
1602 2068 1826 2127 senator,
1871 2079 1934 2114 ex
1971 2063 2056 2113 in·-

660 1244 814 1296 Simul
859 1243 1186 1308 adnectebat,
1239 1243 1282 1295 si
1337 1243 1471 1294 soret
1523 1242 1687 1293 adhuc
1742 1241 2048 1306 bellandum,
2069 1254 2115 1291 ιο

2071 1694 2120 1746 15

232 2153 347 2204 tima
373 2153 580 2204 Libonis
619 2154 855 2220 amicitia,
886 2155 1119 2205 iuvenem
1159 2154 1477 2220 inprovidum
1514 2159 1562 2205 et
1596 2154 1796 2229 facilem
1820 2154 2053 2229 QQHQUS
2070 2166 2119 2203 20

349 2295 390 2337 3.
427 2294 610 2337 consilia
642 2295 696 2337 M.
761 2296 801 2338 5.
835 2296 982 2337 suebos
1014 2295 1068 2347 M,
1103 2296 1205 2335 item
1241 2308 1277 2336 c.
1311 2295 1383 2337 44.
1409 2295 1481 2336 45.
1510 2294 1580 2337 62.
1614 2295 1686 2337 63.

233 2355 335 2409 (quo
371 2367 466 2395 cum
500 2354 687 2411 lineola)
725 2355 779 2396 M.
845 2356 884 2397 7.
920 2354 1346 2468 εεεειᾺΜιέἓῗΙῑηιιὶἿΊΜ
1381 2361 1454 2395 est.
1515 2361 1752 2409 praecaute
1784 2368 1834 2410 pr
1865 2355 1919 2398 M.

231 2421 336 2470 aput
367 2413 422 2455 M.
491 2415 559 2456 13.
592 2414 861 2470 germanicos
892 2415 946 2455 M.

319 2528 381 2569 sic
419 2528 579 2570 Suevos
625 2542 848 2584 reyemque
892 2529 1100 2571 Marobo-

233 2586 356 2628 duum
382 2600 491 2642 pace
526 2587 796 2630 obstrictum.-
833 2588 1032 2630 Velleius
1064 2587 1101 2629 Il

237 2645 318 2690 108
351 2652 393 2687 et
425 2645 528 2690 ⁷109.
578 2645 661 2687 Dio
695 2646 768 2689 LV
802 2647 858 2691 28
893 2653 935 2690 et
966 2649 1023 2692 30
1057 2649 1100 2689 in

233 2705 341 2745 actis
373 2704 475 2746 anni
508 2705 606 2748 759.

323 2763 557 2805 consultum
590 2771 720 2806 esset.-
753 2771 857 2806 esset
885 2765 1098 2807 Muretus:

235 2820 272 2863 M
306 2830 380 2865 est.
445 2823 526 2864 Est
558 2824 618 2864 ita
652 2823 828 2865 defendi
861 2831 1020 2878 potest,
1055 2831 1101 2865 ut

233 2880 424 2922 Tacitum
455 2880 565 2922 haec
586 2894 671 2923 non
694 2881 745 2923 ad
780 2895 900 2923 suam
927 2884 1100 2939 cogita-

233 2940 396 2981 tionem
413 2939 551 2981 relata
574 2940 649 2982 sed
682 2954 705 2981 a
729 2940 901 2982 Tiberio
935 2942 1101 2984 directe

234 3000 511 3052 pronuntiata
551 2999 777 3053 scripsisse
818 3002 1098 3055 accipiamus,

236 3057 319 3100 Sed
352 3056 479 3099 huius
512 3063 595 3099 tam
627 3059 881 3112 repentinae
915 3061 958 3101 in
992 3073 1101 3102 con-

235 3117 436 3172 struenda
460 3118 658 3159 oratione
681 3119 981 3160 conversionis
1006 3133 1100 3161 cum

237 3190 289 3217 ex
311 3177 443 3216 totius
465 3175 549 3216 loci
574 3178 744 3218 ratione
766 3190 895 3219 causa
928 3179 1100 3228 idonea,

236 3240 281 3273 ut
315 3233 446 3284 alibi,
492 3235 635 3276 afferri
678 3242 896 3291 nequeat,
947 3237 1101 3279 Mureti

237 3290 583 3333 emendationem
596 3293 737 3351 (esset)
753 3295 958 3349 adoptare
973 3294 1102 3351 equi-

237 3349 332 3391 dem
367 3362 453 3390 non
487 3349 700 3392 dubitavi.

182 3437 186 3459 2
249 3418 253 3420 ·
320 3409 564 3465 ‘deportare
587 3408 805 3450 lauream.-
832 3411 860 3451 i.
885 3423 924 3453 e.
947 3413 1101 3452 trium-

174 3472 186 3524 ,Β
237 3465 386 3522 pltare.
451 3466 914 3523 Trinmphantes-enim
943 3482 1101 3511 ascen-

168 3550 173 3584 i
238 3527 340 3569 dere
373 3525 637 3581 Capitolium
677 3527 827 3581 soliti,
863 3533 906 3569 et
940 3528 1106 3569 laurum

166 3604 169 3614 2
239 3597 363 3641 quam
396 3599 523 3628 manu
557 3586 789 3639 tenebant,
833 3599 1031 3643 quaeque
1065 3588 1108 3628 in

168 3663 169 3666 ¹
240 3642 430 3690 fascibus
491 3646 715 3704 lictorum,
783 3645 1005 3708 deponere
1065 3646 1109 3691 in

1778 2294 1822 2338 6.
1857 2297 2058 2351 quoniam

1987 2357 2055 2400 12.

1383 2413 1450 2455 18.
1485 2413 1582 2454 dum
1612 2413 1667 2455 Μ.

1186 2529 1352 2584 gremio
1384 2527 1516 2580 IoviS‚
1544 2529 1694 2570 arbitri
1715 2527 1887 2570 scilicet
1911 2530 2058 2570 victo..
2105 2519 2109 2537 ²

1184 2589 1275 2628 riae
1310 2594 1352 2628 et
1385 2587 1608 2630 auctoris?
1670 2588 1859 2631 Lmsms.
1927 2587 2056 2631 Conf.

1184 2646 1268 2687 Dio
1300 2645 1392 2688 LIV
1425 2648 1506 2690 25:
1551 2651 1628 2690 καὶ
1664 2649 1711 2696 ἐς
1742 2641 1791 2689 τὸ
1828 2649 2059 2691 Καπιτώ-

1187 2709 1291 2749 λιον
1328 2701 1541 2751 ἀνελθών
1573 2706 1844 2763 (Augustus)
1887 2709 1967 2762 τήν
2011 2720 2059 2750 τε

1187 2764 1377 2823 δάφνην
1411 2764 1504 2808 (ἷπό
1532 2769 1623 2809 τῶν
1646 2766 1833 2822 ῥάβδων
1858 2770 2058 2824 περιεῖλε

1186 2830 1262 2867 καὶ
1294 2826 1336 2870 ἐς
1368 2818 1420 2866 vd
1459 2825 1541 2867 τοῦ
1560 2819 1671 2873 Διὸς
1705 2825 1886 2883 γόνατα
1922 2829 2058 2870 κατέ-

1186 2888 1308 2926 θἘΪΟ.

1184 2941 1365 2983 Excurs.
1400 2941 1453 2982 ad
1485 2941 1528 2983 h.
1564 2942 1592 2984 l.

1278 2999 1382 3054 Cap.
1405 3001 1474 3043 27.
1538 3001 1625 3042 Iam
1659 3002 1713 3043 ad
1742 3016 1812 3045 res
1846 3003 2058 3045 domesti-

1188 3072 1260 3100 cas
1291 3061 1393 3100 anni
1430 3059 1482 3102 16
1516 3063 1777 3105 enarrandas
1808 3063 1980 3104 Tacitus
2011 3076 2059 3104 se

1188 3120 1335 3160 vertit.
1490 3120 1563 3160 sub
1595 3120 1706 3160 idem
1745 3122 1903 3176 tempus
1948 3133 2058 3175 sqq:

1188 3176 1241 3218 de
1292 3177 1441 3218 eadem
1486 3190 1533 3218 re
1579 3177 1772 3220 breviter
1826 3179 2060 3220 absolvunt

1190 3235 1388 3276 Velleius
1430 3234 1468 3275 11
1512 3236 1619 3288 130,
1665 3237 1834 3279 Seneca
1873 3237 1953 3290 Ep.
1987 3239 2058 3290 70,

1188 3293 1422 3336 Suetonius
1454 3292 1595 3334 Tiber.
1619 3296 1690 3346 25,
1730 3296 1813 3337 Dio
1838 3295 1952 3336 LVll
1980 3296 2060 3338 15:

1187 3364 1298 3392 unus
1318 3351 1490 3402 Tacitus
1517 3351 1622 3392 facti
1652 3356 1911 3408 gravitatem
1937 3361 2058 3396 recte

1188 3410 1449 3452 aestimavit.
1521 3413 1736 3453 curatius:
1758 3412 1846 3454 vid.
1874 3411 1926 3453 ad
1950 3414 1966 3454 1
1993 3414 2059 3456 13.

1279 3482 1385 3522 quae
1415 3482 1493 3524 per
1533 3475 1590 3510 tot
1629 3483 1767 3513 annos
1799 3485 1888 3513 rem
1916 3471 2062 3527 publi-

1194 3539 1288 3568 cam
1334 3527 1539 3568 eaeedere:
1594 3530 1774 3573 crimina
1821 3532 2061 3573 maiestatis

1194 3584 1394 3643 designat
1427 3586 1756 3648 delatorumque
1791 3589 2060 3635 calumniasz

1195 3644 1311 3691 conf.
1346 3646 1364 3692 1
1396 3645 1583 3694 72-74.

1389 2882 1518 2924 Plura
1568 2884 1751 2942 collegit
1791 2884 1963 2939 Lipsius
2015 2886 2058 2926 in
2103 2894 2105 2897 ’
