2280 4004
233 250 326 296 346>
1003 251 1295 297 ANNALIVM
1716 272 1755 302 a.
1787 270 1831 303 u.
1867 257 2058 308 ⁷87-8.

230 393 377 446 sidiis
414 399 685 462 peteretur,
726 407 1042 447 mansuram:
1081 409 1435 451 successorem
1474 411 1577 450 non
1613 397 1762 451 aliter
1795 401 2062 468 quaneh—-

231 485 415 538 dicium
455 485 628 536 mortis
665 489 1004 550 accepturum.
1061 486 1341 538 Firmarent
1375 487 1515 540 velut
1547 488 1746 554 foeduS,
1788 503 1888 557 quo
1917 491 2062 559 peiu-

231 591 350 643 ceps
389 581 668 633 ceterarum
704 588 871 627 rerum
919 581 1181 642 poteretur
1204 616 1218 643 ‚
1286 578 1396 645 ipse
1445 580 1763 646 provinciam
1798 581 2060 640 retineret.

229 669 397 731 Haec,
459 667 584 718 mira
623 679 951 734 quamquam,
997 659 1147 720 fiderit
1188 686 1254 721 ex
1292 685 1354 722 eo
1395 671 1692 737 trah-ebant,
1751 673 1885 739 quod
1929 687 2061 727 unus

190 758 447 812 somnium
488 755 659 814 Seiani
715 758 952 811 adfinium
1004 759 1274 812 incolumis
1330 762 1583 829 multaque
1634 764 1798 831 gratia
1856 765 2056 830 mansit,

225 855 490 918 reputante
522 850 726 903 'liberio
773 850 1028 920 publicum
1081 852 1178 909 sibi
1231 853 1431 924 odium,
1492 860 1767 911 extremam
1822 861 2055 922 aetatem,

223 943 487 1012 magisque
528 943 658 997 fama
702 955 849 1011 quam
887 945 938 997 vi
979 952 1116 999 stare
1152 962 1239 1000 res
1278 961 1412 1000 suas.

363 1033 489 1086 Gaio
529 1034 698 1086 Cestio
733 1036 907 1088 Marco
945 1038 1162 1090 Servilio
1216 1039 1508 1092 consulibus
1547 1040 1748 1093 nobiles
1781 1041 1948 1094 Parthi
2000 1041 2136 1094 inat

223 1124 398 1177 urbem
455 1141 674 1191 venere,
732 1128 914 1195 ignaro
973 1144 1099 1197 rege
1139 1131 1420 1183 Artabano.
1498 1133 1544 1183 ls
1593 1137 1727 1184 metu
1767 1132 2055 1185 Germanici

163 1215 351 1272 aufidus
390 1218 659 1283 Romanis,
717 1219 997 1285 aequabilis
1044 1220 1094 1271 in
1134 1235 1285 1286 suoS,
1349 1236 1467 1275 mox
1503 1223 1791 1290 superbiam
1849 1223 1901 1275 in
1938 1238 2053 1288 noS,

222 1307 484 1367 saevitiam
525 1308 575 1359 in
612 1309 883 1377 populares
922 1312 1164 1378 sumpsit,
1225 1313 1384 1364 fretus
1423 1312 1598 1378 hellis,
1660 1329 1790 1381 quae
1826 1315 2052 1367 secunda

221 1400 489 1452 adversum
546 1401 900 1454 circumiectas
959 1404 1192 1455 nationes
1247 1411 1575 1470 exercuerat,
1641 1410 1691 1457 et
1741 1410 2053 1459 senectutem

163 1491 407 1545 ‘Tiberii
444 1497 497 1542 ut
535 1491 778 1544 inermem
819 1494 1126 1560 despiciens,
1167 1495 1448 1562 avidusque
1487 1495 1791 1562 Armeniae,
1837 1496 1918 1549 cui
1959 1497 2056 1552 de-

218 1582 392 1634 functo
447 1598 574 1650 lege
611 1584 821 1636 Artaxia
858 1586 1092 1638 Arsacen
1145 1587 1423 1639 liberorum
1475 1602 1681 1639 suorum
1728 1589 2052 1644 veterrimam

155 1666 477 1744 isitnposuit,
537 1675 708 1727 addita
761 1677 1065 1729 contumelia
1117 1683 1167 1730 et
1214 1678 1383 1730 missis
1431 1678 1516 1745 qui
1554 1692 1734 1746 gaza-m
1772 1696 1799 1731 a
1837 1681 2052 1734 Vonone

215 1765 443 1819 relictam
483 1768 532 1818 in
570 1767 715 1834 Syria
758 1768 1036 1836 Ciliciaque
1089 1776 1450 1836 reposcerent;
1498 1770 1645 1822 simul
1693 1775 1895 1823 veteres
1929 1771 2054 1824 Per-

215 1872 384 1910 sarum
436 1874 496 1909 ac
532 1859 865 1910 Macedonum
924 1861 1200 1925 terminos,
1260 1877 1418 1928 seque
1476 1862 1768 1914 invasurum
1805 1878 2047 1930 possessa

145 1934 153 2003 ,ἶ
217 1948 349 2016 Cyro
389 1954 438 2001 et
473 1955 587 2016 post
611 1948 907 2003 Alexandro
941 1967 1033 2018 per
1057 1952 1485 2019 vaniloquentiam
1523 1969 1584 2005 ac
1612 1953 1775 2005 minas
1809 1953 2045 2007 iaciebat.

141 2038 143 2050 '
215 2039 316 2093 Sed
347 2040 811 2093 Parthismittendi
849 2048 1080 2095 secretos
1118 2044 1322 2095 nuntios
1360 2042 1707 2096 validissimus
1743 2049 1924 2097 auctor
1960 2044 2052 2097 suit

149 2148 200 2187 20
215 2130 479 2201 SinnaceS,
519 2133 707 2204 insigni
746 2134 934 2188 familia
972 2150 1034 2186 ac
1071 2135 1284 2203 perinde
1317 2135 1514 2202 opibuS,
1551 2141 1602 2188 et
1635 2118 1896 2202 proximus
1931 2136 2051 2190 huie

334 2287 377 2328 3.
409 2287 673 2341 prouinciam
714 2289 766 2330 Μ.

214 2345 257 2387 8.
294 2344 344 2387 G.
379 2345 433 2387 M.
529 2347 588 2388 M.
624 2348 679 2389 M.

215 2403 470 2448 Beroaldus.

918 2290 958 2332 7.
993 2289 1035 2330 vi
1076 2291 1230 2345 stareJ'
1260 2289 1424 2330 uisiare
1455 2288 1522 2330 M:
1564 2289 1755 2330 correxit
1793 2287 2047 2331 Beroaldus.

771 2360 855 2390 cos.
891 2359 987 2389 cum
1020 2346 1097 2390 lin.
1133 2348 1187 2389 M.
1285 2350 1351 2390 12.
1387 2354 1668 2389 execreuerat
1698 2346 1765 2389 M:
1797 2347 2051 2390 emendavit

569 2407 635 2449 15.
667 2407 756 2464 inp.
792 2405 845 2449 M.
946 2407 1014 2451 16.
1050 2406 1233 2462 ciliaque
1265 2405 1319 2448 Μ.
1416 2407 1484 2449 18.
1517 2407 1638 2462 icyro
1670 2406 1725 2448 Μ.

303 2523 407 2580 Cap.
428 2528 498 2569 31.
563 2528 725 2569 nobiles
748 2528 899 2570 Parthi
931 2529 978 2569 in
1009 2542 1087 2570 m·-

213 2585 303 2625 bem
336 2598 514 2626 venere.-
563 2586 737 2628 easdem
772 2600 842 2628 res
875 2587 1090 2641 percurrit

1274 2526 1469 2582 ultroque
1510 2529 1747 2584 potentiam
1795 2526 1947 2569 babet-t
2001 2527 2046 2568 in

1176 2587 1355 2629 Oriente
1378 2586 1568 2628 eunuchi
1602 2586 1658 2628 ob
1686 2586 1859 2628 easdem
1893 2598 2046 2628 causas

213 2643 296 2685 Dio
316 2642 451 2684 Lvtlt
485 2644 565 2696 263
602 2646 718 2687 conf.
746 2645 958 2700 Iosephus
991 2647 1086 2687 An-

212 2703 358 2758 tiquit.
384 2702 522 2744 XVlll
558 2706 584 2747 2
612 2706 656 2756 δ.
680 2706 722 2747 4.
846 2712 956 2747 metu
976 2705 1088 2747 Ger-

210 2762 374 2805 manici
400 2762 509 2816 fidus
540 2763 772 2805 Romanis.-
808 2776 848 2806 ν.
884 2764 922 2805 ΙΙ
954 2764 1025 2807 58.

299 2829 555 2863 senectutem
602 2824 758 2866 Tiberii
797 2831 843 2865 ut
882 2824 1089 2865 inermem

212 2879 475 2936 despiciens:
535 2884 739 2936 quoniam
786 2883 983 2924 Tiberius
1045 2884 1087 2924 in

212 2941 414 2981 omnibus
467 2941 596 2983 rebus
627 2951 742 2983 arma
776 2942 1012 2996 spernebat
1046 2948 1090 2984 et

211 2999 347 3040 otium
391 3000 555 3041 arlilms
597 3002 687 3042 suis
731 3001 935 3055 parabat,
984 3007 1088 3042 tune

212 3058 343 3100 ctiam
394 3072 528 3115 aegro
578 3073 762 3115 corpore
804 3059 1086 3117 fatigabatur,

211 3117 394 3159 Parthus
429 3118 540 3162 hanc
574 3128 671 3162 esse
698 3121 913 3162 inscitiam
937 3131 1084 3162 armo-

210 3190 304 3218 rum
341 3179 532 3221 iactavit.

299 3237 447 3278 addita
469 3238 749 3280 contu-melia:
785 3239 838 3280 de
872 3239 953 3280 hac
976 3239 1087 3280 Sue-

213 3297 361 3338 tonius
394 3295 485 3339 Tib.
520 3298 600 3341 66:
653 3298 754 3353 quin
786 3305 825 3339 et
856 3297 1088 3349 Artabani,

212 3353 470 3397 Parthorum
504 3357 640 3411 renis,
673 3356 891 3399 laceratus
923 3364 983 3399 est
1014 3354 1090 3398 tit-

213 3415 330 3466 teris,
359 3415 607 3471 parricidia
639 3424 678 3457 et
701 3417 852 3458 caedes
887 3425 926 3458 et
958 3417 1088 3472 ἐφια-

214 3474 329 3514 viam
362 3482 399 3515 et
432 3474 648 3516 larici-iam
681 3476 943 3527 obiicimus,
994 3488 1087 3515 oreo-

212 3532 434 3586 nentisque
468 3541 512 3574 nt
547 3534 795 3575 voluntaria
825 3541 959 3575 morte
989 3547 1086 3575 ma·-

214 3590 328 3631 oeimo
350 3593 656 3647 iustissimoque
678 3595 831 3637 civium
849 3594 944 3635 odio
963 3607 1094 3649 quam·

212 3649 398 3708 primam
429 3653 715 3708 satisfaceret.

1174 2652 1376 2701 potentes
1402 2651 1539 2698 erant,
1573 2645 1730 2701 quibus
1763 2644 1857 2687 orbi
1882 2645 2046 2687 Romae

1175 2704 1356 2747 multum
1389 2704 1610 2747 valebant.
1763 2705 1902 2762 ripam
1933 2705 2049 2760 apud

1174 2764 1444 2820 Euphratis:
1500 2776 1545 2805 v,
1588 2765 1641 2806 ad
1687 2762 1746 2804 lv
1797 2765 1839 2807 5.
1935 2764 2045 2819 Ripa

1174 2823 1410 2878 Euphratis
1443 2823 1652 2865 terminus
1698 2829 1802 2865 tunc
1845 2823 1928 2866 fait
1959 2823 2045 2865 im-

1176 2882 1286 2936 perii
1318 2883 1516 2925 Romani.

1264 2940 1369 2997 Cap.
1392 2943 1464 2985 32.
1527 2946 1657 2982 ornat
1685 2939 1930 2983 Phraaten:
1964 2953 2045 2997 pe-

1175 3002 1304 3042 cunia
1339 3007 1382 3043 et
1413 2999 1709 3042 adiutoribus.

1264 3060 1479 3101 destinata
1494 3061 1708 3101 retinens:
1742 3058 1800 3100 cf.
1816 3059 1853 3100 11
1884 3058 2043 3102 64-66.

1259 3132 1422 3160 veneno
1470 3119 1702 3175 inligaret:
1769 3119 1832 3159 sic
1879 3117 1939 3159 lv
1988 3119 2046 3162 53

1174 3178 1318 3218 morbo
1350 3179 1545 3233 corporis
1585 3176 1812 3233 inplicata.
1875 3177 2046 3219 Dicitur

1177 3236 1230 3277 de
1264 3251 1314 3278 ea
1348 3250 1394 3278 re
1429 3250 1512 3292 qua
1548 3235 1687 3278 libera
1719 3236 1879 3293 agendi
1913 3242 2044 3291 pote-

1176 3300 1264 3336 stas
1298 3296 1545 3351 impeditur.

1285 3356 1481 3397 instituta
1533 3354 1790 3396 Parthorum
1837 3355 2043 3396 adsumit.-

1176 3413 1274 3455 libri
1316 3415 1355 3456 M
1406 3414 1559 3455 vitium
1600 3414 1772 3455 insumit
1817 3415 1881 3454 ex'
1911 3417 2041 3454 ante-

1175 3485 1327 3527 gresso
1362 3475 1541 3514 nomine
1573 3473 1767 3513 instincta
1798 3477 1871 3512 aut
1903 3469 2038 3511 verbo

1170 3533 1444 3584 insueverat,
1477 3531 1591 3573 unde
1624 3541 1756 3571 sonus
1785 3530 1831 3569 in
1863 3527 2038 3569 auribus

1173 3592 1404 3634 scribentis
1442 3592 1693 3644 impressus,
1714 3587 1929 3645 originem
1953 3586 2037 3629 du-

1173 3653 1258 3703 xit3
1305 3648 1617 3701 aliaeiusdem
1650 3647 1745 3688 vitii
1778 3646 1904 3703 erigo
1939 3645 2034 3689 XIV
