2280 4004
231 323 259 354 a
288 309 339 355 ὓ.-
371 311 444 357 54.
1966 319 2054 362 115

807 312 971 357 LIBER
1001 311 1117 358 m.
1179 312 1288 359 θίν’.
1319 314 1452 359 6—8.

233 456 425 508 tionum
450 462 643 510 vestem
664 457 880 525 principi
913 459 1278 527 triumphalem,
1316 464 1470 527 utque
1499 472 1659 512 ovans
1683 459 1859 512 urbem
1889 459 2055 526 iniret,

234 547 535 614 effigiesque
574 549 684 600 eius-
717 549 826 615 pari
862 550 1210 618 magnitudine
1258 566 1319 602 ac
1350 551 1527 603 Martis
1561 549 1748 603 Ultoris
1785 551 1966 603 eodem
2004 551 2058 601 in

233 639 416 705 templo
458 655 733 705 censuere,
772 647 975 707 praeter
1005 647 1198 693 suetam
1240 642 1579 695 adulationem
1615 642 1735 694 laeti
1774 642 1907 709 quod
1947 642 2058 694 Do-

230 730 420 781 mitium
459 730 796 783 Corbulonem
830 733 1128 784 retinendae
1165 732 1441 784 Armeniae
1475 738 1867 799 praeposuerat,
1906 733 2057 784 vide-

229 820 477 887 baturque
533 821 677 873 locus
740 823 1007 874 virtutibus
1064 824 1361 889 patefactus
1459 824 1648 890 Copiae
1704 824 1925 877 Orientis
1987 824 2094 885 itas

229 910 519 987 dividuntur
554 918 607 963 ut
655 928 771 979 pars
821 914 1136 966 auxiliarium
1186 929 1297 966 cum
1349 915 1546 966 duabus
1578 915 1866 983 legionibus
1922 916 2054 982 apud

228 1002 538 1067 provinciam
592 1003 787 1070 Syriam
841 1010 891 1055 et
952 1004 1172 1072 legatum
1228 1006 1336 1057 eius
1392 1005 1700 1067 Quadratum
1749 1006 2051 1058 Ummidium

223 1097 525 1158 remaneret,
561 1108 653 1159 par
688 1094 870 1145 civium
908 1095 1266 1161 sociorumque
1302 1111 1539 1147 numerus
1581 1096 1855 1148 Corbuloni
1893 1102 2047 1162 esset,

224 1183 415 1235 additis
459 1183 751 1235 cohortibus
803 1185 1031 1251 alisque,
1094 1200 1225 1252 quae
1282 1187 1334 1237 in
1371 1186 1690 1253 Cappadocia
1739 1187 2044 1238 hiemabant.

223 1274 361 1327 Socii
399 1290 569 1342 reges,
605 1280 753 1341 prout
777 1275 910 1327 bello
945 1277 1272 1342 conduceret,
1313 1292 1497 1343 parere
1535 1276 1684 1328 iussi.
1752 1278 1852 1330 Sed
1888 1278 2118 1334 studiaio

224 1380 398 1416 eorum
436 1366 489 1416 in
515 1366 852 1418 Corbulonem
877 1368 1185 1433 promptiora
1227 1373 1386 1419 erant.
1461 1368 1557 1429 Qut
1593 1372 1647 1418 ut
1685 1368 1850 1419 famae
1886 1369 2056 1420 inser-

224 1456 383 1521 viret,
422 1471 551 1523 quae
591 1457 642 1507 in
683 1458 831 1508 novis
877 1459 1072 1524 coeptis
1109 1458 1426 1510 validissima
1461 1462 1563 1523 est,
1617 1458 1797 1511 itinere
1834 1474 2052 1526 propere

226 1547 492 1611 confectO,
546 1547 679 1613 apud
712 1548 919 1616 Aegeas
959 1550 1211 1601 civitatem
1248 1549 1458 1601 Cilicia-e
1502 1549 1704 1601 obvium
1746 1550 2055 1611 Quadratum

342 1673 382 1715 7.
415 1673 590 1715 suriam
622 1671 700 1727 Ma,
731 1683 832 1716 mox
862 1676 1038 1731 syriam.
1122 1673 1424 1718 timidiumlttst.
1499 1676 1542 1719 8.
1571 1683 1678 1732 pars
1705 1663 1830 1718 ema:
1867 1678 2056 1719 correxit

220 1731 390 1774 Puteal.
453 1733 495 1776 9.
530 1733 630 1774 aliis
647 1747 812 1788 quam,⁸
842 1735 1110 1791 cappadocia
1134 1734 1223 1777 Ma:
1251 1737 1298 1777 in
1332 1735 1498 1777 addidit
1516 1735 1759 1788 Bekkems,
1793 1742 1893 1778 ante
1926 1750 2053 1792 quem

221 1792 338 1846 apud
370 1792 706 1848 Cappadociam,
740 1800 787 1834 ut
817 1795 861 1835 in
887 1794 934 1836 G.
969 1794 1145 1850 alisque,
1179 1808 1285 1849 quae
1318 1796 1483 1851 primus
1515 1796 1648 1836 tacite
1682 1795 1932 1848 Rhenanus,
1963 1809 2051 1836 non

1091 1855 1158 1897 10.
1195 1855 1315 1895 iussit
1336 1854 1428 1896 M2‘:
1461 1855 1570 1895 iussi
1583 1853 1631 1895 G.
1728 1857 1795 1897 11.
1828 1856 2056 1896 inserviret

827 1914 895 1955 12.
927 1913 1049 1954 nobis
1085 1913 1215 1969 ceptis
1246 1912 1326 1955 Ma.
1424 1914 1490 1956 13.
1526 1920 1651 1969 egeas
1683 1912 1762 1955 Ma.

220 1849 476 1904 Beroaldus,
511 1857 558 1892 ut
590 1851 842 1894 waltherus
875 1853 994 1895 dicit.

220 1917 290 1951 om
323 1908 414 1963 Ma,
447 1909 570 1953 adest
601 1912 646 1953 in
680 1911 728 1953 G.

221 2024 358 2066 dativi
389 2022 549 2066 forma
572 2025 801 2081 Votoque,
837 2040 965 2082 quam
997 2028 1097 2082 pte-

221 2085 346 2140 rique
389 2083 489 2125 libri
539 2083 623 2126 hoc
654 2086 753 2127 loco
789 2092 832 2126 et
866 2086 916 2127 ll.
951 2088 1006 2128 1V
1042 2089 1096 2129 51

228 2143 443 2195 offerunt,
489 2155 573 2183 non
618 2146 760 2185 minus
803 2144 983 2187 barbara
1017 2152 1096 2197 est,

228 2214 354 2257 quam
389 2208 537 2244 essem
578 2203 804 2258 Vologeses
837 2210 880 2245 et
916 2204 1097 2260 Voloye-

225 2276 330 2312 sum,
365 2275 475 2316 quae
508 2263 612 2302 satis
631 2262 948 2317 redarguuntur
971 2265 1096 2304 simi-

225 2320 339 2361 libus
372 2320 623 2361 Parthorum
657 2322 921 2374 nominibus,
957 2322 1095 2364 veluti

225 2379 452 2421 Monaeses
481 2379 596 2434 apud
628 2381 853 2422 Horatium
879 2380 1019 2423 Carm.
1042 2380 1097 2423 111

221 2437 248 2479 6
274 2437 314 2489 9,
351 2438 624 2494 Abdaqaeses
648 2439 782 2481 Tacit.
810 2439 864 2481 Vt
892 2440 963 2483 36.
1013 2440 1096 2482 sed

219 2496 355 2538 Taciti
381 2497 546 2540 librarii
576 2497 642 2538 bis
665 2498 840 2552 decepti
865 2506 964 2540 sunt
990 2499 1096 2541 bre-

220 2557 345 2598 viore
379 2555 455 2597 illa
487 2558 677 2613 genitivi
708 2557 846 2599 forma
887 2558 1094 2613 Voloyesi,

222 2628 351 2670 quam
383 2628 471 2656 non
505 2630 530 2657 a
563 2616 833 2657 nominativo
872 2616 1095 2673 Vologesus

221 2675 378 2719 factam
423 2674 503 2716 sed
538 2689 590 2716 ex
632 2677 830 2731 genitivo
878 2676 1095 2732 Voloqesis

221 2739 460 2775 truncatam
496 2747 593 2775 esse
637 2741 821 2777 constat.
887 2735 1016 2778 Certe
1049 2738 1093 2777 in

220 2792 360 2834 altero
395 2792 568 2834 illorum
607 2792 802 2835 locorum
839 2794 1091 2852 (11.1V51)

222 2852 445 2906 genitivus
487 2851 682 2906 Voloyesi
705 2859 748 2894 et
780 2866 906 2893 casus
932 2854 1093 2895 barba-

220 2922 293 2949 rus
357 2909 558 2963 Voloyeso
621 2912 665 2951 in
722 2910 914 2952 confini-o
962 2914 1094 2967 positi

221 2974 337 3009 sunt.
402 2968 512 3009 Hinc
543 2968 710 3021 patebit
767 2969 968 3025 Votoyeso
1008 2982 1094 3013 non

222 3028 365 3082 magis
394 3026 569 3068 tolerari
605 3040 734 3081 posse
769 3041 894 3083 quam
927 3031 1095 3074 Themi-

223 3085 372 3136 stoclo,
406 3085 613 3138 Aristide,
640 3087 815 3139 Nande,
837 3100 1095 3145 quamquam

231 3143 509 3197 Themistocli,
524 3145 719 3198 Aristidi,
738 3146 888 3188 Neocli
901 3150 1094 3191 secundo

227 3216 328 3243 casu
359 3214 446 3244 non
479 3215 574 3244 rar-o
607 3206 898 3259 reperiuntur.

312 3260 425 3313 filius
459 3262 704 3304 Vardanes.-
746 3277 848 3306 ver-a
882 3271 953 3306 est>
982 3265 1094 3314 haud

227 3320 355 3363 dubie
389 3319 499 3362 haec
529 3319 666 3375 Lipsii
699 3324 932 3373 eorrectio.
988 3323 1094 3365 Nam

226 3379 341 3421 lilius
358 3378 569 3420 Vardanis
586 3381 623 3421 si
648 3378 1095 3435 scripsisset'facitus,

227 3437 467 3480 addendum
525 3444 617 3480 erat
682 3440 779 3494 quis
829 3439 963 3482 fuerit
1017 3439 1095 3482 ille

228 3496 464 3539 Vardanes.

328 3554 434 3611 Cap.
473 3556 516 3599 8.
578 3557 626 3598 in
683 3554 990 3611 Cappadocia.-
1052 3556 1096 3597 in

230 3612 505 3671 Cappadocia
550 3621 654 3656 tunc
701 3615 875 3656 nonnisi
920 3614 1097 3657 socialis

228 3673 397 3731 militia,
433 3674 637 3719 cohortes
671 3673 881 3735 alaeque;
912 3673 1098 3719 namle..

1183 2030 1339 2083 giones
1357 2027 1650 2081 Vespasianus
1670 2024 1839 2070 demum
1862 2028 2050 2081 addidit3

1183 2088 1240 2128 ef.
1276 2087 1456 2128 Sueton.
1494 2087 1626 2140 Vesp.
1660 2087 1702 2129 8.
1747 2086 1879 2129 Tacit.
1928 2088 1978 2128 ll.
2012 2087 2051 2129 11

1181 2144 1253 2187 81.
1288 2143 1661 2200 Praepositionem
1679 2147 1724 2186 in
1744 2145 1898 2188 abesse
1922 2159 2050 2200 posse

1181 2206 1383 2258 opinatur
1403 2203 1593 2247 menius
1627 2210 1672 2246 et
1702 2211 1921 2260 comparat
1942 2220 1978 2247 c.
1994 2207 2048 2248 21

1181 2263 1375 2305 cohortes
1414 2264 1518 2304 urbe
1564 2271 1809 2319 temptatas,
1863 2264 1938 2306 sed
1989 2265 2049 2306 ibi

1181 2323 1296 2363 clarc
1329 2325 1374 2364 in
1403 2323 1528 2375 urbe,
1562 2335 1650 2363 uon
1682 2323 1811 2375 urbe,
1851 2325 1920 2379 qui
1954 2337 2050 2364 ma-

1178 2382 1364 2423 nifestus
1396 2382 1510 2422 foret
1551 2382 1854 2424 soloecismus.
1921 2382 2048 2424 Cous.

1178 2453 1273 2482 mea
1307 2441 1360 2482 ad
1391 2440 1407 2481 1
1439 2441 1512 2484 60.
1634 2448 1679 2482 ut
1716 2444 1862 2496 saincte
1905 2443 2050 2483 inser-

1176 2500 1309 2542 viret:
1335 2499 1511 2541 verbum
1538 2500 1766 2541 inserviret
1786 2514 1808 2540 a
1827 2499 1889 2541 Ma
1911 2502 2049 2541 omis-

1181 2571 1274 2600 sum
1308 2560 1349 2600 in
1396 2559 1553 2615 ceteris
1595 2559 1724 2600 libris
1759 2566 1858 2612 apta
1894 2561 2049 2601 conie-

1179 2624 1301 2660 ctura
1361 2620 1607 2673 restitutum
1672 2624 1752 2659 est.
1818 2619 2050 2659 Hortor-um

1177 2677 1429 2718 amoenitati
1468 2678 1679 2733 inservire
1719 2682 1784 2718 est
1832 2677 1930 2719 XVI
1976 2678 2048 2729 27,

1177 2736 1322 2778 liberis
1353 2735 1402 2778 Ο.
1436 2731 1508 2786 28,
1540 2737 1660 2789 sama
1692 2736 1762 2776 cui
1791 2735 1873 2778 soli
1905 2738 2049 2778 inscr-

1175 2798 1294 2838 vium
1328 2794 1377 2837 Ο.
1416 2796 1484 2846 10,
1518 2795 1591 2835 ubi
1624 2808 1666 2836 v.
1704 2801 1852 2835 annot.

1263 2853 1378 2908 apud
1401 2853 1567 2908 Aeqeas
1600 2854 1812 2894 civitatem
1837 2852 2046 2894 Ciliciae:

1178 2912 1291 2965 apud
1340 2912 1530 2953 Dion-em
1582 2911 1734 2955 XLVll
1787 2913 1846 2961 30
1897 2911 2047 2953 cadem

1176 2972 1366 3020 nominis
1399 2971 1536 3020 forma
1557 2973 1633 3025 (ἐν
1665 2971 1908 3027 Αἰγέως),
1934 2970 2050 3024 apud

1177 3029 1435 3073 Stra-bouem
1467 3029 1561 3071 XIV
1585 3033 1615 3073 4
1649 3030 1702 3072 18
1735 3035 1778 3071 et
1815 3030 1867 3072 19
1899 3042 1940 3083 p.
1961 3028 2048 3071 676

1175 3093 1397 3146 Αἰγαῖαι,
1417 3087 1530 3142 apud
1550 3087 1855 3129 Philostratum
1879 3089 1922 3127 in
1948 3087 2048 3127 vita

1176 3146 1384 3202 Apollon.
1426 3147 1445 3187 l-
1488 3147 1511 3188 7
1561 3147 1635 3202 (8)
1685 3152 1730 3187 et
1780 3145 2047 3198 Stephanum

1176 3209 1352 3262 Αἰγαί,
1396 3206 1499 3246 item
1533 3203 1647 3257 apud
1688 3203 1876 3244 Plinium
1911 3202 1960 3244 N.
1994 3203 2044 3245 H.

1183 3265 1218 3314 V
1253 3266 1311 3307 22
1344 3269 1387 3304 et
1419 3262 1638 3303 Lucanum
1672 3261 1734 3302 li}
1764 3262 1846 3305 227
1883 3260 2046 3315 Aegae.

1180 3322 1356 3363 Formas
1402 3324 1552 3377 Αἰγαὶ
1599 3326 1642 3362 et
1684 3324 1865 3376 ,Αἰγέαι
1920 3332 2047 3361 veras

1181 3394 1301 3432 esse,
1346 3379 1500 3430 falsam
1532 3380 1754 3435 Αἰγαίας,
1804 3390 1916 3432 quae
1960 3390 2048 3419 non

1179 3440 1265 3480 nisi
1300 3437 1413 3492 apud
1459 3435 1714 3479 Strabonem
1757 3436 1944 3492 legitur,
1994 3449 2047 3477 ex

1180 3497 1250 3539 his
1283 3494 1491 3550 Stephani
1522 3494 1553 3537 l.
1589 3509 1626 3538 c.
1666 3494 1813 3538 verbis
1855 3494 2047 3550 colligoz

1179 3552 1229 3600 τὸ
1271 3547 1465 3600 &mundat
1510 3548 1602 3597 «tna
1643 3555 1730 3613 μὲν
1770 3552 2049 3608 δισυλλάβου

1179 3617 1414 3671 Αἰγαῖος,
1477 3607 1593 3665 οἰνιὸζ
1629 3614 1679 3658 δὲ
1739 3611 2048 3672 τρισυλλάβου

1183 3673 1397 3736 (εὕρηται
1423 3677 1502 3729 nal
1537 3670 1705 3735 οὕτως)
1739 3670 1982 3736 Λίγεάεῃς.
