2280 4004
256 291 350 343 m
1047 293 1338 338 ANNALIVM

1823 308 1864 342 a.
1890 291 1941 344 ”ιι”.’
1971 294 2082 348 8154

259 433 566 499 clamoribus
607 434 954 502 complebant,
1008 451 1119 488 cum
1155 437 1326 489 emissi
1361 438 1570 492 militum
1607 440 1748 510 globi
1787 438 2088 498 Verberibus

258 532 309 582 et
341 527 532 578 intento
571 526 709 577 ferro
745 526 974 579 turbatos
1011 528 1279 582 disiecere.
1354 530 1640 600 Mutataque
1688 547 1818 600 quae
1865 529 1957 603 per
2000 547 2090 589 se*

257 619 499 672 ditionem
537 623 824 685 verterant,
878 621 927 672 et
977 621 1239 687 Poppaeae
1277 621 1442 675 honos
1487 624 1741 691 repositus
1781 629 1874 678 est.
1947 620 2090 690 Quae

255 724 457 776 semper
493 709 642 774 odio,
683 715 785 762 tum
826 716 875 763 et
910 717 1044 764 metu
1080 717 1253 782 atrox,
1291 729 1357 766 ne
1393 712 1477 766 aut
1512 716 1651 784 vulgi
1688 717 1860 771 acrior
1893 710 1972 771 tris
2007 717 2092 772 in«-

214 806 466 869 sgrueret
503 806 587 853 aut
621 803 756 855 Nero
789 802 1120 856 inclinatione
1157 805 1327 872 populi
1366 811 1655 874 mutaretur,
1692 808 1973 875 provoluta
1993 823 2092 879 ge-

253 893 403 945 nibus
457 893 565 946 eius
613 909 717 945 non
768 910 830 947 eo
869 895 971 947 loci
1014 912 1098 948 res
1137 911 1255 949 suas
1294 899 1379 966 agi
1421 899 1520 964 ait,
1569 903 1624 950 ut
1660 899 1735 952 de¹
1767 895 2089 954 matrimonio

253 989 447 1051 certet,
509 1000 808 1052 quamquam
853 987 905 1038 id
957 988 1054 1040 sibi
1101 989 1203 1040 vita
1258 990 1450 1056 potiuS,
1506 972 1598 1042 sed
1647 990 1801 1044 vitam
1840 991 1999 1060 ipsam
2037 984 2090 1047 in

254 1080 530 1129 extremum
569 1077 836 1130 adductam
891 1095 918 1131 a
958 1079 1205 1133 clientelis
1257 1085 1306 1133 et
1352 1082 1574 1134 servitiis
1626 1082 1926 1150 Octaviae,
1956 1095 2091 1151 quae

254 1166 417 1234 plebis
457 1168 554 1219 sibi
591 1184 777 1221 nomen
816 1170 1122 1238 indiderint,
1174 1189 1234 1224 ea
1273 1173 1324 1223 in
1361 1188 1489 1240 pace
1526 1173 1635 1226 ausi
1670 1186 1800 1241 quae
1831 1175 1919 1227 vix
1950 1175 2087 1229 bello

180 1272 242 1317 ³0
257 1258 534 1312 evenirent.
604 1261 758 1313 Arma
796 1262 881 1313 illa
922 1262 1168 1316 adversus
1199 1264 1475 1331 principem
1510 1271 1734 1332 sumpta3
1771 1266 1950 1319 ducem
1974 1271 2094 1319 tan-

253 1354 357 1402 tum
387 1350 627 1417 defuisse,
657 1354 741 1419 qui
764 1354 913 1405 motis
939 1355 1092 1406 rebus
1120 1355 1271 1407 facile
1290 1356 1623 1422 reperiretur:
1666 1357 1918 1410 omitteret
1939 1358 2091 1410 modo

255 1440 578 1508 Campaniam
615 1448 665 1495 et
701 1445 754 1496 in
793 1446 970 1497 urbem
1010 1446 1170 1512 ipsam
1209 1451 1464 1514 pergeret,
1503 1447 1567 1498 ad
1606 1446 1748 1499 cuius
1785 1452 1956 1501 nutum
1992 1447 2091 1501 ab·

222 1580 224 1582 .
254 1533 414 1588 sentis
472 1534 706 1586 tumultus
768 1537 1039 1588 cierentur.
1116 1537 1262 1599 Quod
1326 1537 1551 1604 alioquin
1609 1553 1753 1590 suum
1813 1537 2093 1593 delictum?

257 1625 417 1686 Quam
467 1626 761 1693 cuiusquam
822 1627 1196 1680 offensionem?
1266 1629 1348 1680 An
1400 1629 1516 1696 quia
1568 1645 1742 1681 veram
1795 1629 2093 1699 progeniem

194 1717 519 1786 xtpenatibus
562 1718 836 1770 Caesarum
895 1719 1084 1773 datura,
1123 1721 1225 1771 sit?
1293 1720 1509 1773 Mallene
1545 1720 1781 1787 populum
1816 1722 2093 1775 Romanum

258 1809 481 1864 tibicinis
524 1810 763 1878 Aegyptii
800 1811 1029 1864 subolem
1067 1812 1394 1878 imperatorio
1429 1813 1635 1881 fastigio
1673 1813 1884 1865 induci?
1931 1813 2095 1866 Deni-

256 1908 371 1968 que,
409 1901 453 1953 si
490 1902 541 1953 id
579 1902 732 1953 rebus
771 1903 1039 1969 conducat,
1079 1904 1242 1956 libens
1281 1918 1428 1971 quam
1466 1909 1674 1956 coactus
1712 1902 1904 1957 acciret
1929 1903 2098 1957 domi-

254 2007 398 2058 nam,
451 1993 532 2045 vel
572 1994 863 2046 consuleret
897 1996 1155 2047 securitati
1196 1995 1325 2047 iusta
1362 1996 1571 2048 ultione.
1644 1995 1707 2047 Et
1745 1995 1961 2048 modicis
2006 2011 2097 2048 re·-

255 2078 437 2129 mediis
472 2078 663 2144 primos
702 2084 866 2131 motus
906 2080 1232 2132 consedisse:
1272 2086 1321 2132 at
1359 2081 1403 2132 si
1442 2081 1714 2148 desperent
1750 2094 1961 2132 uxorem
1988 2080 2096 2133 Ne-

193 2169 397 2221 20ronis
436 2169 549 2221 fore
589 2170 869 2236 Octaviam,
912 2171 983 2221 illi
1022 2171 1253 2222 maritum
1293 2172 1516 2223 daturos
1590 2170 1775 2223 Varius
1813 2185 2002 2236 sermo,
2044 2175 2179 2225 et62

257 2259 322 2311 ad
358 2264 542 2311 metum
579 2265 728 2327 atque
763 2260 889 2312 iram
927 2262 1373 2327 accommodatuS,
1411 2261 1590 2314 terruit
1626 2261 1773 2314 simul
1809 2261 2095 2314 audientem

258 2355 308 2405 et
347 2352 600 2404 accendit.
676 2353 775 2406 Sed
819 2368 995 2420 parum
1032 2354 1235 2406 valebat
1270 2354 1494 2421 suspicio
1534 2354 1587 2404 in
1624 2368 1806 2419 servo,
1844 2358 1895 2407 et
1934 2369 2098 2421 quae·-

379 2534 418 2573 1.
454 2529 573 2571 emisi
601 2528 683 2574 Ma.
804 2532 845 2574 2.
880 2530 1071 2572 turbatos
1105 2528 1229 2572 GMa:
1273 2529 1440 2571 turbam
1470 2526 1596 2572 BCR.

256 2587 337 2631 Ma.
431 2591 473 2631 3.
506 2603 697 2644 poppeae
730 2587 808 2631 Ma.
902 2588 945 2631 4.
981 2597 1106 2631 tumet
1138 2596 1249 2630 metu
1282 2588 1361 2631 Ma.

258 2649 345 2704 aqi,
377 2647 717 2703 Bezzenberger
750 2649 824 2690 ait.
921 2649 961 2689 7.
998 2662 1153 2702 quanq.
1188 2646 1270 2689 Ma.

256 2706 338 2750 Ma.
466 2707 533 2748 15.
569 2720 651 2748 σεε.
686 2705 765 2748 Ma.

256 2766 522 2809 Puteolanus
554 2765 696 2807 malle.
824 2765 893 2808 16.
928 2766 1124 2822 cybicinis
1157 2765 1333 2822 eqyptiis
1364 2764 1549 2808 sobolem
1579 2764 1659 2807 Ma.

258 2827 439 2870 maritos
471 2837 686 2881 superscr.
721 2825 750 2867 a
779 2823 862 2869 Ma,

1715 2534 1881 2571 mutata
1909 2539 2098 2583 quaeque

1442 2588 1483 2631 6.
1518 2589 1593 2644 aqi
1625 2589 1688 2630 ait
1722 2588 1886 2630 editor:
1920 2586 2096 2629 codices

1371 2647 1413 2689 8.
1448 2647 1667 2700 clyentelis
1698 2645 1778 2688 Illa.
1874 2647 1943 2688 11.
1975 2659 2096 2702 rcpp.

890 2707 1076 2748 mallene
1118 2706 1310 2748 Handius
1355 2705 1519 2748 Tursel.
1555 2706 1573 2747 1
1605 2719 1646 2760 p.
1679 2706 1795 2750 2412
1838 2703 1905 2746 Ma
1935 2703 2096 2758 mallet,

1782 2767 1854 2809 20.
1885 2764 1983 2820 fori
2016 2762 2094 2808 Ma.

349 2983 593 3026 verberibus
626 2989 665 3025 ct
698 2983 860 3025 intento
883 2985 1003 3038 ferro
1037 2990 1132 3025 tur-

259 3044 378 3086 batos
410 3043 640 3085 disiecerat
676 3042 835 3084 turbati
860 3042 1134 3092 suntsubita

259 3115 475 3146 armorum
507 3102 638 3156 facie,
672 3101 714 3144 h.
735 3115 773 3144 e.
797 3107 917 3144 metu
946 3101 1134 3156 correpti

261 3169 305 3208 et
330 3161 637 3218 trepidatione.
686 3160 930 3204 'l'heodisce
949 3161 1133 3203 dicimus

261 3223 328 3265 die
360 3221 784 3279 centonem-Quod
818 3232 915 3262 cum
949 3232 1036 3262 non
1060 3220 1133 3261 in..

260 3282 519 3339 telligerent
561 3283 635 3337 qui
677 3281 811 3323 libros
845 3280 1134 3335 interpolatos

263 3354 519 3394 correxere,
572 3340 740 3383 turbam
774 3352 895 3383 suam
927 3350 1004 3396 pro
1039 3345 1135 3382 tur-

268 3401 377 3443 batis
408 3400 742 3443 substituerunt.

351 3473 439 3501 non
474 3474 520 3502 eo
555 3460 641 3502 loci
682 3475 751 3501 res
798 3474 897 3502 suas
940 3459 1014 3515 aqi
1057 3459 1135 3510 ait,

262 3526 333 3562 ut.-
367 3520 541 3563 dicendi
574 3520 754 3561 verbum
789 3521 885 3576 (ait)
920 3519 1033 3559 inter
1064 3518 1138 3574 aqi

266 3585 395 3633 atque
427 3586 473 3621 ut
501 3579 751 3633 absorptum
790 3585 868 3620 cst.
933 3577 1135 3619 Bezzen-

266 3637 425 3692 berger
473 3638 534 3679 ait
582 3645 658 3691 pro
707 3638 782 3693 api
825 3638 1136 3681 substituturus

270 3700 385 3749 erat,
431 3694 507 3738 sed
551 3706 808 3754 quamquam
855 3694 997 3755 aliquo
1042 3694 1135 3739 loco

1219 2997 1289 3026 res
1322 2997 1411 3027 esse
1443 2981 1672 3034 dicuntur,
1724 2979 1906 3022 multum
1949 2984 2095 3023 tamen

1221 3055 1380 3084 vereor
1421 3055 1475 3083 ne
1517 3055 1564 3082 eo
1608 3040 1693 3083 loci
1725 3053 1813 3082 esse
1844 3053 1915 3081 res
1951 3039 2093 3082 minus

1218 3101 1372 3143 Latine
1402 3100 1585 3143 dicatur.

1307 3160 1492 3202 mallenc
1522 3158 1723 3216 populum
1763 3159 2006 3201 Romanum
2037 3182 2093 3191 -

1219 3219 1389 3261 induci.-
1427 3218 1535 3261 illud
1569 3218 1727 3270 mallee,
1765 3215 1882 3273 quod
1915 3219 1957 3259 iu
1993 3216 2092 3272 ple-

1221 3281 1367 3334 risque
1411 3277 1636 3320 codicibus
1670 3277 1858 3334 legitur,
1892 3290 1946 3319 ex
1979 3276 2092 3318 scri-

1220 3345 1346 3393 ptura
1377 3338 1536 3380 ”zallen
1576 3343 1717 3378 ortum
1753 3336 1860 3378 mihi
1903 3335 2090 3388 videtur,

1222 3397 1336 3439 unde
1382 3398 1484 3450 alii,
1538 3396 1678 3438 veluti
1728 3394 1994 3438 Puteolanus
2050 3399 2094 3436 et

1221 3456 1445 3499 llarleiani
1480 3456 1644 3499 codicis
1679 3460 1832 3498 auctor
1862 3454 1990 3496 malle
2022 3453 2093 3495 fe-

1224 3522 1390 3559 cerunt.

1309 3575 1413 3630 Cap.
1463 3575 1533 3617 62.
1599 3572 1721 3614 elusa
1752 3579 1869 3614 erat:
1899 3569 2091 3624 suspicio

1221 3647 1299 3690 per
1330 3645 1377 3678 se
1413 3643 1562 3689 parum
1605 3629 1757 3674 valida·
1792 3630 1922 3673 etiam
1952 3640 2093 3686 quae.

1221 3693 1436 3739 stionibus
1495 3688 1751 3735 ancillarum
1811 3692 1903 3732 erat
1955 3688 2093 3742 elusa,
