2280 4004
131 1387 222 1437 54-

204 330 245 371 a·
261 316 310 361 G·
326 367 328 369 ,
346 319 416 368 14·

206 465 335 517 sitae
374 463 729 515 credebantur.

209 556 396 620 sulam,
450 553 853 620 quattuordecim
907 551 1051 604 annis
1099 550 1302 603 exilium
1348 547 1598 600 toleravit.

808 315 973 362 mBER
1001 315 1034 360 1.
1097 314 1203 358 cn».
1236 312 1424 361 52—54.
1830 285 1832 288 ’
1971 309 2031 356 5⁸!

804 462 962 529 Igitur
999 464 1195 511 amotus
1234 457 1516 522 Cercinam,
1551 453 1716 507 Africi
1757 453 1910 506 maris
1948 452 2034 504 in·-

1665 546 1813 596 Tunc
1849 545 2032 597 milites

210 647 274 700 ad
312 645 520 698 caedem
556 645 698 696 missi
734 645 979 696 invenere
1014 643 1066 693 in
1100 640 1407 725 prominenti
1442 638 1633 719 litoris,
1687 637 1812 688 nihil
1848 637 2033 688 laetum

211 738 572 805 opperientem.
648 736 872 798 Quorum
906 722 1125 786 adventu
1156 720 1320 784 breve
1365 736 1559 798 tempus
1594 729 1802 797 petivit,
1851 733 1906 779 ut
1945 742 2037 780 su·-

209 844 382 896 prema
421 827 655 878 mandata
686 826 834 877 uxori
873 825 1119 877 Alliariae
1157 839 1250 890 per
1289 823 1480 875 litteras
1520 822 1701 886 daret,
1751 819 2077 872 cervicem-5

213 937 311 988 que
347 918 738 987 percussoribus
779 917 986 981 obtulit,
1058 916 1339 968 constantia
1387 914 1563 965 mortis
1614 913 1748 964 haud
1796 912 2038 979 indignus

211 1001 509 1079 Sempronio
551 1010 782 1062 nomine:

840 1010 943 1060 vita
986 1009 1404 1076 degeneraverat.

1480 1005 1690 1067 Quidam
1741 1019 1844 1056 non
1881 1006 2039 1057 Roma

213 1117 304 1157 eos
342 1102 526 1153 milites
564 1101 656 1153 sed
687 1101 749 1152 ab
773 1100 929 1151 Lucio
954 1099 1238 1164 Asprenate
1274 1096 1582 1162 proconsule
1612 1095 1821 1148 Africae
1854 1096 2040 1147 missos

211 1194 489 1258 tradidere,
532 1197 740 1244 auctore
761 1190 982 1254 Tiberio,
1022 1189 1106 1255 qui
1130 1188 1329 1239 ‘famam
1367 1186 1540 1238 caedis
1577 1201 1731 1252 posse
1766 1187 1818 1237 in
1844 1186 2042 1253 Aspre-

215 1291 384 1338 natem
421 1284 551 1335 verti
590 1283 777 1334 frustra
814 1285 1126 1348 speraverat.

352 1375 490 1427 Idem
540 1388 700 1425 annus
741 1387 902 1424 novas
943 1370 1281 1423 caerimonias
1331 1371 1529 1436 accepit
1578 1370 1749 1421 addito
1791 1369 2041 1421 sodalium

213 1467 566 1535 Augustalium
619 1464 942 1528 sacerdoti0‚
1001 1468 1056 1513 ut
1094 1462 1347 1528 quondam
1382 1462 1518 1512 Titus
1557 1461 1724 1512 Tatius
1763 1460 2044 1513 retinendis

217 1559 518 1613 Sabinorum
573 1556 736 1608 sacris
790 1554 995 1607 sodales
1034 1554 1190 1605 Titios
1238 1553 1537 1605 instituerat.

216 1649 523 1716 primoribus
575 1646 792 1698 civitatis
838 1659 967 1696 unus
1020 1650 1069 1696 et
1115 1643 1327 1711 viginti:

220 1740 458 1794 Claudius
504 1744 553 1790 et
592 1736 924 1790 Germanicus
973 1735 1276 1787 adiciuntur.

1635 1553 1784 1606 Sorte
1826 1552 1961 1602 ducti
2015 1568 2044 1603 e

1377 1643 1605 1694 Tiberius
1654 1643 1947 1709 Drususque
1995 1646 2045 1693 et

1365 1734 1534 1785 Ludos
1572 1734 1879 1801 Augustales
1926 1738 2111 1786 tuncis

218 1831 429 1901 primum
476 1834 684 1896 coeptos
729 1827 951 1879 turbavit
1003 1825 1261 1877 discordia
1299 1840 1363 1877 ex
1416 1825 1692 1876 certamine
1726 1824 2044 1877 histrionum.

337 1964 380 2008 8.
415 1964 465 2007 L.
499 1963 554 2006 M.
642 1964 709 2006 12.
750 1962 791 2004 T.
825 1962 880 2004 M.

225 2097 305 2141 65:
377 2094 538 2137 lubrico
595 2093 802 2149 paludum
862 2092 1094 2148 lapsantes.

226 2157 278 2198 H.
306 2155 325 2196 l
356 2155 438 2198 79:
472 2154 634 2194 lubrico
665 2154 869 2194 itinerum
901 2151 1099 2209 adempta

228 2227 428 2270 equorum
463 2213 751 2269 pernicitate,
803 2210 917 2252 velut
965 2213 1099 2254 vincti

228 2273 532 2318 caedebantur.
588 2270 711 2314 164·
732 2270 868 2313 medio
890 2273 1099 2314 montium

229 2340 269 2375 et
294 2331 500 2390 paludum
535 2330 842 2386 porrigebatur
877 2331 1096 2386 planities.

227 2392 307 2435 XV
330 2391 408 2434 18:
442 2389 833 2446 tropaea—medio
861 2390 1097 2446 Capitolini

227 2451 384 2494 montis
413 2449 686 2492 sistebantur.
760 2447 988 2490 Genitivus
1021 2449 1097 2490 ubi

229 2508 366 2562 abest,
398 2522 557 2551 nomen
577 2508 841 2550 adiectivum
862 2508 1097 2550 adverbia-

229 2571 335 2612 scit:
366 2567 403 2610 11
434 2569 491 2611 52
522 2567 631 2624 leqio
663 2567 827 2620 medic,
877 2568 987 2610 leves
1021 2582 1098 2609 co-

230 2628 491 2671 hortes—in
510 2626 709 2668 cornibus
729 2626 943 2681 locantur,
976 2627 1027 2669 H.
1043 2626 1100 2668 111

235 2688 288 2731 16
325 2700 506 2729 vacuum
539 2685 676 2728 medio
697 2685 901 2741 relinquit
925 2689 1021 2740 iter,
1057 2692 1100 2728 et

233 2761 270 2789 c.
318 2747 372 2790 19
425 2744 638 2787 coloniam
670 2745 804 2801 plano
852 2747 1005 2798 sitam,
1058 2752 1101 2787 et

233 2819 270 2848 c.
298 2805 356 2848 38
387 2806 541 2846 turrim
569 2805 710 2846 vicino
743 2806 897 2857 sitam3
929 2803 1025 2846 XIII
1042 2805 1100 2848 38

232 2864 368 2906 medio
407 2870 570 2904 sextam
616 2862 826 2919 le9ionem
868 2865 1098 2917 constituit,

233 2922 312 2964 XV
334 2922 391 2965 29
418 2922 554 2962 medio
575 2921 765 2963 tribunal
795 2923 934 2964 sedem
967 2937 1100 2964 curu-

234 2981 388 3022 lem—
413 2979 658 3021 sustinebat.
723 2981 828 3036 Agr.
863 2984 922 3025 24
962 2982 1099 3023 medio

236 3065 292 3072 —
321 3040 419 3080 sita.
485 3038 536 3079 ll.
574 3037 630 3079 111
661 3040 718 3082 23
756 3046 802 3081 ut
840 3040 927 3081 tela
965 3054 1100 3082 vacuo

236 3106 360 3153 atque
384 3103 530 3153 aperto
552 3104 865 3142 eme-uterentur.
897 3099 947 3141 Il.
963 3100 1021 3141 IV
1043 3101 1101 3143 23

231 3171 337 3214 pars
357 3170 490 3210 aequo
510 3156 724 3199 adibatur.
773 3158 994 3212 Temporis
1014 3171 1100 3214 quo

237 3215 340 3271 quid
379 3215 588 3256 acciderit
629 3215 875 3272 designatio
924 3219 1100 3272 saepius

238 3274 445 3315 adhaeret
507 3274 819 3316 eiusdemmodi
871 3276 1102 3318 adiectivis

240 3344 335 3374 cum
350 3330 546 3387 genitivo
559 3333 734 3386 iunctis,
750 3334 827 3375 sed
845 3336 1017 3377 nonnisi
1032 3335 1101 3387 iis,

240 3403 350 3446 quae
383 3391 426 3430 in
461 3403 484 3429 ο
517 3396 699 3432 exeunt:
732 3393 821 3434 vid.
857 3393 914 3434 VI
935 3396 989 3437 27
1025 3408 1102 3434 ecc-

242 3458 374 3491 tremo
405 3450 526 3499 anni,
558 3447 669 3491 1121
690 3464 784 3491 sero
818 3451 916 3502 diei,
949 3453 1006 3495 39
1026 3452 1102 3491 ob-

239 3522 364 3550 scuro
405 3508 512 3559 diei,
562 3506 636 3548 XII
677 3508 734 3551 69
777 3515 820 3549 et
863 3509 957 3550 XIV
991 3514 1018 3553 2
1062 3516 1104 3549 et

240 3567 291 3609 H.
324 3565 342 3607 I
372 3567 430 3610 62
460 3565 596 3608 medio
632 3567 729 3619 diei,
764 3567 813 3608 II.
848 3567 906 3609 lv
939 3568 996 3611 50
1028 3568 1104 3608 ob-

241 3640 364 3668 scuro
405 3625 546 3668 adhuc
593 3634 765 3683 coeptae
808 3625 943 3680 lucis,
993 3626 1047 3668 111
1079 3629 1104 3671 5

243 3687 475 3741 asperrimo
506 3685 683 3740 hiemis,
718 3684 812 3728 XIII
843 3686 900 3732 28
932 3692 976 3728 et
1006 3685 1105 3729 XIV

978 1961 1046 2002 13.
1096 1958 1222 2001 Titios
1253 1959 1426 2014 Lipsius
1460 1960 1802 2002 etVertranius:
1836 1959 1876 2001 M
1907 1960 2047 2003 tatios.

1179 2090 1235 2132 53
1280 2096 1323 2132 et
1366 2091 1417 2132 H.
1462 2090 1499 2133 II
1538 2092 1594 2134 53
1644 2091 1779 2132 medio
1825 2091 2047 2146 temporis,

1178 2148 1277 2191 XIV
1314 2151 1367 2193 10
1399 2151 1561 2205 reliquo
1593 2152 1744 2192 noctis.

1268 2208 1373 2263 Cap.
1407 2210 1478 2253 54.
1511 2217 1557 2251 ut
1589 2210 1800 2264 quondam
1829 2209 1938 2250 Titus
1968 2209 2052 2249 Ta-

1179 2270 1261 2312 tius
1279 2268 1489 2316 —Titios
1519 2270 1790 2310 instituerat:
1835 2267 2051 2323 quomodo

1178 2329 1367 2381 Tacitus,
1401 2331 1473 2384 qui
1518 2329 1669 2370 scribit
1700 2329 1750 2370 H.
1784 2327 1821 2368 ΙΙ
1855 2327 1911 2370 95
1945 2327 2055 2381 quod

1178 2387 1464 2431 sacerdotium
1478 2387 1792 2444 (Augustales)
1825 2393 1870 2428 ut
1890 2387 2054 2428 Romu„

1180 2448 1244 2490 lus
1282 2447 1398 2488 Tatio
1431 2448 1539 2504 re9i‚
1573 2448 1636 2488 ita
1663 2448 1828 2489 Caesar
1867 2445 2055 2487 Tiberius

1180 2506 1320 2549 Iuliae
1342 2507 1460 2562 yenti
1481 2507 1685 2558 sacravit,
1721 2511 1872 2560 aperte
1905 2518 2054 2546 secum

1179 2579 1377 2622 pugnare
1410 2566 1616 2620 potuerit,
1655 2566 1749 2607 eius
1783 2565 1847 2607 rei
1881 2577 2055 2606 causam

1180 2626 1282 2667 inde
1313 2625 1546 2680 petendam
1578 2626 1798 2678 existimo,
1832 2623 1948 2679 quod
1980 2622 2056 2665 Ti-

1179 2686 1337 2726 tiorum
1363 2686 1578 2741 originem
1610 2698 1665 2726 ex
1696 2684 1874 2725 nomine
1903 2683 2057 2724 decla-

1179 2757 1277 2786 rare
1318 2756 1367 2786 se
1415 2756 1545 2799 posse
1608 2743 1883 2797 opinabatur.
1968 2742 2056 2783 Eos

1182 2804 1298 2846 enim
1347 2817 1372 2845 a
1426 2805 1709 2858 praenomine
1762 2802 1894 2860 (Tito)
1947 2800 2057 2843 Tatii

1179 2864 1298 2919 regis
1323 2875 1482 2905 nomen
1507 2862 1685 2904 duxisse
1707 2861 1906 2903 credidit.
1955 2860 2057 2902 Titii

1183 2927 1328 2964 autem
1344 2935 1430 2963 non
1447 2922 1652 2964 videntur
1669 2921 1855 2963 instituti
1878 2933 1901 2961 a
1918 2919 2056 2974 Tatio,

1183 2981 1256 3036 qui
1292 2988 1358 3022 est
1390 2994 1578 3035 persona
1609 2981 1826 3035 mythica,
1872 2979 1949 3021 sed
1982 2993 2057 3022 sa-

1184 3040 1383 3082 cerdotes
1398 3053 1494 3083 esse
1506 3040 1714 3082 'fitiorum
1732 3053 1766 3082 s.
1781 3039 2055 3091 Titiensium,

1183 3099 1226 3140 h.
1241 3113 1280 3140 e.
1296 3099 1554 3141 Sabinorum
1569 3100 1732 3141 Romae
1752 3098 2057 3140 habitantium.

1181 3157 1228 3198 In
1261 3158 1349 3199 alia
1382 3159 1471 3199 abit
1496 3160 1631 3200 Varro
1665 3157 1718 3198 de
1752 3158 1798 3198 L.
1832 3157 1877 3197 L.
1916 3157 1950 3196 V
1976 3157 2056 3197 85:

1182 3216 1349 3258 sodales
1383 3217 1478 3258 Titii
1518 3218 1621 3258 dicti
1661 3216 1714 3256 ab
1752 3216 1868 3256 Titiis
1910 3215 2058 3255 avibus

1184 3289 1288 3330 quas
1328 3276 1375 3316 in
1415 3276 1607 3329 aitqua-iis
1660 3275 1787 3315 certis
1830 3274 2058 3314 observare

1184 3333 1333 3375 solent.
1381 3333 1511 3374 Tituli
1547 3339 1589 3374 et
1614 3332 1783 3386 lapides
1809 3338 2057 3374 constanter

1190 3393 1315 3434 Titios
1346 3392 1418 3433 vel
1458 3392 1658 3433 Titienses
1702 3391 1936 3444 praebent,
1971 3403 2057 3431 non

1190 3452 1354 3502 Tatios,·
1402 3450 1490 3491 vid.
1536 3450 1648 3504 apud
1682 3449 1893 3491 Orellium
1938 3463 2054 3491 num.

1186 3509 1270 3551 746
1286 3509 1426 3551 et890
1443 3515 1484 3550 et
1498 3509 1776 3560 2364-2366,
1795 3509 1907 3563 apud
1924 3510 2056 3550 Mari-

1190 3569 1306 3608 nium
1341 3568 1430 3609 Atti
1460 3582 1483 3609 e
1504 3569 1770 3609 monumenti
1797 3574 1826 3610 t.
1850 3568 1865 3608 1
1889 3582 1929 3621 p.
1959 3569 2054 3610 157.

1278 3627 1494 3669 discordia
1526 3643 1578 3670 ex
1615 3628 1848 3669 certamine
1880 3627 2057 3668 histrio-

1190 3699 1312 3729 num.-
1359 3686 1490 3743 paulo
1525 3688 1747 3744 copiosius
1790 3700 1880 3731 rem
1914 3691 2057 3729 narrat

2057 1289 2105 1324 10
