2280 4004
266 288 331 350 46
981 311 983 313 .
1035 288 1328 339 ANNAmVM
1835 307 1877 340 a.
1902 294 1953 340 ἱ.
1981 284 2089 342 σοι.
2152 257 2159 279 “

267 439 410 498 (nam
428 434 652 487 Antonia
687 449 751 486 ex
777 431 983 486 Paetina
1015 438 1168 506 erat),
1204 434 1331 488 nihil
1364 435 1418 489 in
1454 435 1719 504 penatibus
1756 436 1867 491 eius
1903 437 2091 490 nurum

269 526 572 591 disserebat,
611 527 655 578 si
683 529 825 578 sueta
857 525 1043 578 coniux
1078 526 1288 592 rediret,
1315 526 1700 595 haudquaquam
1731 529 2091 582 novercalibus
2132 555 2136 559 ⁴

268 618 400 669 odiis
433 617 607 669 visura
643 617 990 670 Britannicum
1028 623 1079 670 et
1115 618 1406 686 Octaviam,
1443 624 1674 687 proxima
1712 621 1818 675 suis
1853 621 2089 690 pignora.

265 708 502 762 Callistus
528 709 844 776 inprobatam
869 709 1027 778 longo
1054 710 1291 784 discidio,
1334 726 1394 764 ac
1423 713 1470 764 si
1493 728 1692 765 rursum
1719 710 2089 781 adsumeretur.

226 815 330 856 seo
368 801 480 868 ipso
521 801 816 868 superbam3
854 788 1109 870 longeque
1151 804 1341 856 rectius
1373 804 1582 858 Lolliam
1620 805 1827 871 induci,
1888 805 2089 873 quando

264 892 431 945 nullos
486 892 678 946 liberos
731 894 1024 962 genuisset,
1087 910 1302 947 vacuam
1359 895 1697 948 aemulatione
1745 895 1796 948 et
1840 897 2091 965 privignis

263 985 489 1052 parentis
535 985 652 1038 loco
713 986 945 1038 suturam.
1033 987 1101 1038 At
1133 986 1295 1039 Pallas
1346 987 1399 1039 id
1448 988 1665 1040 maxime
1719 988 1772 1039 in
1809 987 2090 1056 Agrippina

263 1075 504 1145 laudare,
560 1077 695 1144 quod
735 1078 1024 1131 Germanici
1077 1083 1312 1146 nepotem
1350 1094 1523 1132 secum
1571 1079 1825 1146 traheret,
1886 1080 2093 1148 dig-num

262 1181 474 1236 prorsus
504 1169 829 1236 imperatoria
864 1170 1083 1236 fortuna,
1120 1171 1328 1238 stirpem
1351 1171 1592 1236 nobilem,
1620 1175 1670 1223 et
1696 1160 1917 1224 familiae
1942 1165 2098 1223 Clau-'-

203 1261 383 1317 tediae
421 1277 551 1329 quae
590 1267 826 1329 posteros
865 1263 1231 1331 coniungeret,
1285 1278 1350 1315 ne
1398 1262 1585 1315 femina
1634 1260 1875 1330 expertae
1914 1262 2098 1316 secun·-

267 1352 467 1420 ditatis,
526 1353 727 1422 integra
780 1354 1014 1419 iuventa,
1088 1354 1440 1406 claritudinem
1500 1354 1775 1412 Caesarum
1835 1353 1985 1422 aliam
2043 1355 2098 1406 in

267 1442 469 1497 domum
495 1445 668 1497 ferret
736 1444 1074 1498 Praevaluere
1102 1444 1232 1498 haec
1261 1444 1431 1496 adiuta
1459 1444 1776 1512 Agrippinae
1800 1443 2148 1513 inlecebris,3

265 1548 396 1605 quae
433 1533 498 1588 ad
552 1551 664 1589 eum
703 1551 796 1603 per
842 1536 1064 1604 speciem
1116 1535 1551 1588 necessitudinis
1569 1536 1751 1588 crebro
1798 1536 2094 1594 ventitando

265 1629 454 1696 pellicit
485 1612 732 1697 patruum,
764 1633 819 1679 ut
843 1627 1071 1697 praelata
1106 1628 1309 1694 ceteriS‚
1353 1631 1403 1680 et
1438 1627 1661 1682 nondum
1695 1642 1841 1694 uxor,
1870 1608 2099 1696 potentin
2176 1651 2178 1653 ·

202 1735 250 1774 1⁵
265 1735 446 1775 uxoria
498 1721 599 1773 iam
653 1725 896 1773 uteretur.
992 1720 1117 1772 Nam
1165 1720 1253 1770 ubi
1305 1720 1383 1771 sui
1437 1719 1746 1771 matrimonii
1800 1724 1938 1772 certa
1988 1719 2096 1786 suit,

269 1818 467 1867 struere
506 1812 732 1878 maiora,
795 1811 1097 1878 nuptiasque
1133 1811 1365 1877 Domitii⁷
1417 1824 1564 1877 quern
1602 1827 1669 1866 ex
1706 1807 1880 1869 Gnaeo
1918 1789 2099 1867 Aeno-''-

267 1901 429 1956 barbo
469 1907 734 1971 genuerat,
775 1906 825 1954 et
861 1901 1107 1955 Octaviae
1146 1901 1382 1954 Caesaris
1419 1899 1554 1954 filiae
1578 1899 1776 1967 moliri3
1810 1899 1948 1969 quod
1985 1900 2098 1954 sine

267 1995 467 2049 scelere
503 1994 787 2062 perpetrari
825 2009 929 2046 non
967 1998 1184 2061 poterat,
1219 1994 1333 2061 quia
1355 1993 1512 2047 Lucio
1541 1992 1716 2047 Silano
1758 1990 2100 2096 desponderat

390 2171 430 2212 1.
461 2168 599 2212 nichil
627 2168 910 2226 impenalibus
944 2166 1026 2212 Ma.
1177 2170 1219 2214 2.
1255 2169 1412 2211 coniux
1442 2182 1493 2224 pr
1524 2165 1616 2212 Ma:
1656 2168 1846 2212 coniunx
1884 2160 1981 2213 cort·
2017 2156 2098 2219 Μα

269 2230 312 2272 3.
346 2230 493 2271 visura
524 2227 605 2282 Ma,
639 2241 727 2270 non
756 2243 932 2272 usuram
971 2231 1033 2282 in,
1065 2234 1113 2271 ut
1146 2227 1180 2271 G
1213 2234 1257 2271 et
1289 2228 1580 2271 Oxonienses.
1645 2235 1682 2271 et
1715 2240 1784 2272 om
1816 2226 1898 2272 Ma.
1929 2226 2103 2292 scilicet

271 2288 561 2331 britannicum
598 2295 663 2331 est
695 2290 739 2331 in
771 2291 961 2346 paginae
993 2289 1096 2332 fine.
1128 2301 1217 2330 non
1250 2287 1374 2331 deest
1408 2287 1455 2331 G.
1528 2287 1741 2330 octabium
1772 2285 1852 2340 ΜἏ.
1933 2284 1976 2332 4.
2011 2280 2102 2333 dit.-

270 2347 379 2390 sidio
410 2347 536 2391 BMa:
570 2349 847 2391 emendatum
878 2350 923 2390 in
941 2348 1033 2391 AR.
1431 2361 1519 2389 non
1551 2361 1716 2391 rursus.
1806 2348 1848 2391 5.
1883 2319 2100 2395 101⁸&de-

274 2408 345 2451 10.
379 2422 433 2449 ne
465 2406 546 2461 Ma,
582 2421 670 2450 non
702 2422 797 2460 nec,
829 2413 876 2449 ut
909 2410 954 2451 in
986 2409 1037 2451 R.
1131 2415 1309 2465 experta
1341 2405 1464 2450 GMa:
1496 2407 1772 2450 emendatum
1806 2407 1851 2454 in
1881 2407 1934 2460 A,
2028 2405 2099 2456 13..

271 2479 383 2522 quae
414 2479 484 2509 om
507 2465 597 2510 Ma:
630 2468 881 2523 suppletum
915 2474 982 2511 est
1013 2469 1059 2509 in
1092 2467 1204 2522 Spir.
1299 2468 1368 2510 14.
1393 2468 1617 2525 pumentia
1638 2465 1718 2510 Ma.
1814 2466 1886 2515 16.
1909 2466 1990 2514 Gn
2022 2459 2104 2517 8¹!-

273 2527 519 2569 henobarbo
552 2525 643 2570 Ma:
679 2527 909 2569 emendata
943 2528 1160 2582 scriptura
1193 2533 1259 2569 est
1291 2528 1335 2568 in
1370 2526 1417 2569 G.
1543 2526 1611 2569 18.
1647 2527 1697 2569 L.
1730 2524 1811 2569 Ma..

1124 2362 1296 2390 rursum
1317 2347 1398 2400 Ma,

276 2681 436 2727 levibus
469 2683 656 2739 offensis.
722 2682 847 2734 Quod
890 2684 1032 2725 statim
1075 2695 1150 2725 se-

277 2742 424 2798 quitur
454 2741 670 2797 familiam
702 2749 983 2795 communem3
1020 2742 1064 2784 id
1097 2741 1151 2783 de
1186 2766 1191 2771 ·

277 2813 366 2843 uno
400 2803 566 2856 capite,
598 2814 689 2844 rem
730 2802 933 2844 consulto
967 2814 1149 2858 augens,

278 2861 426 2903 dicere
459 2861 645 2903 libertus
677 2861 835 2905 voluit.
900 2861 1025 2914 Quod
1064 2873 1172 2902 non.

278 2920 537 2976 intelligens
558 2921 751 2962 Muretus
780 2922 918 2975 filiam
945 2921 1149 2962 coniecit.

367 2992 470 3022 nam
505 2980 699 3022 Antonia
730 2994 783 3021 ex
815 2981 998 3022 Paetina
1032 2987 1149 3021 erat:

282 3038 463 3083 Sueton.
499 3039 649 3082 Claud.
685 3040 755 3083 27.
819 3040 939 3081 Haec
959 3040 1151 3081 Antonia

280 3099 431 3141 iuncta
487 3099 762 3141 matrimonio
824 3104 916 3140 erat
967 3100 1152 3153 primum

283 3158 362 3201 Gn.
396 3158 621 3213 Pompeio,
654 3169 754 3200 mox
787 3156 948 3200 Fausto
978 3157 1150 3201 Sullae:

283 3219 403 3263 Suet.
439 3232 477 3260 c.
511 3218 583 3262 29.
615 3217 700 3259 Dio
733 3213 879 3261 Lx·‘5.

378 3278 552 3333 stirpem
605 3276 815 3330 nobilem,
874 3283 914 3319 et
957 3273 1153 3332 familiae

286 3336 496 3378 Claudiae
516 3349 623 3391 quae
634 3343 828 3392 posteros
852 3337 1154 3392 coniunqeret:

283 3397 413 3450 stirps
455 3395 570 3437 Nero
613 3402 701 3449 est,
750 3401 797 3437 ut
827 3395 845 3436 Ι
876 3395 933 3438 58
965 3394 1157 3437 Arminii

282 3469 395 3497 uxor
441 3455 579 3497 virilis
623 3469 749 3497 semus
789 3456 964 3510 stirpem
1011 3453 1155 3506 edidit,

284 3514 340 3555 111
361 3514 418 3558 29
444 3507 693 3555 Germanici
723 3514 896 3582 stirpem
914 3512 1155 3568 (Neronem

287 3573 532 3614 Germanici
591 3572 752 3628 filium)
812 3574 901 3613 iam
955 3572 1158 3628 puberem

285 3631 545 3685 aspiciebat,
591 3631 670 3672 ΧΠ
721 3631 779 3673 52
827 3631 938 3685 quod
985 3633 1159 3687 stirpem

285 3688 479 3733 hostilem
514 3662 675 3747 (filium
697 3688 836 3733 hostis
857 3690 1156 3748 Sciiboniani)

2001 2678 2105 2724 Bra·-

1234 2742 1481 2793 tannicnm‚
1525 2754 1675 2782 veram
1716 2739 1970 2795 diqnamque
1999 2740 2106 2782 seir-

1231 2815 1343 2857 pem.
1407 2799 1594 2855 Reliqua
1648 2799 1845 2855 familiae
1892 2796 2106 2841 Claudite

1235 2873 1344 2914 quae
1359 2867 1554 2916 posteros
1571 2859 1848 2915 coniungeret
1857 2859 2107 2914 «impiclun't

1236 2919 1430 2961 futurum
1478 2919 1799 2960 matrimonium
1830 2917 2019 2961 Neronis
2063 2923 2107 2960 et

1238 2979 1448 3020 Octaviae
1507 2977 1690 3020 Claudio
1743 2979 1955 3034 genitae·
2008 2987 2107 3020 nam

1241 3038 1449 3079 Claudiae
1472 3037 1667 3079 familiae
1690 3039 1854 3091 posteri
1876 3042 1976 3079 sunt
1993 3036 2108 3078 Nero

1238 3103 1282 3138 et
1315 3097 1511 3139 Octavia.
1578 3096 1723 3138 Verba
1761 3110 1869 3151 quae
1909 3121 1966 3129 --
1998 3093 2107 3138 etm-

1236 3157 1432 3212 iunqeret
1473 3155 1588 3198 idem
1640 3155 1791 3197 valent
1830 3154 1950 3214 qnod
1979 3154 2110 3197 &aiem

1238 3230 1328 3257 esse
1360 3215 1434 3258 vel
1466 3228 1561 3256 eam
1592 3228 1699 3269 quae
1730 3238 1787 3248 --
1810 3215 2106 3270 eoniimyeret.

1240 3275 1361 3327 Quae
1412 3279 1676 3330 sequuntur,
1725 3286 1784 3316 ne
1836 3275 2000 3331 femina
2052 3296 2109 3306 ——

1239 3337 1398 3390 ferret,
1442 3334 1706 3375 contrarium
1748 3340 1977 3387 eventum,
2023 3335 2108 3388 'quio

1241 3393 1436 3435 familiae
1455 3393 1575 3434 illius
1595 3393 1758 3447 posteri
1782 3393 2108 3449 disperguntur,

1242 3452 1477 3494 ostendunt
1527 3453 1678 3509 (domic
1723 3453 1820 3493 eine
1867 3452 1994 3494 stau*
2027 3451 2110 3491 w'n

1244 3512 1466 3613 erpropter
1479 3510 1821 3612 Ρέἒιιῑήἱὸανὴέἰε,
1849 3507 2110 3610 uzeda-sez-

1243 3579 1308 3614 ter
1390 3586 1418 3612 u
1449 3585 1501 3612 en
1587 3576 1620 3612 “t
1650 3584 1673 3611 e
1767 3581 1820 3610 en
2088 3580 2112 3608 r

1245 3585 1466 3672 Caesar-gn
1517 3631 1564 3670 in
1610 3629 1708 3670 kein
1763 3627 1946 3669 andans
1993 3624 2112 3668 Hans

1241 3704 1292 3732 zu
1341 3690 1522 3744 brinqen
1560 3686 1782 3748 brancho),
1846 3684 2113 3729 Coniectura

1233 2683 1387 2723 iterum
1418 2687 1707 2724 conservaret.
1759 2679 1858 2722 xm
1888 2678 1969 2723 14:
