2222 4022
1037 271 1187 319 cmm
1212 274 1290 318 v35.
1891 267 2022 315 mx

341 417 508 471 {osiae
532 418 750 471 merceri
782 417 849 469 ad
875 418 1025 469 Com.
1054 417 1278 469 Tacitum
1307 416 1561 468 auctiores
1595 420 1762 468 notae.
1817 416 2022 468 Parisiis

207 509 358 563 1598.
420 511 470 562 8.
544 510 680 561 Idem
720 511 773 559 in
810 509 1032 561 Tacitum
1071 514 1218 560 notas
1259 514 1374 560 ante
1414 507 1644 559 ediderat
1681 516 1727 560 a.
1770 507 1919 560 1559.

336 600 597 652 Francisci
645 599 805 652 Modii
859 601 1209 668 Novantiquae
1263 600 1541 665 lectiones⁹
1589 613 1720 665 epus
1769 600 2021 666 criticum,

198 691 251 743 in
289 690 530 757 epistolas
564 695 765 742 centum
805 691 1138 743 distributum.
1211 691 1447 743 Francos.
1493 689 1640 743 1584.
1696 690 1748 743 8.

337 797 401 849 Μ.
439 796 648 848 Antonii
672 797 851 848 Mureti
886 797 939 848 in
962 798 1122 849 Taciti
1141 798 1367 850 Annales
1396 797 1811 850 Commentarius.
1872 796 2025 850 Eius-

198 885 312 938 dem
347 887 511 939 Notae
561 887 617 937 tn
657 887 896 940 Tacitum.
969 889 1191 941 Muretus
1227 884 1399 940 Tacito
1454 889 1777 941 emendando
1828 893 1876 940 et
1931 904 2025 940 ex-

195 977 432 1044 plicando
487 978 746 1046 ingenium
816 983 867 1030 et
930 980 1197 1032 doctrinae
1271 981 1471 1047 copiam
1543 980 1787 1033 adhibere
1859 980 2026 1047 coepit

197 1068 451 1135 a..1580,
506 1083 605 1136 quo
641 1074 794 1121 notae
834 1071 943 1122 eius
976 1072 1029 1122 in
1065 1072 1246 1123 librum
1276 1072 1490 1137 primum
1528 1069 1799 1123 Annalium
1834 1073 2025 1124 Romae

197 1159 364 1211 editae
416 1165 546 1212 sunt.
620 1161 741 1212 Eius
780 1154 1186 1214 Commentarius
1237 1167 1423 1214 ‘tractat
1471 1163 1668 1229 priores
1721 1174 1814 1215 sex
1847 1162 2024 1213 Anna-

194 1251 316 1302 lium
351 1251 538 1317 libr0s3
578 1256 780 1304 ceterae
809 1258 961 1304 notae
999 1254 1179 1320 partim
1212 1257 1265 1304 in
1284 1252 1450 1306 Variis
1472 1253 1798 1307 Lectionibus
1834 1267 2027 1320 propo-—

195 1344 324 1395 sitae
359 1348 500 1409 sunt,
561 1344 742 1411 partim
778 1345 843 1396 ab
875 1343 1111 1396 Acidalio
1154 1360 1218 1397 ex
1249 1345 1430 1397 Mureti
1468 1345 1699 1412 exemplo
1739 1345 2025 1412 descriptae

200 1436 261 1487 et
291 1435 399 1487 suis
436 1436 677 1488 insertae.
770 1436 884 1488 vid.
923 1437 988 1488 M.
1024 1437 1235 1488 Anto-nii
1270 1437 1451 1489 Mureti
1485 1450 1640 1504 opera
1672 1438 1869 1501 omnia,
1914 1453 2025 1488 cum

194 1526 340 1579 brevi
380 1527 707 1579 annotatione
746 1527 955 1579 Davidis
994 1528 1298 1593 Ruhnkenii‚
1337 1533 1457 1580 tom.
1501 1530 1565 1581 IV
1604 1544 1650 1594 p.
1697 1529 1915 1581 1-170,

331 1630 383 1684 F.
420 1629 589 1698 Neue,
652 1630 1077 1685 Observationum
1141 1635 1194 1685 in
1242 1632 1466 1686 Tacitum
1526 1643 1664 1701 spec.
1705 1629 1741 1686 1.
1844 1632 2021 1701 Progr.

192 1722 401 1789 Dorpati
441 1719 588 1775 1836.
644 1719 749 1775 1²01.
1140 1737 1154 1772 ·,

335 1810 390 1864 Β.
434 1812 489 1865 G.
527 1813 769 1880 Niebuhr,
807 1814 937 1866 iiber
976 1814 1074 1867 den
1113 1813 1451 1868 Unterschied
1492 1814 1751 1867 zwischen
1790 1814 2025 1866 Annalen

191 1903 294 1955 und
324 1903 564 1956 Histoi-ie.
638 1907 774 1958 Inest
811 1908 1167 1958 commentatio
1200 1921 1375 1959 museo
1398 1904 1645 1960 Rhenano
1686 1920 1777 1975 per
1797 1906 2026 1960 Niebuh-

194 1996 321 2046 rium
358 2000 408 2047 et
442 1996 615 2048 socios
655 1997 792 2048 edito
828 2002 862 2048 t.
902 1998 945 2049 II
978 2014 1025 2064 p.
1067 1998 1168 2050 293
1207 2013 1316 2064 sqq.

340 2097 386 2150 J.
411 2094 708 2166 Noggerath
734 2076 792 2150 vu.
831 2100 964 2151 Nees
1003 2115 1105 2151 von
1136 2100 1420 2167 Esenbeck,
1461 2095 1607 2154 Giebt
1633 2100 1834 2154 Tacitus
1874 2103 2025 2155 einen

192 2186 369 2238 histor.
406 2189 605 2241 Beweis
642 2204 744 2241 von
779 2189 1146 2242 vulkanischen
1179 2193 1491 2260 Eruptionen
1528 2209 1607 2244 am
1647 2191 2024 2246 Niederrhein?

193 2276 916 2345 Antiquar.-naturhistorisch
951 2283 1264 2335 untersucht.
1338 2283 1484 2334 Bonn
1525 2280 1674 2336 1824.
1734 2284 1783 2336 8.

332 2382 614 2450 ObbariUS,
693 2385 1093 2439 Observationes
1132 2388 1700 2454 *polemico-irenicae
1755 2390 1808 2440 in
1864 2391 2023 2443 Taciti

187 2471 371 2525 Annal.
409 2474 501 2526 XV
537 2471 609 2526 44
659 2471 806 2543 ‘ergo
844 2476 1098 2529 abolendo
1134 2479 1327 2530 rumori
1362 2508 1430 2518 --
1451 2478 1749 2531 urerentur?
1839 2481 2019 2548 Progr.

187 2561 482 2616 Rudolstad.
530 2557 679 2617 1845.
751 2563 802 2617 4.

323 2667 376 2719 F.
414 2667 810 2739 Oelschlaeger,
868 2672 1243 2726 Adnotationes
1284 2673 1494 2728 criticae
1541 2675 1593 2727 in
1631 2677 1686 2729 C.
1727 2676 1878 2730 Corn.
1920 2679 2021 2732 Ta-

190 2756 356 2808 citum.
411 2758 588 2828 Progr.
662 2761 938 2815 Svinefurti
980 2762 1129 2816 1844.
1196 2765 1247 2817 4.

329 2863 471 2929 ouo,
526 2865 927 2920 Observationes
979 2869 1190 2922 criticae
1237 2870 1289 2922 in
1336 2871 1610 2925 nonnullos
1645 2874 1805 2926 Taciti
1847 2875 2010 2942 locoS,

190 2952 401 3004 annexis
455 2955 630 3019 paucis
682 2957 835 3009 rebus
886 2958 1148 3012 historicis
1197 2977 1227 3013 e
1266 2960 1451 3014 ‘medio
1506 2979 1634 3016 aevo
1685 2965 2013 3033 depromptis.

189 3040 399 3094 Giessae
441 3043 588 3098 1843.
661 3045 711 3098 4.

332 3145 499 3213 Patet,
537 3149 764 3219 Eciogae
802 3153 1076 3220 Tacitinae,
1119 3157 1419 3223 gesammelt
1455 3158 1558 3211 und
1595 3173 1708 3211 zum
1748 3159 2016 3213 Gebrauch

190 3235 283 3286 der
315 3237 533 3290 Schulen
554 3280 568 3304 ‚
625 3244 924 3310 vorziiglich
962 3261 1074 3297 zum
1110 3247 1496 3300 Privatstudium
1536 3250 1695 3302 durch
1728 3257 2011 3318 grammat„

185 3324 299 3376 krit.
338 3326 439 3377 und
478 3329 632 3379 sachi.
674 3331 1090 3401 Anmerkungen,
1131 3335 1289 3387 durch
1329 3339 1481 3389 einen
1519 3337 1741 3404 Sprach-
1778 3357 1824 3391 u.
1850 3340 2013 3394 Sach-

185 3416 343 3468 Index
379 3417 617 3470 erlautert
651 3436 753 3471 von
789 3423 876 3474 Th.
915 3425 963 3475 P.
1037 3427 1262 3493 Leipzig.
1310 3429 1458 3480 1831.
1516 3429 1564 3481 8.

324 3508 547 3561 Gnomae
597 3524 690 3561 seu
744 3514 997 3565 axiomata
1055 3516 1260 3581 politica
1310 3532 1339 3569 e
1381 3518 1537 3570 Taciti
1578 3521 1860 3575 Annalibus
1914 3540 2008 3577 ex-

184 3600 384 3664 cerptas
424 3600 853 3673 anctoregcnrolo
891 3603 1170 3658 Paschalio.
1242 3606 1451 3662 Parisiis
1494 3607 1640 3664 1600.
1722 3613 1802 3664 12.
