2280 4004
223 309 254 363 ι’
281 314 328 362 G.
362 318 440 362 2³0,
455 318 467 347 ἵ

815 313 978 359 LIBER
1008 311 1080 358 111.
1148 303 1264 357 Gn.
1286 312 1419 356 6-9.

1958 301 2043 356 121

221 464 384 512 morte
417 459 671 512 Brundisii
717 458 1013 522 extinctam,
1077 469 1429 523 venenumque
1476 454 1613 507 nodo
1670 447 1881 506 crinium
1936 454 2044 507 eius

225 553 558 617 occultatum,
617 566 714 603 nec
749 551 849 602 ulla
886 550 939 601 in
977 564 1193 616 corpore
1244 549 1390 616 signa
1430 548 1610 614 sumpti
1649 547 1789 600 exitii
1824 551 2043 613 reperta.

172 645 291 697 sAt
314 645 430 695 Piso
454 643 736 710 praemisso
775 643 826 692 in
860 643 1039 693 urbem
1074 641 1195 706 filio,
1239 641 1470 707 datisque
1506 639 1756 691 mandatis
1790 654 1883 705 per
1917 654 2046 704 quae

223 735 499 802 principem
553 734 799 798 molliret,
871 733 935 784 ad
972 734 1188 784 Drusum
1244 732 1437 800 pergit3
1495 745 1640 798 quem
1689 730 1823 782 haud
1875 729 2044 782 fratris

223 826 426 878 interitu
462 829 652 876 trucem
684 838 830 890 quam
867 829 1064 875 remoto
1100 822 1295 874 aemulo
1334 824 1625 889 aequiorem
1661 821 1758 874 sibi
1793 821 2084 888 sperabat.⁵

223 917 452 969 Tiberius
488 930 586 982 quo
624 915 877 982 integrum
914 914 1153 965 iudicium
1197 919 1489 978 ostentaret,
1533 917 1796 980 exceptum
1836 913 2047 967 comiter

223 1010 465 1076 iuvenem,
489 1013 631 1059 sueta
658 1021 780 1074 erga
818 1007 949 1057 filios
978 1006 1277 1056 familiarum
1312 1006 1510 1057 nobiles
1548 1005 1848 1057 liberalitate
1877 1011 2044 1073 auget.

222 1101 413 1151 Drusus
451 1097 638 1161 Pisoni,
679 1097 722 1148 si
759 1111 881 1147 vera
919 1096 1087 1148 forent
1126 1112 1254 1162 quae
1287 1097 1593 1160 iacerentur,
1632 1096 1957 1162 praecipuum
1994 1096 2047 1150 in.

223 1189 404 1241 dolore
441 1203 584 1240 suum
629 1187 796 1238 locum
835 1187 1123 1252 respondit:
1170 1187 1260 1238 sed
1300 1186 1450 1238 malle
1488 1187 1615 1239 falsa
1654 1191 1704 1238 et
1740 1187 1910 1237 inania
1949 1201 2046 1238 nec

221 1281 452 1347 cuiqnam
488 1283 701 1330 mortem
748 1278 1037 1330 Germanici
1088 1279 1353 1329 exitiosam
1401 1293 1532 1329 esse.

1608 1278 1747 1331 Haec
1798 1277 1960 1343 palam
2000 1283 2047 1330 et
2067 1275 2113 1322 Ιὸ

218 1374 375 1424 vitato
426 1372 562 1423 omni
612 1359 837 1434 secret03
905 1385 1071 1436 neque
1131 1370 1487 1420 dubitabantur
1539 1369 1856 1435 praescripta
1921 1369 1966 1420 ei
2020 1384 2048 1419 a

152 1520 158 1526 ,
220 1464 440 1528 Tiberi-0,
483 1478 594 1515 cum
618 1462 887 1513 incallidus
914 1462 1102 1528 alioqui
1138 1467 1186 1513 et
1213 1461 1378 1512 facilis
1410 1461 1620 1512 iuventa
1658 1460 1904 1512 senilibus
1945 1466 2045 1511 tum

166 1556 412 1607 9artibus
447 1559 688 1606 uteretur.
762 1553 905 1618 Piso,
967 1553 1254 1604 Delmatico
1301 1553 1427 1604 mari
1467 1552 1703 1604 tramisso
1755 1552 2049 1619 relictisque

221 1646 352 1713 apud
381 1646 645 1697 Anconam
680 1645 912 1710 navibus,
948 1660 1041 1712 per
1075 1645 1311 1696 Picenum
1351 1660 1411 1695 ac
1441 1658 1560 1695 mox
1584 1643 1878 1696 Flaminiam
1916 1644 2051 1696 viam

220 1737 515 1804 adsequitur
547 1737 804 1804 legionem
835 1751 963 1803 quae
989 1753 1017 1787 e
1038 1736 1295 1787 Pannonia
1332 1735 1384 1785 in
1405 1737 1600 1800 urbem,
1641 1735 1760 1786 dein
1788 1735 2046 1801 praesidio
2069 1734 2116 1787 ιδ

219 1826 428 1880 Africae
462 1824 768 1879 ducebatur:
810 1842 971 1893 eaque
998 1841 1080 1878 res
1110 1827 1298 1894 agitata
1335 1826 1641 1891 rumoribus,
1675 1831 1729 1876 ut
1764 1826 1816 1876 in
1849 1827 2050 1894 agmine

221 1924 369 1986 atque
416 1919 601 1972 itinere
639 1919 821 1972 crebro
882 1934 940 1969 se
978 1917 1220 1973 militibus
1274 1919 1648 1970 ostentavisset.

1724 1917 1805 1968 Ab
1841 1918 2048 1983 Narnia,

220 2010 457 2062 vitandae
493 2010 818 2075 suspicionis,
860 2025 924 2061 an
960 2009 1076 2075 quia
1111 2009 1311 2074 pavidis
1345 2008 1559 2060 consilia
1599 2009 1650 2058 in
1681 2008 1876 2060 incerto
1916 2014 2046 2074 sunt,

220 2100 353 2152 Nare
391 2115 452 2151 ac
484 2115 603 2151 mox
635 2099 803 2150 Tiberi
843 2099 1114 2163 devectUS,
1171 2100 1309 2150 auxit
1345 2099 1485 2166 vulgi
1525 2100 1662 2163 iras,
1707 2100 1822 2165 quia
1866 2115 2045 2151 navem

222 2189 410 2240 tumulo
446 2189 717 2242 Caesarum
757 2190 1046 2256 adpulerat3
1085 2190 1268 2256 dieque
1306 2195 1354 2242 et
1394 2191 1504 2256 ripa
1543 2191 1819 2257 frequenti,
1864 2200 2114 2259 magneio

223 2280 475 2331 clientium
516 2282 717 2348 agmine
753 2281 881 2353 ipse,
919 2281 1217 2333 seminarum
1257 2282 1496 2332 comitatu
1531 2282 1786 2346 Plancina,
1833 2287 1881 2334 et
1912 2283 2050 2335 vultu

343 2434 380 2477 1.
413 2433 635 2478 Brundisii
657 2434 696 2476 Μ
717 2435 824 2491 (non
853 2434 1054 2479 Rhenani
1073 2434 1343 2492 Brundusii).

830 2495 895 2538 13.
930 2493 1176 2539 Dalmatico
1207 2494 1462 2541 Beroaldus,
1530 2495 1599 2540 14.
1633 2503 1735 2555 aput
1766 2497 1819 2542 M.

225 2491 291 2534 11.
327 2494 367 2537 ei
396 2492 594 2548 Lipsius:
631 2493 667 2535 Μ
702 2501 753 2536 et.

221 2637 415 2689 mutatio,
431 2649 558 2692 quam
571 2650 700 2698 supra
711 2637 748 2678 11
761 2638 818 2682 59
829 2641 1089 2681 notavimus.

220 2694 397 2737 Scilicet
439 2696 560 2747 linis,
608 2697 653 2737 in
697 2709 824 2753 quem
870 2698 1092 2740 hominum

219 2755 349 2796 animi
397 2757 552 2796 attenti
613 2757 710 2798 sive
759 2759 895 2799 erecti
954 2764 1091 2809 erant,

220 2819 431 2868 tamquam
458 2826 586 2855 causa
608 2815 840 2871 cogitatur,
858 2829 933 2858 cur
957 2818 1092 2859 erecti

219 2877 392 2924 essent3
436 2878 479 2914 et
520 2885 680 2915 causae
709 2874 972 2930 significatio
1019 2875 1092 2917 hic

220 2936 266 2970 ut
298 2929 333 2970 11
364 2930 422 2972 59
452 2932 650 2986 genitivo
699 2935 962 2975 continetur.
1025 2934 1092 2976 Ad

220 2986 396 3042 ellipsin
450 2988 565 3031 haud
617 2992 957 3048 confugiendum
1008 2999 1090 3036 est.

219 3045 338 3088 Finis
387 3049 509 3089 notio
551 3060 759 3104 expressa
813 3058 880 3094 est
919 3052 1090 3095 adiecto

219 3105 447 3160 participio
489 3108 536 3148 in
576 3109 684 3152 udus
724 3110 983 3164 desinente,
1036 3125 1087 3154 ac

218 3169 449 3219 prepterea
491 3166 602 3209 haec
644 3170 923 3212 construendi
955 3173 1086 3213 venia

219 3223 313 3264 siue
346 3223 426 3264 itte
455 3227 690 3281 participio
719 3229 887 3271 admitti
918 3232 1085 3286 nequit.

220 3278 347 3322 Cous.
379 3280 435 3322 111
465 3282 496 3324 9
526 3288 569 3325 et
600 3284 654 3327 27
689 3292 732 3335 et
763 3290 842 3340 41,
888 3289 982 3331 xm
1018 3291 1084 3332 11.

304 3337 409 3394 cap.
454 3339 499 3382 8.
561 3345 723 3395 nucea·
761 3358 885 3400 quan
927 3355 1088 3390 remoto

219 3397 383 3439 aemulo
415 3399 685 3453 aequiorem.-
731 3404 788 3446 ci'.
831 3405 884 3447 ad
914 3405 1011 3448 Xlss
1043 3407 1086 3448 6.

304 3456 596 3512 san-iliarum.-
646 3461 866 3517 vulgatam
907 3464 1086 3506 formam

215 3514 406 3570 familias
425 3522 468 3557 et
490 3525 710 3561 recentem
742 3521 938 3575 familiae
969 3525 1087 3564 iuxta

217 3573 456 3617 declinavit
502 3582 547 3618 et
587 3576 670 3620 hoc
718 3578 816 3621 loco
869 3586 913 3621 et
955 3579 971 3621 1
1013 3582 1086 3633 26,

218 3631 277 3674 xi
319 3635 398 3687 13,
446 3637 648 3693 exemplo
690 3639 884 3683 Sallustii
930 3638 1083 3696 (Catil.

1410 2435 1449 2478 7.
1485 2436 1773 2494 familiarium
1790 2436 2047 2481 Beroaldus.

1178 2640 1292 2694 apud
1341 2641 1596 2683 Suetonium
1643 2642 1757 2698 Aug.
1799 2642 1855 2685 59
1909 2643 2051 2698 (conf.

1176 2700 1362 2755 Reisigii
1396 2700 1449 2742 de
1473 2713 1651 2756 gramm.
1679 2700 1819 2743 Latin.
1842 2702 2051 2755 praelect.

1177 2761 1222 2810 ς.
1244 2759 1305 2801 88
1337 2772 1377 2800 n.
1400 2760 1523 2816 141),
1551 2759 1629 2802 sed
1653 2758 1807 2802 Cicero
1827 2773 2051 2804 numerum

1176 2817 1468 2859 multitudinis
1499 2831 1587 2860 non
1619 2819 1813 2871 admisit,
1860 2821 1944 2862 nisi
1978 2822 2052 2864 ubi

1176 2877 1314 2918 vitare
1347 2890 1434 2918 non
1466 2884 1666 2932 poterat,
1701 2879 1838 2921 veluti
1873 2880 1926 2922 ad
1957 2880 2046 2922 Att.

1184 2935 1260 2976 Vll
1310 2937 1378 2979 14:
1434 2936 1698 2992 yladiatores
1743 2939 1946 2981 Caesaris
1978 2942 2050 2995 qui

1178 2994 1353 3050 Capuae
1384 3003 1483 3037 sunt
1507 3022 1562 3029 —
1591 2999 1805 3040 commode
1831 2997 2050 3055 Pompeius

1176 3054 1416 3108 distribuit,
1465 3056 1583 3098 binos
1628 3058 1807 3113 sinyulis
1854 3059 2049 3113 patribus

1171 3113 1452 3169 familiarum.

1287 3171 1394 3227 Cap.
1436 3173 1476 3216 9.
1554 3179 1600 3214 ut
1648 3198 1702 3205 ·-—
1753 3189 1796 3216 se
1848 3174 2049 3217 militibus

1173 3233 1495 3273 ostentavisset:
1550 3232 1765 3286 particula
1814 3239 1859 3274 ut
1918 3232 1959 3275 h.
2016 3234 2045 3276 l.

1174 3290 1459 3347 explicationi
1498 3291 1650 3341 servit,
1685 3290 2047 3346 quemadmodum

1173 3348 1223 3390 H.
1257 3348 1275 3391 l
1310 3348 1366 3391 79
1395 3349 1550 3389 utin-um
1584 3349 1712 3401 dictu,
1752 3357 1797 3391 ut
1828 3351 1881 3390 sit
1913 3353 2047 3393 omnis

1172 3408 1475 3448 Sarmatarum
1494 3408 1627 3448 virtus
1642 3407 1753 3450 velut
1774 3416 1898 3451 eat-{ra
1918 3410 2043 3466 ipsos.

1174 3464 1299 3507 Conr.
1335 3465 1387 3507 ad
1419 3466 1480 3507 lv
1510 3466 1583 3509 38.

1260 3525 1407 3579 dieque
1449 3532 1491 3566 ee
1519 3525 1620 3581 ripa
1656 3527 1873 3580 frequenti
1884 3541 1898 3568 :
1941 3541 2043 3583 par..

1173 3582 1399 3624 ticularum
1433 3585 1543 3625 ratio
1576 3584 1749 3626 videtui·
1780 3586 1963 3629 suadere
1996 3594 2043 3629 ut

1170 3642 1237 3684 die
1259 3642 1459 3686 absolute
1487 3644 1675 3700 positum
1699 3646 1964 3703 accipiamus
1997 3654 2042 3691 et

219 3689 338 3736 430⁸
353 3693 450 3753 51),
493 3694 642 3741 Mes
658 3698 927 3757 miliarum
952 3701 1082 3744 etiam
1159 3704 1266 3760 <ripa
1294 3705 1510 3762 frequenti
1551 3702 1859 3760 explicationis
1898 3708 2043 3766 'gratia
