2280 4004
212 318 245 360 α’
273 318 321 362 G.
356 319 428 363 63.
772 321 936 364 LIBER
966 321 1060 364 XV.
1129 321 1233 364 CAr.
1267 320 1459 366 26-29.
1946 324 2036 365 265

209 459 380 512 hostili
407 458 540 512 'odio
578 460 880 512 Corbulonis
921 475 1106 513 nomen
1144 462 1291 512 etiam
1332 462 1566 514 barbaris
1602 462 1907 529 habebatur,
1946 479 2040 516 eo-

210 565 307 618 que
343 550 611 602 ¹consilium
660 551 767 602 eius
790 551 940 602 fidum
974 552 1265 603 credebant.
1339 547 1477 619 Ergo
1534 553 1820 620 Vologeses
1875 569 2040 620 neque

211 645 357 693 atrox
390 642 441 692 in
480 657 748 706 summam,
806 647 855 694 et
907 643 1204 709 quibusdam
1251 644 1584 709 praefecturis
1633 644 1850 695 indutias
1898 646 2034 711 petit.

209 731 457 783 Tiridates
512 733 677 783 locum
732 732 965 799 diemque
1018 734 1272 799 colloquio
1320 735 1499 800 poscit.
1574 735 1785 801 Tempus
1831 736 2042 802 propin-

218 836 384 888 quum,
421 823 583 887 loeus,
622 824 674 873 in
715 839 813 890 quo
849 840 1009 891 nuper
1036 825 1279 876 obsessae
1306 841 1416 875 cum
1437 826 1587 875 Paeto
1618 825 1851 893 legiones
1878 832 2074 892 erant,5

212 913 446 965 barbaris
487 914 713 966 delectus
753 920 830 966 est
869 916 933 966 ob
971 916 1263 967 memoriam
1298 915 1527 967 laetioris
1567 917 1664 967 sibi
1701 918 1802 982 rei,
1842 917 2042 969 Corbu-

210 1004 470 1056 loni‘non
505 1006 718 1071 vitatus,
774 1012 827 1056 ut
865 1007 1220 1058 dissimilitudo
1260 1007 1493 1058 fortunae
1546 1007 1761 1074 gloriam
1810 1014 2035 1079 augeret.

210 1097 385 1162 Neque
419 1096 624 1147 infamia
660 1097 795 1148 Paeti
834 1098 1140 1165 angebatur3
1178 1098 1311 1164 quod
1352 1113 1413 1149 eo
1452 1099 1668 1149 maxime
1703 1099 1875 1164 patuit,
1923 1100 2039 1165 quia

210 1185 312 1236 filio
357 1186 466 1236 eius
517 1187 719 1237 tribuno
772 1187 961 1239 ducere
1009 1188 1290 1253 manipulos
1344 1194 1492 1253 atque
1546 1189 1747 1254 operire
1799 1189 2040 1255 reliquias

211 1277 392 1328 malae
413 1278 614 1344 pugnae
650 1277 930 1344 imperavit.
1003 1278 1096 1329 Die
1131 1283 1277 1344 pacta
1312 1278 1541 1330 Tiberius
1579 1279 1901 1345 Alexander,
1960 1281 2040 1331 in-
2070 1303 2116 1337 ω

211 1367 384 1419 lustris
422 1383 577 1434 eques
615 1369 888 1433 RomanuS,
930 1370 1159 1420 minister
1195 1369 1330 1420 bello
1375 1369 1536 1434 datUS,
1577 1376 1626 1421 et
1661 1371 1903 1422 Vinianus
1932 1373 2044 1422 An-

212 1459 344 1524 nius,
382 1474 544 1526 gener
578 1459 906 1524 CorbuloniS,
946 1460 1170 1511 nondum
1208 1461 1465 1512 senatoria
1507 1466 1670 1512 aetate
1709 1462 1800 1513 sed
1837 1477 1928 1528 pro
1964 1463 2044 1513 le·-

215 1555 336 1618 gato
389 1551 592 1617 quintae
640 1550 833 1619 legioni
885 1551 1176 1617 impositUS,
1230 1552 1283 1601 in
1343 1557 1507 1603 castra
1559 1553 1795 1604 Tiridatis
1831 1569 2039 1617 venere,

213 1641 397 1692 honori
449 1641 587 1706 eius,
644 1657 704 1692 ac
758 1657 823 1693 ne
872 1646 1117 1694 metueret
1162 1643 1373 1694 insidias
1425 1643 1510 1693 tali
1561 1643 1790 1710 pignore.
1864 1643 2044 1694 Vieeni

217 1733 404 1784 dehinc
445 1733 639 1799 equites
692 1733 956 1799 adsumpti.

217 1823 442 1887 desiluit3
503 1839 601 1874 nec
639 1829 899 1876 cunctatus
941 1824 1189 1888 Corbu10,
1235 1825 1326 1876 sed
1365 1813 1519 1890 pedes
1559 1829 1771 1892 uterque
1810 1825 2046 1876 dexteras

130 1915 201 1964 29
216 1915 481 1966 miscuere.
542 1915 670 1965 Exin
694 1916 949 1967 Romanus
985 1916 1157 1966 laudat
1193 1916 1426 1966 iuvenem
1456 1915 1657 1966 omissis
1686 1915 2047 1980 praecipitibus

213 2009 313 2056 tuta
355 2009 404 2055 et
438 2004 678 2055 salutaria
715 2010 1080 2072 capessentem.
1148 2004 1235 2056 llle
1274 2006 1338 2056 de
1377 2005 1638 2056 nobilitate
1678 2005 1881 2073 generis
1919 2005 2050 2059 mul-

213 2101 314 2146 tum
372 2096 656 2161 praefatuS,
713 2101 883 2147 cetera
933 2101 1272 2162 temperanter
1322 2097 1577 2163 adiungit:
1638 2078 1829 2147 iturum·
1869 2096 2049 2162 quippe

332 2252 373 2292 2.
407 2249 609 2302 consilio,
643 2249 823 2291 ultimae
856 2249 939 2291 litt.
979 2262 1196 2304 superscr.
1230 2252 1272 2302 ἅ,
1306 2248 1388 2292 Ma.
1524 2250 1654 2303 siclum
1687 2264 1759 2291 erc
1792 2251 1859 2305 (in
1891 2263 2046 2292 versus

217 2308 327 2365 fine)
361 2309 593 2350 credebant
624 2307 703 2350 Ma.
787 2309 829 2351 6.
865 2323 958 2350 cum
991 2309 1188 2350 barbaris
1224 2308 1315 2350 Ma:
1352 2323 1445 2350 cum
1475 2311 1663 2363 expunxi
1698 2309 1908 2351 suadente
1927 2309 2049 2352 Doe-

217 2367 421 2410 derlinio.
525 2367 568 2410 6.
602 2375 663 2408 est
683 2366 775 2408 Ma:
815 2366 849 2409 G
882 2375 1001 2411 esset.
1115 2371 1321 2410 memoria
1352 2367 1431 2410 Ma.
1550 2369 1783 2410 Corbuloni
1813 2369 1875 2409 A:
1909 2369 1972 2410 Ma
2007 2375 2050 2410 et:

216 2426 291 2468 alii
326 2426 524 2478 Corbulo,
559 2425 593 2467 G
625 2440 653 2467 a
683 2427 926 2469 corbulone.
1018 2428 1061 2470 8.
1097 2429 1336 2483 anqebatur
1358 2426 1439 2479 Ma,
1473 2428 1709 2483 auqebatur
1727 2428 1774 2470 G.
1862 2429 1928 2471 10.
1965 2428 2046 2481 tyb.

217 2483 296 2527 Ma.
394 2487 461 2528 13.
494 2486 584 2541 inp.
619 2485 698 2528 Ma.
775 2487 900 2540 tyrid.
935 2486 1015 2528 Ma.
1099 2488 1164 2529 14.
1200 2487 1356 2528 honori
1387 2486 1583 2540 Lipsius:
1619 2487 1684 2528 111ἱι
1715 2487 1867 2538 honor,
1903 2486 1936 2527 G
1967 2487 2049 2527 Ιιο-

215 2557 336 2586 nore.
433 2544 502 2587 16.
537 2544 734 2586 dexteras
768 2543 845 2597 Ma,
877 2545 1051 2587 dextras
1087 2544 1135 2587 G.
1234 2547 1300 2588 17.
1331 2547 1495 2601 precip.
1530 2545 1610 2588 Ma.
1711 2546 1778 2588 18.
1814 2560 2048 2602 capescen-

217 2610 298 2646 tem
330 2601 410 2646 Ma.
502 2602 681 2646 militum
713 2602 792 2656 1113,
825 2603 957 2646 multa
989 2605 1046 2647 G:
1079 2604 1254 2646 multum
1285 2604 1566 2647 Puteolanus.

217 2754 322 2783 vera
355 2738 644 2790 correctione,
678 2739 722 2779 in
757 2737 820 2780 111ἱι
847 2745 948 2780 ante
979 2752 1085 2794 pro-

218 2802 377 2841 ximum
411 2812 499 2839 non
528 2799 572 2838 in
608 2797 792 2839 Corbulo
837 2805 1086 2852 corruptum

1168 2752 1305 2782 nuere
1349 2752 1525 2794 operam
1568 2739 1761 2791 dederit,
1810 2741 1939 2780 immo
1973 2741 2046 2783 fe-

1171 2801 1283 2841 cisse
1325 2806 1367 2840 et
1411 2801 1648 2852 imperasse
1699 2811 1784 2854 quo
1829 2805 2049 2842 cresceret

1030 1734 1092 1785 Et
1127 1734 1239 1785 viso
1280 1734 1568 1785 Corbulone
1606 1749 1699 1785 rex
1735 1735 1877 1800 prior
1914 1749 2042 1799 equo
2075 1750 2119 1785 ιε

220 2865 299 2900 est.
356 2858 448 2898 Hoc
479 2862 671 2897 statuere
697 2856 750 2896 ad
773 2858 950 2898 criticae
983 2859 1087 2899 artis

219 2917 364 2973 legem
408 2916 548 2970 magis
595 2916 803 2955 convenit
843 2928 969 2970 quam
1015 2922 1089 2957 aut

219 2975 413 3017 scribere
446 2987 541 3015 cum
565 2972 770 3014 Bekkero
795 2974 979 3015 Corbulo
1001 2988 1089 3016 non

219 3035 367 3076 vitavit
400 3038 443 3074 et
475 3031 604 3086 paulo
638 3037 739 3073 ante
772 3047 866 3075 cum
890 3033 1087 3075 barbaris

221 3093 404 3134 delectus
435 3098 566 3142 esset,
612 3097 686 3132 aut
718 3104 813 3132 cum
846 3092 1085 3134 Puteolano

222 3158 265 3194 et
299 3150 516 3193 Beroaldo
550 3164 644 3191 cum
675 3164 703 3191 a
735 3151 934 3192 barbaris
966 3153 1085 3193 dele-

222 3219 309 3252 ctus
343 3217 448 3251 esset
479 3223 652 3250 —-·non
686 3217 744 3250 est
785 3223 812 3250 a
847 3210 1086 3251 Corbulone

220 3272 387 3311 vitatus.

308 3341 441 3382 neque
472 3328 658 3382 infamia
693 3327 812 3367 Paeti
845 3327 1083 3381 artqebatm·

222 3412 277 3418 —
323 3399 493 3442 pugnae
549 3387 801 3441 imperavit.-
860 3391 1087 3440 postquam

221 3445 431 3486 indicavit
450 3444 620 3485 Tacitus
653 3458 729 3484 cur
758 3443 903 3484 locum
937 3458 961 3484 a
986 3445 1088 3485 bar-

149 3531 151 3535 .
224 3504 339 3545 baris
373 3504 592 3545 delectum
626 3516 710 3544 non
743 3504 951 3543 vitaverit
979 3502 1089 3543 Cor-

221 3562 352 3615 bulo,
404 3562 600 3618 adiungit
643 3573 788 3616 neque
834 3574 928 3602 eam
969 3561 1089 3603 Paeti

222 3623 287 3662 sui
321 3621 425 3663 olim
449 3622 650 3677 collegae
675 3632 819 3662 curam
842 3619 908 3660 illi
937 3619 1087 3672 fuisse,

224 3684 270 3720 ut
300 3677 520 3722 infamiam
555 3680 649 3722 eius
681 3685 885 3720 amovere
908 3678 977 3720 vel
1004 3680 1089 3720 mt-

1171 2858 1270 2899 illa:
1291 2871 1388 2899 nani
1413 2858 1527 2898 filius
1544 2857 1640 2898 dum
1663 2858 1888 2911 operiebat
1905 2859 2046 2900 malae

1170 2930 1346 2972 pugnae
1378 2917 1614 2971 reliquias,
1662 2918 1795 2970 patris
1830 2917 1958 2971 culpa
2005 2923 2049 2958 et

1171 2976 1383 3031 flagitium
1407 2977 1561 3016 animis
1586 2975 1770 3016 militum
1800 2976 1942 3018 denuo
1963 2977 2047 3017 ol)-

1171 3035 1458 3077 versabantur
1511 3041 1554 3075 et
1595 3035 1816 3076 hominum
1860 3035 1913 3076 de
1962 3035 2040 3076 illo

1171 3094 1445 3135 sermonibus
1483 3094 1707 3134 materiam
1761 3093 2041 3146 praebebant.

1258 3154 1453 3193 minister
1484 3151 1590 3192 betto
1626 3152 1774 3193 datus.-
1811 3152 1911 3192 hinc
1935 3164 2044 3191 con-

1172 3211 1296 3252 iicias
1361 3210 1655 3251 Alexandrum
1731 3222 1816 3250 non
1881 3217 2044 3250 cerium

1173 3269 1355 3310 militiae
1390 3269 1590 3324 gradum,
1626 3268 1765 3309 veluti
1798 3269 1934 3323 legati
1972 3269 2043 3310 vel

1172 3329 1384 3382 praefecti
1428 3329 1499 3369 vel
1545 3328 1727 3379 tribuni,
1781 3327 2041 3379 obtinuisse,

1173 3387 1250 3428 sed
1280 3387 1416 3442 magis
1450 3386 1501 3426 ad
1534 3386 1784 3442 legationes
1817 3385 2041 3427 obeundas

1175 3445 1364 3486 additum
1399 3458 1510 3486 esse.
1562 3446 1657 3486 Mox
1678 3445 1883 3501 Aegypto
1913 3457 2043 3498 prae-

1176 3505 1341 3558 positus
1392 3509 1478 3544 est:
1525 3517 1563 3544 v.
1617 3504 1665 3545 H.
1720 3504 1736 3544 1
1791 3506 1837 3545 11

1175 3569 1320 3604 anuoh

1262 3621 1416 3662 honori
1448 3622 1559 3663 eius:
1605 3622 1668 3662 sic
1701 3625 1819 3663 recte
1844 3621 2039 3678 Lipsius}

1175 3678 1336 3722 honore
1369 3679 1471 3732 eius,
1507 3684 1554 3722 ut
1587 3685 1651 3722 est
1683 3678 1795 3735 apud
1831 3678 2041 3724 Puteola-

1895 3503 2042 3558 ibique
