2280 4004
1032 271 1324 315 ANNALIVM
1804 281 1844 311 a.
1877 280 1921 311 u.
1953 266 2056 314 818.

226 279 316 333 312

396 420 501 477 Cap.
538 420 641 463 14-
655 418 726 460 35.
805 415 960 458 Annus
1006 425 1035 455 a
1067 413 1239 456 Christo
1280 409 1570 468 sexagesimus
1614 415 1781 464 sextus,
1830 422 1909 467 quo
1939 408 2058 467 ‚Nem

229 503 444 550 tamquam
489 492 628 548 frenis
677 489 868 531 exolutus
915 488 974 529 ad
1021 494 1214 528 extrema
1256 486 1504 542 facinorum
1536 491 1575 526 et
1607 484 1817 540 infamiae
1843 483 2057 552 prorupit,

230 569 288 610 ad
319 566 550 609 deterrima
579 564 706 606 sociis
746 561 950 618 Tiqellino
984 567 1024 602 et
1056 559 1195 603 Helio.
1261 559 1432 601 Publius
1463 558 1643 601 Anteius
1668 564 1706 599 et
1732 557 1924 598 Ostorius
1943 556 2059 598 Sca-

225 640 331 698 pula
361 638 484 681 vanis
517 636 766 678 criminibus
799 634 931 676 delati
963 640 1002 676 et
1029 633 1250 688 interfecti
1276 631 1510 690 (14—15).
1574 630 1811 687 Scriptoris
1835 629 2060 671 continuas

231 713 383 754 caedes
426 717 466 752 et
499 711 756 767 patientiam
798 707 997 750 servilem
1017 708 1264 749 ⁴narrantis
1301 705 1520 747 excusatio
1554 704 1666 762 (16).
1745 702 1911 745 Paucos
1939 703 2061 744 intra

231 786 319 827 dies
352 783 497 825 eodem
527 783 698 838 aymine
731 781 890 823 cadunt
920 781 1006 823 viri
1035 779 1201 822 no'biles
1234 778 1376 831 Mela,
1411 777 1626 830 Cerialis,
1661 776 1912 829 Petronius,
1956 775 2060 818 Cri-

228 859 375 915 spinus
406 858 520 916 (17).
582 856 649 899 De
688 856 796 898 Gaio
831 856 1031 899 Petronio
1065 854 1257 896 curatius
1290 853 1537 908 expositum.
1606 851 1823 893 Minucius
1856 849 2061 893 Thermus

225 932 474 989 praetorius
504 929 556 972 ob
586 928 821 972 simultates
848 927 1045 984 Tiqetlint
1074 928 1204 969 exitio
1230 925 1414 968 traditus
1437 925 1666 983 (18-20).
1735 922 1973 965 Trucidatis
2004 928 2063 964 tot

230 1004 468 1060 insignibus
498 1003 603 1045 viris
635 1002 693 1043 ad
717 1008 978 1058 postremum
1001 1001 1198 1042 virtutem
1227 1000 1365 1055 ipsam
1391 998 1620 1040 excindere
1641 1004 1866 1054 xtyrarmus
1897 1009 2060 1038 concu-

225 1078 335 1135 pivit
371 1078 599 1133 interfecto
644 1077 775 1119 Paeto
824 1074 1035 1127 Thrasea,
1083 1081 1184 1115 tunc
1230 1073 1387 1115 lumine
1430 1072 1619 1115 Romani
1662 1072 1798 1125 orbis,
1847 1070 2064 1114 et'Barea

232 1153 404 1193 Sorano
436 1165 530 1193 cum
560 1150 656 1205 filia
685 1151 763 1206 pia
795 1156 835 1191 et
866 1149 1064 1201 innoxia,
1097 1161 1276 1203 quorum
1308 1146 1606 1189 accusationes
1638 1146 1801 1202 insiqni
1821 1158 1915 1188 cum
1945 1143 2063 1186 scri-

234 1226 368 1270 bentis
397 1233 512 1268 motu
540 1231 786 1267 narrantur
818 1224 1052 1281 (21—35).

409 1298 562 1341 Verum
605 1305 835 1353 antequam
875 1304 1088 1338 extremas
1129 1294 1346 1337 hominum
1389 1294 1624 1350 insignium
1654 1293 1930 1334 necessitates
1966 1299 2063 1334 tra-

238 1373 372 1414 dendo
417 1372 596 1413 absolvit
644 1378 683 1412 et
724 1371 893 1426 reliqua
927 1370 1113 1411 Neronis
1152 1369 1360 1423 facinora
1406 1374 1444 1409 et
1477 1356 1690 1408 dedecora
1722 1378 1848 1420 quam
1873 1363 2065 1422 plurima

235 1447 462 1499 adiunxit,
507 1447 645 1502 ipsum
686 1451 937 1486 transversa
967 1443 1155 1484 incurrit
1185 1443 1347 1483 misera
1378 1444 1559 1496 fortuna
1583 1440 1847 1496 posterisque
1872 1437 2067 1495 prod-‘imi

235 1521 399 1562 biennii
429 1519 678 1572 historiam,
704 1519 844 1574 operis
874 1519 1023 1574 {torem
1055 1523 1095 1558 et
1128 1515 1345 1567 columen,
1379 1514 1479 1556 huic
1510 1514 1619 1556 libro
1655 1520 1694 1555 et
1724 1511 2066 1568 subsequentibus

234 1593 392 1636 duobus
423 1593 630 1634 insertum
659 1592 827 1645 invidit,
860 1592 909 1632 de
942 1604 1020 1646 quo
1055 1590 1213 1631 dictum
1237 1589 1485 1631 accuratius
1512 1588 1560 1629 in
1589 1587 1812 1631 Prooemio
1833 1586 2065 1644 (12—14).

399 1666 527 1707 Anno
572 1666 767 1721 proxime
818 1665 1030 1720 inferiore
1085 1663 1352 1705 consulatum
1398 1667 1621 1718 yesserunt
1666 1659 2067 1707 Luciuleonteius

238 1739 388 1796 Capito
434 1746 472 1780 et
507 1739 639 1781 Gaius
673 1738 809 1780 Iulius
841 1740 1003 1795 Rufus,
1046 1738 1185 1780 altero
1233 1736 1366 1780 Gaius
1411 1736 1544 1777 Silius
1589 1734 1770 1777 Italicus
1814 1742 1852 1777 et
1888 1733 2066 1779 Marcus

236 1813 438 1856 Galerius
476 1812 728 1854 Trachalus.
791 1812 860 1854 Eo
894 1826 1009 1854 anno
1053 1813 1244 1868 quintum
1285 1811 1380 1853 idus
1411 1810 1564 1852 Iunias
1603 1823 1648 1851 se
1691 1809 1829 1865 ipsum
1868 1806 2066 1855 occidere

233 1887 350 1929 Nero
383 1886 563 1928 adactus
596 1893 669 1928 est.

372 2053 548 2104 Inlusit
599 2052 784 2104 dehinc
833 2053 1026 2104 Neroni
1080 2052 1280 2104 fortuna
1329 2068 1422 2118 per
1471 2053 1743 2105 vanitatem
1802 2054 1959 2120 ipsius
2017 2028 2113 2107 etl

234 2144 484 2209 promissa
528 2143 763 2195 Caesellii
801 2143 976 2207 Bassi,
1016 2144 1099 2209 qui
1135 2143 1337 2210 origine
1372 2144 1593 2209 PoenuS,
1638 2149 1805 2196 mente
1844 2145 2063 2210 turbida,

231 2240 515 2286 nocturnae
553 2235 736 2301 quietis
789 2235 1062 2302 imaginem
1110 2235 1174 2286 ad
1215 2221 1363 2300 'spem
1412 2235 1544 2286 haud
1597 2235 1799 2287 dubiam
1835 2237 2063 2300 retraxit,

351 2389 390 2430 1.
426 2388 591 2430 Neroni
623 2387 678 2429 G:
713 2386 778 2429 Ma
809 2388 1000 2429 neronis.
1079 2389 1120 2431 2.
1158 2387 1344 2429 Caeselli
1376 2386 1492 2439 GMa,
1526 2402 1613 2430 non
1652 2389 1821 2432 Ceselli.

406 2448 579 2489 turuida
611 2445 690 2491 Ma.
784 2449 826 2490 3.
869 2454 1080 2489 nocturne
1114 2445 1190 2488 Ma,
1909 2389 2062 2447 Plenus

230 2445 311 2489 Ma·
1284 2447 1454 2489 dubiam
1477 2447 1509 2490 G
1533 2462 1571 2490 a.
1593 2462 1650 2491 m.
1683 2463 1797 2492 sec.:
1829 2447 1896 2491 Ma
1927 2450 2063 2495 dubie.

304 2580 408 2635 Cap.
429 2583 464 2623 1.
499 2581 647 2622 inlusit
670 2582 1105 2636 dehinc—fortuna:

230 2642 376 2695 pergit
427 2647 579 2681 auctor
636 2640 832 2681 eiusdem
882 2642 982 2681 anni
1036 2655 1105 2683 res

228 2700 427 2740 tradere:
464 2713 560 2740 nam
583 2698 685 2740 finis
712 2702 1026 2741 coniurationis
1053 2701 1106 2742 ad

229 2758 386 2799 librum
405 2759 738 2800 antecedentem
758 2758 1105 2801 concludendum

229 2823 356 2872 aptus
396 2818 643 2859 videbatur.
715 2818 821 2860 Inde
860 2818 1104 2872 particulae

230 2877 384 2917 dehinc
425 2890 527 2918 usus
569 2883 689 2931 patet
726 2884 769 2919 et
801 2878 924 2919 verbi
957 2878 1105 2920 inlusit

228 2941 422 2990 potestas
457 2943 500 2978 et
524 2937 663 2978 locus.
725 2937 898 2978 Etenim
930 2938 1103 2979 fortuna

229 3008 340 3050 quae
363 2995 580 3037 Neronem
611 2995 738 3047 modo
764 2997 941 3037 nimium
976 2998 1103 3050 iuvit,

227 3056 313 3096 iam
350 3056 389 3096 ei
426 3055 584 3097 illudit.
686 3062 725 3096 et
751 3057 967 3112 promissa
989 3057 1104 3098 Cae-

227 3113 341 3155 sellii
371 3115 518 3157 Bassi:
552 3116 756 3169 rescripsi
793 3114 997 3157 Caesellii
1025 3128 1102 3170 pro

230 3173 439 3226 Caeselli,
484 3180 531 3215 ut
565 3177 617 3216 e'x
651 3174 763 3216 libro
797 3175 993 3217 Mediceo
1026 3188 1101 3217 re-

229 3238 401 3286 ceptum
421 3233 632 3275 exhibent
647 3233 874 3276 Bekkerus
909 3241 952 3276 et
972 3235 1101 3277 Orel-

228 3291 337 3333 lius:
372 3305 468 3333 nam
502 3307 525 3334 a
560 3293 712 3334 Caesio
746 3307 904 3335 nomen
933 3295 1101 3351 gentile

228 3350 275 3390 fit
304 3351 564 3404 Caesellius,
631 3366 717 3393 non
759 3353 1003 3407 Caesellus,
1050 3368 1101 3396 ac

232 3410 416 3451 Caeselli
438 3413 481 3452 in
515 3410 580 3452 Ma
613 3419 686 3453 aut
711 3415 934 3454 contracta
964 3414 1101 3455 forma

229 3471 415 3523 genitivi
451 3477 542 3523 est,
592 3478 638 3511 ut
683 3485 777 3527 cap.
805 3474 827 3514 7
880 3474 991 3514 cassi
1022 3486 1099 3527 pro

230 3528 397 3581 Cassii,
448 3536 520 3570 aut
564 3533 707 3583 potius
748 3535 943 3586 proximo
979 3533 1102 3574 Bassi

228 3590 393 3629 nomini
408 3587 651 3632 Caesellius
671 3603 750 3645 per
767 3590 1098 3646 imprudentiam

231 3644 491 3687 assimilatus
526 3654 605 3690 est.

1283 2584 1341 2624 ad
1373 2598 1487 2639 spem
1507 2583 1624 2625 haud
1655 2585 1825 2626 dubiam
1855 2588 2065 2630 retraxit:

1191 2641 1351 2682 Bassus
1384 2649 1623 2684 nocturnae
1646 2645 1806 2698 quietis
1831 2646 2063 2704 imaginem

1191 2702 1444 2743 recordatus
1487 2708 1553 2743 est
1601 2708 1642 2743 et
1686 2702 1738 2743 ad
1785 2717 1906 2758 spem
1952 2705 2064 2748 haud

1192 2759 1364 2802 dubiam
1398 2763 1555 2802 traxit:
1600 2765 1830 2818 utrumque
1863 2777 2065 2820 compre-

1192 2818 1344 2861 hendit
1366 2822 1563 2862 retraxit.
1627 2820 1721 2862 Nou
1741 2821 1869 2877 bene,
1891 2830 1939 2865 ut
1959 2824 2066 2867 mihi

1189 2879 1390 2933 videtur,
1423 2879 1733 2922 Doederlinius
1781 2888 1823 2923 et
1863 2883 2067 2927 Bezzen-

1190 2937 1378 2994 berger,
1426 2939 1703 2981 Doederlinii
1747 2953 1834 2983 non
1885 2956 2065 2998 memor,

1191 2999 1478 3039 coniecerunt
1522 2999 1580 3040 ad
1619 3014 1734 3055 spem
1764 3000 1881 3043 haud
1912 3003 2066 3046 dubiae

1188 3058 1255 3097 rei
1300 3058 1448 3099 tramit.
1530 3057 1635 3100 Nam
1695 3059 1834 3102 forma
1877 3062 2066 3106 Medicei

1191 3116 1351 3173 (dubie)
1385 3122 1459 3158 aut
1479 3123 1578 3159 nata
1606 3131 1659 3159 ex
1683 3120 1898 3174 scriptura
1918 3122 2064 3177 dubia,

1190 3181 1263 3216 aut
1287 3183 1487 3231 corrupta
1518 3183 1582 3218 est
1602 3190 1735 3231 prava
1759 3180 2064 3225 recordatione

1188 3235 1424 3277 locutionis
1455 3238 1582 3279 tritae
1606 3237 1722 3279 haud
1753 3239 1889 3283 dubie,
1952 3241 2064 3283 Bas-

1186 3308 1258 3336 sus
1285 3295 1362 3337 ille
1384 3296 1724 3339 hallucinatione
1748 3299 1957 3354 deceptus
1982 3307 2062 3356 est,

1187 3355 1230 3396 11.
1267 3369 1305 3397 e.
1343 3357 1655 3413 cogitationem
1699 3371 1753 3398 ex
1798 3361 1941 3401 animo
1982 3373 2062 3407 suo

1186 3414 1427 3467 profectam
1462 3422 1792 3472 extrorsumque
1824 3420 2061 3472 proiectam

1186 3474 1249 3514 rei
1285 3480 1491 3516 externae
1518 3477 1630 3531 (auri
1651 3476 1857 3534 ponderi)
1893 3480 1951 3519 ita
1983 3491 2060 3520 ac-

1188 3534 1492 3586 commodavit,
1527 3541 1572 3575 ut
1606 3535 1658 3576 ab
1682 3535 1764 3577 hac
1796 3536 1891 3591 ipsa
1917 3538 2059 3593 origi-

1186 3605 1283 3634 nem
1341 3593 1518 3635 duxisse
1576 3595 1889 3651 cogitationem
1936 3607 2057 3637 suam

1186 3660 1438 3706 persuasum
1471 3651 1567 3695 sibi.
1587 3652 1784 3696 haberet.

2108 3037 2129 3053 Ι
