2280 4004
244 286 347 333 *284
963 294 965 299 ’
993 295 995 298 ’
1023 289 1316 337 ANNALIVM

1822 311 1863 342 a.
1878 292 1939 342 u.
1967 291 2074 344 ⁴317.

252 434 456 502 popu10,
486 439 540 486 ut
574 440 651 487 est
679 431 923 487 novarum
950 452 1120 488 rerum
1153 438 1359 504 cupiens
1386 428 1714 508 pavidusque.
1779 441 1887 495 Nec
1916 431 2076 497 ‘innuo

244 531 368 592 'post
417 526 588 577 clades
642 526 719 577 rei
766 527 959 579 navalis
1016 529 1292 596 accipitur,
1354 545 1458 582 non
1506 532 1640 584 bello
1695 534 1905 602 (quippe
1934 532 2078 588 'h‘a'u'd

254 616 379 667 alias
417 620 514 689 tam
549 616 752 668 immota
789 624 943 684 pax):

1004 620 1096 671 sed
1154 626 1344 672 certum
1385 622 1448 673 ad
1488 623 1620 675 diem
1664 624 1716 675 in
1753 625 2074 693 Campaniam

250 706 422 758 redire
462 707 676 759 classem
715 710 852 761 Nero
905 710 1158 784 iusserat,
1215 727 1318 764 non
1369 715 1594 781 exceptis
1645 715 1801 769 maris
1856 708 2075 770 casibus.

212 798 388 866 sErgo
444 800 847 866 gubernatoreS,
915 789 1142 868 quamvis
1197 805 1458 858 saeviente
1512 807 1720 875 pelage,
1786 823 1815 860 a
1865 808 2076 862 Formiis

216 906 489 955 movere3
533 897 582 943 et
620 894 766 960 gravi
803 894 1002 959 AfricO,
1043 896 1159 947 dum
1194 899 1594 963 promuntorium
1621 898 1801 951 Miseni
1834 902 2077 968 superare

250 983 576 1049 contendunt,
619 984 855 1036 Cumanis
893 985 1125 1039 litoribus
1166 988 1369 1055 impacti
1407 990 1684 1042 triremium
1723 990 2011 1087 plerasque
2029 990 2078 1046 'et

247 1074 443 1126 minora
482 1076 687 1144 navigIa
724 1077 912 1143 passim
951 1079 1241 1131 amiserunt.

388 1167 509 1218 Fine
556 1168 674 1219 anni
743 1170 1013 1237 vulgantur
1064 1172 1328 1240 prodigia,
1403 1173 1766 1226 imminentium
1828 1172 2074 1228 malorum
2092 1180 2160 1230 47

513 1260 600 1310 Vis
640 1260 892 1328 fulgurum
945 1277 1048 1313 non
1085 1263 1210 1315 alias
1249 1264 1506 1330 crebrior,
1573 1270 1622 1317 et
1656 1267 1796 1318 sidus
1831 1263 2073 1333 cometes,

179 1267 234 1311 ,ιο
249 1258 437 1309 nuntia.

246 1349 497 1416 sanguine
529 1350 727 1402 inlustri
759 1367 961 1419 semper
985 1355 1177 1406 Neroni
1209 1355 1476 1422 expiatum.
1549 1356 1789 1423 Bicipites
1819 1356 2076 1410 hominum

243 1440 527 1494 aliorumve
583 1444 872 1495 animalium
910 1451 1082 1511 partus
1123 1447 1308 1498 abiecti
1349 1448 1402 1497 in
1437 1447 1724 1514 publicum,
1785 1453 1875 1500 ‘aut'
1901 1440 1954 1500 iii
1989 1452 2079 1502 'sa-'-

247 1533 478 1599 orificiis,
537 1535 717 1601 quibus
753 1537 995 1604 gravidas
1033 1537 1226 1590 hostias
1266 1539 1527 1591 immolare
1562 1554 1673 1592 mos
1709 1539 2075 1608 est,“reper‘ti'.

244 1623 306 1675 Et
343 1624 395 1675 in
433 1640 558 1693 agro
593 1627 901 1693 Placentino,
942 1630 1076 1681 viam
1114 1636 1349 1696 propter,
1390 1634 1536 1681 natus
1578 1629 1763 1682 vitulus
1805 1630 1885 1682 cui
1927 1631 2076 1698 caput

183 1732 227 1767 ιε
242 1710 296 1766 ἰη
334 1731 482 1768 crure
527 1723 676 1770 esset.

361 1872 404 1915 5.
437 1875 677 1916 saeuientes
708 1875 801 1916 Ma:
836 1874 869 1917 G
900 1877 1129 1918 saeviente.

238 1935 581 1988 promuntorium
616 1934 649 1976 G
681 1938 792 1990 (non
823 1937 1193 1990 promunturium,
1241 1942 1287 1976 ut
1320 1941 1465 1977 narrat
1497 1935 1790 1993 Waltherus).

983 1996 1050 2039 13.
1083 1996 1187 2037 inm.
1223 1994 1301 2038 Ma.

245 1993 283 2036 7.
318 1992 405 2048 inp.
441 1992 519 2037 Ma.
617 1997 683 2037 11.
718 1994 780 2036 icc.
813 1995 883 2037 cr.

244 2053 387 2108 ptatio
421 2051 503 2097 Ma.

238 2198 301 2240 da
328 2198 423 2239 sein
453 2198 632 2240 moelite.
698 2197 884 2241 Codices
917 2200 1118 2255 interpo-

243 2257 323 2300 lati
354 2256 430 2300 AG
462 2259 628 2300 aderat.

328 2319 670 2374 promuntorium
703 2318 884 2360 Miseni:
929 2331 980 2360 eo
1014 2332 1120 2374 pro-

243 2380 460 2419 montorio
483 2385 688 2432 superato
719 2380 971 2432 perventuri
998 2385 1121 2420 erant

243 2438 288 2479 in
329 2444 499 2492 portum
526 2439 817 2480 Misenensem
849 2451 936 2479 non
966 2439 1120 2493 procul

243 2511 269 2539 a
289 2497 499 2551 Puteolis,
536 2498 710 2540 solitam
743 2498 826 2540 sibi
858 2500 1117 2552 stationem3

243 2570 285 2599 v.
320 2557 378 2599 IV
412 2559 438 2600 5
473 2563 516 2599 et
548 2557 639 2599 lud.
676 2557 776 2599 hist.
823 2570 856 2599 S.
891 2571 933 2600 v.
970 2558 1120 2600 classis

242 2616 515 2658 Misenensis.
610 2617 735 2657 Errat
784 2617 959 2671 Lipsius
1019 2618 1119 2658 dum

240 2675 394 2718 scribit
427 2676 480 2717 ad
518 2675 559 2717 h.
586 2675 615 2717 l.
645 2675 817 2716 ‘classis
852 2677 1044 2717 Romana
1075 2678 1120 2717 in

243 2741 372 2790 portu
393 2735 628 2778 Misenensi
665 2734 925 2777 ordinariam
959 2737 1117 2777 statio-

243 2809 342 2837 nem
377 2795 588 2847 habebat,
619 2802 665 2835 ut
697 2794 1002 2837 Alexandrina
1033 2795 1120 2837 Pu-

243 2853 393 2907 teolis',
438 2855 491 2896 ad
524 2854 678 2896 falsam
721 2854 832 2896 hanc
865 2856 1118 2909 opinionem

244 2914 448 2956 inductus
489 2914 636 2956 verbis
681 2914 906 2956 Strabonis
941 2914 1058 2957 XVII
1095 2918 1116 2957 1

246 2975 270 3017 7
303 2987 438 3029 prave
471 2973 680 3028 acceptis.

334 3091 439 3147 Cap.
473 3092 544 3135 47.
604 3092 689 3145 fine
726 3092 856 3134 anni.-
892 3105 934 3134 v.
970 3098 1117 3134 annot.

247 3151 300 3194 ad
332 3151 349 3193 l
384 3152 454 3194 53.
577 3153 788 3207 sanquine
813 3152 985 3193 inlustri
1005 3167 1118 3194 sem-

240 3226 322 3269 per
353 3211 519 3254 Neroni
551 3213 790 3267 expiatum:
823 3212 1002 3254 Sueton.
1037 3212 1117 3255 36:

246 3272 402 3313 anoeius
435 3285 487 3312 ea
527 3285 574 3312 re
613 3279 658 3312 ut
705 3287 758 3313 ecc
792 3271 941 3313 Babito
976 3279 1119 3314 astro-

246 3330 341 3387 1090
364 3331 526 3383 didicit,
537 3330 673 3372 solere
693 3346 813 3387 reyes
830 3332 937 3373 talia
955 3339 1121 3373 ostenta

248 3390 378 3432 caede
415 3390 562 3444 aliqua
593 3390 765 3433 inlustri
790 3393 964 3447 expiare
996 3399 1120 3445 atque

247 3464 275 3492 a
307 3458 435 3492 semet
465 3452 511 3491 in
544 3451 688 3506 capita
715 3465 943 3507 procerum
975 3450 1120 3507 depel-

247 3509 351 3562 lere,
385 3508 645 3551 nobilissimo
678 3512 826 3565 cuique
847 3512 1021 3552 emitium
1041 3511 1117 3552 de-

249 3569 436 3610 stinavit.
516 3571 692 3625 Semper
735 3569 865 3622 dicit,
916 3571 1120 3626 quotiens

251 3632 444 3669 cometes
495 3629 735 3682 imperante
789 3629 961 3671 Nerone
1001 3630 1119 3671 visus

251 3688 343 3728 cst:
394 3695 489 3729 nam
542 3698 637 3729 cum
693 3688 877 3744 primum
923 3688 1122 3745 apparuit

751 1720 1035 1788 Secutaque
1094 1722 1417 1788 haruspicum
1474 1721 1854 1789 interpretatio,
1907 1715 2077 1789 p'ar'ari

1199 1877 1352 1932 formis
1384 1874 1462 1918 Ma.
1537 1875 1578 1918 6.
1608 1877 1967 1981 promarum-{um2
1982 1875 2075 1980 ³:¹32:

1846 1950 1868 1978 c
1894 1969 1903 1979 .
2063 1969 2073 1979 .

1395 1995 1462 2038 14.
1499 1995 1637 2052 capud
1658 1994 1738 2038 Ma.
1834 1996 1903 2039 15.
1935 1998 2077 2039 inter-

1203 2200 1302 2242 XIV
1352 2201 1431 2252 22,
1482 2198 1734 2241 Rubellium
1776 2197 1975 2240 Plautum
2029 2198 2075 2241 in

1203 2260 1384 2302 exilium
1432 2259 1549 2300 misit
1589 2265 1632 2300 et
1686 2269 1787 2299 mox
1833 2258 2072 2317 interfecit.

1200 2320 1325 2372 Alios
1371 2319 1556 2361 fortasse
1595 2320 1640 2359 in
1679 2317 1906 2373 deperdita
1949 2324 2074 2374 parte

1200 2378 1437 2421 Annalium
1500 2377 1702 2431 tradidit,
1767 2383 1842 2420 aut
1903 2377 2074 2422 tradere

1201 2440 1362 2492 omisit,
1391 2437 1644 2494 generalem
1669 2437 1780 2479 hanc
1809 2436 2075 2481 admonitio-

1200 2512 1300 2541 nem
1341 2499 1446 2540 satis
1488 2510 1584 2540 esse
1631 2498 1910 2540 existimans=
1959 2497 2074 2540 binis

1202 2565 1346 2600 autem
1387 2563 1434 2598 ut
1484 2558 1679 2599 contenti
1719 2558 1877 2610 simus,
1930 2564 2075 2614 neque

1202 2617 1311 2659 illud
1370 2631 1535 2671 semper
1592 2617 1768 2658 videtur
1830 2616 2075 2660 concedere

1201 2690 1346 2731 neque
1379 2676 1544 2717 Plinius
1577 2674 1628 2716 N.
1662 2675 1713 2717 H.
1747 2674 1784 2716 11
1818 2675 1901 2719 23:
1940 2677 2074 2718 terri-

1198 2738 1326 2790 ficum
1349 2749 1510 2791 magna
1541 2741 1734 2790 exparte
1755 2734 1871 2776 sidus
1902 2748 1957 2777 ac
1988 2749 2076 2777 non

1202 2796 1352 2837 leviter
1378 2796 1556 2851 piatum,
1589 2800 1636 2835 ut
1657 2793 1776 2836 civili
1802 2800 1916 2836 motu
1938 2793 2074 2837 Octa-

1203 2857 1270 2897 vio
1319 2854 1515 2906 consule,
1566 2854 1799 2909 iterumque
1832 2851 2007 2912 Pompei
2037 2862 2076 2897 et

1205 2915 1409 2956 Caesaris
1466 2913 1588 2956 bello.
1684 2914 1737 2955 In
1779 2920 1925 2955 nostro
1974 2926 2075 2957 vero

1201 2988 1305 3015 aevo
1340 2975 1462 3015 circa
1485 2973 1734 3027 veneficium
1766 2986 1844 3027 quo
1871 2971 2076 3017 Claudius

1204 3034 1368 3075 Caesar
1409 3035 1633 3089 imperium
1671 3032 1843 3088 reliquit
1884 3033 2075 3075 Domitio

1202 3093 1389 3145 Neroni,
1434 3107 1487 3134 ac
1521 3092 1671 3133 deinde
1699 3091 1951 3148 principatu
1983 3093 2074 3138 eius

1201 3152 1416 3194 assiduum,
1443 3166 1578 3208 prope
1614 3164 1667 3193 ac
1703 3164 1888 3193 saevum.

1305 3214 1373 3253 cui
1406 3218 1533 3267 caput
1566 3212 1613 3251 in
1646 3224 1773 3252 crure
1805 3217 1933 3253 esset:
1967 3209 2075 3252 sub-

1202 3272 1424 3313 iunctivus
1473 3271 1639 3325 positus
1691 3275 1779 3323 est,
1830 3275 1878 3310 ut
1916 3269 2074 3312 relatio

1203 3344 1253 3372 ac
1285 3332 1509 3385 persuasio
1533 3342 1698 3382 eorum,
1722 3330 1799 3385 qui
1828 3328 2074 3387 prodigium

1202 3390 1459 3446 vulgabant,
1496 3389 1756 3432 declaretur.
1820 3389 2074 3431 Germanice

1205 3456 1458 3492 convertas:
1493 3449 1570 3492 das
1603 3449 1683 3490 den
1704 3447 1827 3505 Kopf
1852 3462 1922 3490 am
1944 3448 2074 3490 Beine

1203 3510 1341 3551 haben
1373 3508 1508 3551 sollte.
1574 3507 1776 3550 Celerum
1812 3507 1917 3550 talia
1947 3505 2073 3549 8Ἰά-

1206 3570 1293 3611 cito
1328 3574 1526 3611 enarrata
1559 3573 1672 3620 sunt,
1706 3573 1754 3608 ut
1783 3566 1941 3622 prioris
1973 3564 2071 3608 aevi

1206 3627 1426 3671 annalium
1517 3624 1725 3685 αρακτὴρ
1789 3625 1919 3667 etiam
1980 3624 2071 3688 suis

1207 3643 1522 3745 quodammorli)
1555 3684 1876 3729 conciliat-uetur
