2280 4004
229 335 337 388 (³:01
367 337 455 389 62„
786 335 952 380 LIBER
982 335 1097 383 xiv.
1161 336 1268 383 GAr.
1302 337 1492 383 53—54.
1967 341 2060 388 W

229 484 330 532 tam
382 479 494 533 lato·
544 479 724 532 fenore
784 479 1082 533 exuberat?
1180 480 1288 532 Una
1329 479 1562 533 defensio
1612 481 1870 548 occurrit,
1923 483 2060 549 quod

145 571 217 626 54
230 571 538 624 muneribus
567 571 665 623 tuis
719 571 881 622 obniti
928 586 1033 623 non
1078 570 1250 645 debui.
1358 571 1460 625 Sed
1509 575 1723 640 uterque
1771 587 2060 626 mensuram

206 662 573 730 ·implevimuS‚
625 666 675 714 et
711 666 794 728 tu,
847 666 1083 728 quantum
1119 661 1360 728 princeps
1397 662 1623 716 tribuere
1671 664 1834 716 amico
1854 667 2057 730 posset,

230 758 287 807 et·
317 765 434 822 ego,
464 758 701 821 quantum
728 753 920 806 amicus
950 769 979 806 a
1013 753 1245 820 principe
1272 754 1526 820 accipere.
1603 754 1784 807 Cetera
1815 754 2060 807 invidiam

230 849 432 913 augent.
508 846 650 907 Quae
677 845 896 912 quidem,
933 850 988 896 ut
1028 845 1197 896 omnia
1233 844 1485 911 mortalia,
1524 845 1658 897 infra
1695 850 1829 897 tuam
1857 846 2099 914 magni-5

228 936 452 989 tud-inem
480 937 625 988 'iacet
638 955 653 1002 3
711 937 804 990 sed
843 937 966 988 mihi
1012 934 1284 1003 incumbit,
1335 936 1459 988 mihi
1512 937 1913 989 subveniendum
1963 940 2057 990 est.

230 1012 499 1088 Quomodo
534 1028 587 1078 in
619 1027 796 1080 militia
825 1032 910 1080 aut
937 1027 1021 1080 via
1056 1028 1224 1080 fessus
1255 1027 1612 1079 adminiculum
1650 1042 1868 1094 orarem,
1904 1029 1972 1080 ita
2006 1029 2061 1079 in

229 1117 330 1171 hoc
364 1118 549 1170 itinere
594 1119 758 1183 vitae,
810 1131 972 1171 senex
1022 1124 1071 1171 et
1119 1118 1392 1171 levissimis
1444 1133 1645 1185 quoque
1698 1121 1834 1171 curis
1881 1120 2058 1186 impar,

230 1222 344 1259 cum
383 1219 506 1275 opes
543 1223 684 1260 meas
719 1208 850 1260 ultra
885 1209 1140 1261 sustinere
1176 1224 1280 1260 non
1313 1209 1536 1275 possim,
1575 1211 1885 1276 praesidium
1919 1216 2055 1276 pet0.

179 1301 187 1308 '
230 1299 354 1353 lube
386 1311 480 1366 per
513 1304 874 1365 procuratores
914 1304 1030 1351 tuos
1085 1300 1456 1365 administrari,
1515 1301 1568 1351 in
1618 1304 1752 1352 tuam
1808 1302 2058 1352 fortunam
2077 1312 2125 1349 ιο

228 1404 405 1456 recipi.

232 1492 443 1547 quorum
493 1482 695 1549 fulgore
741 1483 1122 1550 praestringor,

230 1571 461 1624 villarum
501 1588 654 1625 curae
689 1574 966 1639 seponitur,
998 1574 1050 1623 in
1091 1573 1309 1624 animum
1338 1573 1616 1625 revocabo,

476 1391 583 1443 Nec
617 1407 697 1443 me
735 1391 1167 1458 in'paupertatem
1216 1391 1326 1457 ipse
1377 1391 1672 1457 detrudam,
1735 1392 1826 1443 sed
1862 1392 2060 1444 traditis

1191 1483 1326 1549 quod
1376 1483 1620 1548 temporis
1666 1483 1929 1535 hortorum
1980 1486 2064 1535 aut

1690 1575 1931 1640 Superest
1966 1575 2061 1625 tibi

230 1661 392 1715 robur
447 1667 498 1714 et
549 1667 624 1714 tot
674 1678 765 1729 per
816 1678 977 1715 annos
1027 1663 1192 1715 visum
1245 1663 1436 1731 fastigii
1481 1663 1740 1730 regimem
1792 1679 2060 1730 possumus

347 1802 390 1845 3.
423 1801 528 1858 inpl.
562 1799 642 1844 Ma.

230 1859 300 1904 Illa
329 1873 426 1903 cum
459 1861 585 1903 aliis:
622 1868 780 1917 augent
810 1861 884 1903 BG
912 1861 1032 1904 Harl.

231 1977 313 2022 Ma.

736 1808 779 1843 tu
811 1814 881 1843 om
912 1800 1003 1844 Ma:
1037 1801 1160 1844 adest
1191 1803 1236 1843 in
1269 1801 1318 1844 G.

1107 1861 1148 1904 6.
1183 1862 1327 1903 iacent
1351 1859 1485 1903 GMa:
1519 1862 1710 1903 correxit
1741 1861 1927 1915 Lipsius.
1990 1864 2065 1917 in..

233 1921 370 1965 cumbi
402 1934 499 1962 cum
531 1920 608 1962 lin.
635 1933 765 1975 super
784 1920 868 1963 litt.
903 1921 943 1963 bt
966 1920 1248 1978 (incumbunt)
1271 1919 1364 1962 Ma:
1401 1923 1591 1963 correxit
1620 1920 1808 1974 Lipsius.

1411 1799 1455 1845 4.
1491 1809 1666 1844 caetera
1696 1800 1777 1845 Ma.
1863 1803 1903 1845 5.
1937 1808 2066 1858 ayant

1898 1921 1940 1964 8.
1972 1923 2062 1977 inp.

408 1981 475 2023 10.
497 1980 592 2022 iube
621 1994 703 2037 per
731 1988 1040 2036 procuratores
1073 1979 1236 2022 editor:
1270 1978 1336 2021 Ma
1356 1981 1505 2021 iuuere
1540 1979 1702 2035 (altero
1733 1994 1763 2021 u
1795 1992 1906 2022 corr.
1938 1982 1982 2022 in
2015 1981 2062 2038 b)

227 2045 483 2095 pcuratores
515 2052 613 2081 cum
639 2053 669 2095 p
703 2039 914 2093 caudato,
964 2039 1061 2081 edd.
1096 2045 1200 2081 ante
1233 2051 1372 2080 meam
1405 2040 1501 2080 iube
1534 2053 1606 2080 eas
1631 2053 1713 2094 per
1738 2047 2061 2095 procuratores.

234 2099 506 2140 aministrari
535 2096 615 2140 Ma.

711 2100 780 2142 12.
809 2099 1032 2155 pstrinqor
1064 2097 1166 2139 Gna
1197 2098 1280 2139 litt.
1312 2112 1340 2153 p
1372 2111 1470 2139 cum
1500 2097 1579 2139 lin.
1613 2103 1883 2151 transversa,
1918 2099 1963 2140 id
1999 2104 2067 2141 est

228 2158 526 2214 perstringor.-
559 2157 809 2199 emendavit
845 2157 1193 2214 Cannegieterus
1225 2157 1342 2199 Diss.
1376 2157 1430 2199 ad
1458 2157 1618 2200 Avian.
1651 2169 1694 2212 p.
1728 2158 1830 2202 320.

230 2283 365 2328 iocus.
427 2284 479 2326 H.
512 2284 571 2326 111
603 2286 686 2328 72:
732 2285 908 2327 Servius
945 2285 1101 2327 Tullius

231 2346 446 2387 sociorum
483 2345 643 2397 studio,
694 2344 792 2386 dein
846 2345 1101 2400 Tarquinius

228 2404 449 2460 Superbus
476 2429 531 2436 —
560 2404 742 2446 hostium
772 2403 919 2459 spoliis
950 2411 1101 2446 eaetru-

232 2477 336 2504 oeere
370 2461 706 2520 (Capitolium).
773 2462 822 2505 O.
858 2463 917 2506 9:
952 2471 991 2505 et
1022 2463 1101 2504 do-

232 2536 344 2564 mum
358 2529 576 2563 mutuatur
593 2529 631 2563 et
651 2521 911 2564 auditorium
929 2524 1100 2564 extruit.

230 2582 395 2626 ‚Veram
427 2581 682 2635 scripturam
716 2581 856 2623 codex
885 2581 1102 2623 Budensis

234 2646 281 2683 et
313 2640 587 2682 Oxonienses
627 2640 728 2682 libri
774 2641 1101 2695 interpolavere

233 2701 424 2743 instruit.

355 2756 461 2813 Cap.
495 2758 566 2801 54.
638 2759 754 2801 iacet
785 2783 840 2791 -—-
872 2759 1102 2802 incumbit.-

230 2818 438 2860 codicum
468 2818 578 2859 vitia
607 2818 754 2860 iacent
780 2843 834 2851 —--
856 2818 1105 2860 incumbunt

232 2875 508 2919 assimilandi
540 2889 690 2918 errore
735 2879 913 2919 invecta
944 2882 1044 2918 sunt
1079 2891 1104 2918 a

235 2935 380 2978 scriba
410 2935 464 2977 ad
497 2937 694 2989 proxima
716 2942 1104 2992 cetera—augent

230 2996 424 3037 intento,

328 3053 423 3096 iube
451 3067 531 3108 per
557 3061 939 3109 procuratores—
960 3051 1103 3095 admi-

233 3113 446 3155 n'ntrariz
478 3118 635 3166 sponte
668 3112 934 3168 intelligitur
965 3123 1103 3154 voca-

235 3171 387 3214 bulum
420 3185 518 3227 opes
551 3185 606 3213 ex
628 3172 862 3227 prioribus,
894 3176 943 3212 ut
973 3170 1104 3225 plane

233 3243 612 3286 supervacaneum
654 3232 711 3273 sit
750 3242 991 3285 pronomen
1030 3243 1104 3271 eas

238 3303 263 3331 a
294 3290 434 3343 primo
478 3289 645 3332 editore
686 3293 900 3333 insertum
932 3301 1017 3331 nec
1049 3301 1104 3330 ex

236 3361 359 3391 more
402 3348 538 3391 Taciti
585 3348 803 3390 additum=
851 3360 950 3389 nam
991 3359 1107 3402 quae

235 3407 371 3451 facile
391 3407 650 3461 supplentur
669 3421 694 3450 a
717 3406 983 3464 legentibus,
1006 3407 1103 3459 ipse

233 3479 403 3520 ponere
447 3478 535 3508 non
582 3467 712 3509 solet.
786 3467 892 3508 Mire
925 3476 1102 3519 prorsus

234 3525 436 3568 Baiterus
467 3526 563 3568 iube
595 3540 686 3568 rem
729 3539 808 3581 per
847 3538 970 3581 proc.
1016 3524 1101 3566 ad-

234 3587 491 3638 ministrari,
515 3590 562 3626 ut
583 3586 687 3626 insit
717 3585 883 3625 nomini
917 3596 1008 3624 rem
1036 3584 1100 3625 si-

236 3644 462 3698 gnificatio
485 3644 822 3698 contemptionis
851 3643 949 3700 (das
969 3642 1096 3698 Diony,

234 3702 317 3746 dae
329 3729 334 3739 ·
345 3704 482 3765 Zeup)
494 3734 508 3761 ,
551 3710 771 3761 tamquam
802 3707 1098 3757 contemptum

1187 2298 1211 2326 a
1245 2297 1292 2327 se
1324 2284 1492 2328 Seneca
1523 2286 1712 2341 principi
1743 2286 2059 2342 possidendum

1187 2344 1492 2386 commendare
1524 2347 1730 2399 potuerit.
1791 2345 1924 2402 Origo
1956 2348 2055 2389 vitii

1185 2405 1330 2445 iuvere
1393 2417 1448 2445 ex
1509 2406 1724 2460 scriptura
1784 2405 2050 2463 ἀρχετύπου

1185 2461 1325 2504 IVVE
1348 2462 1588 2521 (=IVBE)
1617 2465 1689 2520 43,
1724 2464 1931 2506 h.e.iube
1952 2480 2047 2521 per,

1187 2535 1299 2577 quae
1361 2535 1457 2563 cum
1520 2523 1633 2564 falso
1698 2524 1845 2565 iuncta
1909 2530 2056 2566 essent

1186 2580 1398 2634 IVVE-F,
1446 2583 1667 2636 proximus
1717 2583 1859 2625 scriba
1913 2584 2060 2626 &avere

1187 2639 1322 2682 dedit.

1274 2705 1467 2754 superest
1511 2700 1586 2741 tihi
1626 2699 1759 2741 robur
1790 2726 1844 2734 —--
1879 2703 2059 2756 quietem

1186 2760 1433 2814 respicere.-
1465 2759 1757 2813 interpretare
1788 2759 2058 2803 Theofflsce:

1188 2817 1244 2858 du
1265 2817 1360 2859 least
1398 2817 1511 2858 noch.
1533 2817 1654 2859 Folle
1690 2818 1767 2859 der
1789 2819 1938 2875 Krast,
1967 2821 2065 2862 host

1186 2889 1231 2918 so
1263 2876 1373 2918 vieta
1409 2876 1549 2918 Jahre
1580 2877 1680 2918 dein
1711 2877 1836 2934 Auge
1871 2880 1956 2934 auf
1981 2880 2059 2922 das

1187 2935 1342 2978 Steuer
1373 2934 1452 2976 der
1470 2935 1675 2978 lucabum
1698 2936 1861 2979 Gewalt
1886 2938 2063 2994 yerich-

1186 3001 1244 3036 tet
1259 3008 1272 3035 .·
1322 2994 1405 3036 wir
1452 2994 1596 3037 ciltern
1641 2996 1836 3038 Fre-uude
1894 2998 2064 3039 Ιιὸηηεη

1185 3053 1303 3096 nach
1332 3053 1458 3096 Ruhe
1504 3068 1586 3097 uns
1615 3055 1830 3097 umsehen.
1898 3056 1983 3099 Sed
2015 3062 2064 3097 ut

1188 3111 1300 3155 haec
1347 3115 1566 3154 sententia
1609 3120 1653 3155 et
1695 3114 1825 3167 plana
1872 3120 1920 3154 et
1959 3121 2062 3168 apta

1188 3171 1287 3213 loco
1320 3170 1602 3213 vexatissimo
1622 3172 1885 3224 vindicetur,
1921 3177 2060 3227 utque

1189 3229 1529 3284 explicationem
1552 3243 1578 3271 a
1598 3243 1667 3272 me
1692 3230 1795 3271 olim
1828 3236 2058 3285 tentatam,

1187 3289 1455 3344 argutiorem
1496 3301 1602 3330 sane
1651 3301 1779 3344 quam
1821 3291 2056 3343 veriorem,

1188 3349 1365 3389 mittere
1395 3359 1587 3401 possem,
1619 3350 1835 3404 respicere
1868 3360 1944 3403 pro
1979 3363 2056 3391 re-

1187 3407 1395 3463 spondere
1440 3418 1655 3460 reponere
1709 3406 1855 3450 debui.
1942 3407 2058 3450 illud

1187 3467 1328 3520 ipsum
1353 3477 1456 3507 cusu
1478 3471 1726 3519 corruptum
1748 3466 1923 3508 videtur
1940 3478 2054 3520 esse,

1189 3538 1285 3567 cum
1329 3523 1462 3578 rspre
1517 3524 1591 3567 vel
1647 3538 1794 3580 recpre
1845 3527 2054 3580 scriptum

1187 3588 1305 3625 esset
1347 3583 1480 3638 idque
1524 3583 1782 3639 respondere
1814 3584 1926 3627 salso
1956 3584 2053 3628 eol-

1183 3648 1374 3685 veretur.
1435 3641 1524 3684 Iam
1556 3642 1780 3698 praeclare
1825 3643 1935 3688 bauo
1965 3643 2051 3687 duo

1188 3707 1530 3759 componuntur,
1586 3702 1770 3747 alterum
1826 3715 1882 3747 en
1924 3709 2052 3761 parte
