2280 4004
189 294 295 358 ajo.
329 297 400 342 51.
446 328 449 330 -

733 293 898 339 LIBER
927 292 1020 339 X11‘.
1055 329 1059 332 .
1082 290 1191 338 ΟΔ).
1221 290 1413 340 44-45.
1947 292 2007 333 83

119 458 122 460 ·
189 442 557 495 Pharasmanes
594 441 724 494 >belli
764 453 943 494 causas
981 438 1255 507 confingit:
1314 434 1582 504 proelianti
1628 434 1727 488 sibi
1762 433 2009 486 adversus

188 548 365 600 regem
393 532 704 585 Albanorum
742 537 791 584 et
821 533 1077 585 Romanos
1109 530 1295 583 auxilio
1332 528 1537 581 vocanti
1575 527 1782 579 fratrem
1822 526 2013 578 adver-

191 629 382 689 satum,
437 639 647 690 eamque
685 623 920 676 iniuriam
957 622 1160 675 excidio
1198 621 1355 687 ipsius
1390 619 1545 671 ultum
1581 619 1780 671 iturum.
1821 688 1823 691 ,
1854 617 2010 670 Simul

189 730 400 782 magnas
449 715 622 781 copias
670 714 771 765 filio
809 713 1030 765 tradidit.

1105 713 1193 764 llle
1241 711 1527 778 inruptione
1565 710 1729 762 subita
1781 708 2012 761 territum

190 810 490 871 exutumque
527 805 712 871 campis
741 804 1063 856 Mithridaten
1104 803 1342 870 compulit
1376 803 1429 854 in
1470 801 1728 854 castellum
1759 799 2052 866 GorneaS‚s

189 901 344 947 tutum
369 896 485 947 loco
519 912 579 947 ac
606 896 864 962 praesidio
896 895 1119 960 militum,
1157 895 1268 961 quis
1301 893 1499 946 Caelius
1523 893 1680 945 Pollio
1703 893 2013 960 praefectus,

192 986 419 1038 centurio
447 986 718 1052 Casperius
743 990 995 1052 praeerat.
1049 985 1184 1038 Nihil
1216 990 1318 1038 tam
1347 985 1577 1052 ignarum
1604 984 1837 1037 barbaris
1865 999 2015 1051 quam

192 1076 591 1137 machinamenta
631 1081 680 1127 et
714 1081 854 1128 astus
884 1076 1338 1144 oppugnationum:
1392 1080 1442 1127 at
1472 1075 1621 1127 nobis
1661 1091 1722 1127 ea
1762 1088 1880 1142 pars
1916 1074 2017 1126 mi-

189 1165 326 1218 litiae
378 1166 596 1217 maxime
644 1181 807 1234 gnara
864 1171 956 1218 est.

1053 1166 1123 1220 Ita
1160 1165 1479 1218 Radamistus
1530 1166 1717 1217 frustra
1769 1165 1852 1218 vel
1903 1181 2015 1216 cum

191 1255 374 1309 damno
422 1258 672 1323 temptatis
718 1257 1079 1309 munitionibus
1123 1257 1377 1309 obsidium
1423 1256 1624 1322 incipit3
1682 1261 1731 1308 et
1779 1270 1890 1308 cum
1936 1256 2016 1308 vis
2036 1269 2081 1304 io

190 1346 582 1415 neglegeretur,
636 1349 899 1401 avaritiam
934 1347 1182 1415 praefecti
1222 1352 1534 1413 emereatur,
1597 1347 1880 1400 obtestante
1919 1347 2021 1399 Ca·-

190 1439 360 1505 sperio
392 1455 458 1491 ne
497 1440 668 1491 socius
707 1456 816 1506 rex,
853 1453 919 1492 ne
939 1441 1181 1492 Armenia
1220 1439 1405 1491 donum
1442 1439 1612 1506 populi
1649 1438 1863 1492 Romani
1901 1452 2021 1490 sce-

191 1530 299 1581 lere
347 1535 396 1581 et
454 1531 669 1597 pecunia
729 1535 1064 1583 verterentur.

1164 1530 1423 1582 Postremo
1479 1531 1595 1596 quia
1655 1529 2020 1582 multitudinem

192 1620 410 1674 hostium
450 1621 639 1686 Pollio,
697 1622 836 1674 iussa
874 1622 1031 1688 patris
1066 1621 1387 1674 Radamistus
1426 1620 1799 1686 obtendebant,
1839 1626 2018 1687 pactus

193 1710 413 1762 indutias
461 1711 718 1777 abscedit,
781 1717 835 1763 ut
880 1712 980 1764 nisi
1024 1711 1399 1764 Pharasmanen
1445 1711 1580 1764 bello
1637 1711 2082 1777 absterruisset,ts

195 1801 492 1853 Ummidium
531 1802 838 1863 Quadratum
878 1802 1165 1869 praesidem
1202 1803 1380 1870 Syriae
1419 1802 1630 1854 doceret
1666 1817 1763 1868 quo
1802 1802 1855 1853 in
1889 1807 2021 1855 statu

316 1978 354 2020 1.
386 1975 574 2032 famma.
661 1975 805 2033 prael.
840 1974 910 2019 Or.
1002 1977 1045 2020 4.
1078 1977 1161 2020 irr.
1197 1975 1268 2019 Or.

195 2034 275 2078 Ma.
380 2037 446 2079 13.
486 2037 672 2092 pecunia
701 2034 782 2078 Ma.

196 2095 240 2136 in
274 2093 364 2137 AB.
463 2096 529 2137 15.
562 2094 752 2137 indutias
782 2093 862 2148 Ma,
896 2107 983 2136 non
1014 2096 1227 2138 inducias.

197 2168 445 2196 rasmanen.

198 2308 429 2350 multitudo
472 2315 637 2366 pugnat
678 2310 886 2352 adversus
929 2310 1065 2354 Taciti

197 2380 360 2410 morem
395 2368 536 2423 (conf.
563 2369 618 2410 ad
647 2369 743 2412 Xlll
763 2371 843 2426 30)
879 2376 924 2412 et
963 2371 1065 2413 huic

198 2427 413 2468 Ummidio
466 2439 730 2481 praenomen
781 2428 863 2470 fuit
917 2430 1065 2483 Gaius,

197 2498 284 2527 non
320 2487 457 2540 Τὶιαες
505 2498 546 2530 v.
591 2488 786 2541 inscript.
832 2488 946 2542 apud
978 2489 1065 2530 Fa-

198 2545 401 2587 brettium
447 2559 488 2600 p.
521 2545 608 2590 673
648 2546 720 2588 vel
767 2546 979 2589 Orellium
1020 2561 1062 2590 n.

197 2603 328 2647 3665.
398 2603 647 2648 Ummidium
683 2606 948 2658 Quadratum
979 2619 1064 2648 no-

198 2664 332 2705 minat
364 2664 494 2706 etiam
535 2664 745 2719 Iosephus
794 2666 895 2708 Ant.
931 2665 1005 2708 XX
1037 2665 1065 2708 6

199 2723 244 2772 §.
277 2723 330 2774 2,
375 2722 424 2765 B.
458 2722 548 2765 Iud.
581 2723 709 2769 11712
740 2726 784 2776 δ.
819 2725 870 2777 5,
915 2725 987 2766 ubi
1021 2727 1065 2766 in

199 2781 389 2835 antiquis
412 2782 677 2823 editionibus
700 2795 924 2836 perperam
937 2785 1062 2827 Νου-

197 2839 367 2896 μίδιος.
413 2841 648 2882 Recentior
679 2840 917 2883 Ummidius
943 2842 1065 2893 Qua-

201 2897 345 2938 dratus
378 2898 491 2953 apud
523 2899 709 2940 Plinium
740 2899 879 2953 Epist.
919 2900 973 2943 VI
996 2903 1064 2954 11,

205 2955 280 2997 Vll
314 2956 384 2998 24.

291 3027 370 3068 quo
422 3016 468 3056 in
519 3023 632 3068 statu
679 3016 888 3058 Armenia
931 3019 1069 3072 foret:

202 3073 411 3115 Armenia
456 3076 600 3129 soret,
660 3081 707 3117 ut
758 3077 936 3130 reposui
989 3088 1068 3131 pro

203 3131 382 3187 vulgata
420 3133 654 3176 Armeniae
694 3137 863 3190 forent,
907 3136 991 3177 iam
1024 3136 1069 3176 in

205 3189 398 3232 editione
429 3193 626 3246 principe
660 3200 903 3247 comparet,
936 3199 1069 3248 atque

202 3252 315 3304 soret
365 3250 477 3304 quod
519 3257 584 3292 est
627 3252 670 3292 in
714 3251 782 3293 Ma
823 3254 887 3295 sic
931 3254 1070 3294 teneri

204 3313 362 3361 potest.
406 3307 459 3348 Et
491 3322 594 3350 sane
625 3311 856 3352 Armeniae
888 3324 1071 3366 regnum

203 3367 374 3408 Tacitus
410 3379 581 3421 semper
613 3370 672 3409 itu
705 3370 997 3424 consignavit,
1025 3375 1072 3410 ut

205 3431 279 3468 aut
311 3425 570 3467 vocabulum
591 3427 891 3468 Armeniorum
918 3428 982 3483 (in
1017 3426 1068 3469 H.

206 3483 244 3526 11
275 3484 326 3527 6:
380 3485 597 3526 Armeniis
637 3485 933 3541 praetenditur
968 3498 1071 3539 per-

208 3556 352 3597 peram
388 3544 614 3585 Armenias
651 3558 697 3585 se
730 3543 1072 3597 deprehendisse

211 3602 391 3644 credidit
415 3602 630 3659 Orellius)
659 3608 734 3644 aut
755 3609 894 3645 terrae
912 3615 1072 3645 nomen

212 3660 420 3720 singulari
453 3675 632 3708 numero
652 3663 861 3720 posuerit.
909 3662 1073 3705 Vitium

1362 1977 1404 2019 7.
1437 1975 1574 2018 nicta
1605 1943 1684 2018 na.
1782 1977 1849 2021 12.
1883 1974 1930 2018 Ρ.
1964 1976 2020 2019 n.

904 2042 1128 2078 uterentur
1157 2036 1224 2078 Ma
1255 2037 1362 2095 (non
1393 2039 1702 2091 muter-eninm:
1747 2035 2021 2077 emendatum

1316 2095 1615 2151 pharasmane
1646 2093 1736 2147 Ma,
1769 2107 1871 2136 mox
1903 2095 2021 2136 Pha-

540 2154 608 2197 16.
648 2154 895 2196 Ummidium
927 2155 1094 2196 editor:
1127 2153 1192 2197 Ma
1224 2155 1463 2208 tumidium,
1496 2154 1633 2210 vulgo
1673 2154 1714 2196 T.
1756 2153 2020 2197 Ummidium.

1152 2311 1385 2354 Armeniae
1419 2311 1522 2352 hinc
1565 2310 1765 2364 irrepsit,
1808 2310 1923 2365 quod
1965 2310 2025 2352 li-

1149 2371 1319 2412 brarius
1336 2370 1535 2422 medicei,
1560 2372 1603 2411 in
1631 2369 1818 2425 singulis
1842 2370 2025 2413 vocibus

1151 2430 1319 2472 defixus
1353 2436 1395 2471 et
1428 2431 1560 2470 tot-ius
1591 2430 1839 2470 sententiae
1874 2441 2024 2483 parum

1151 2502 1328 2544 gnarus,
1343 2495 1442 2543 post
1463 2491 1509 2530 in
1531 2496 1645 2530 statu
1664 2490 1907 2543 genitivum
1923 2488 2025 2530 inde

1149 2549 1412 2601 pendentem
1433 2548 1595 2602 requiri
1628 2547 1902 2600 opinabatur.
1940 2548 2026 2590 Sed

1153 2607 1330 2662 longius
1374 2608 1597 2663 progressi
1640 2613 1740 2647 sunt
1779 2608 1853 2662 qui
1896 2607 2026 2648 dete-

1150 2666 1290 2709 riores
1343 2667 1518 2708 codices
1566 2665 1875 2708 confecerunt:
1927 2679 2025 2708 nam

1151 2731 1410 2767 structuram
1444 2738 1531 2766 non
1567 2726 1723 2766 iustam
1763 2725 1918 2766 adesse
1954 2727 2025 2766 in..

1151 2784 1408 2840 telligentes
1467 2796 1545 2839 pro
1597 2786 1711 2838 foret
1758 2784 2025 2826 substituere

1150 2845 1318 2898 forent,
1365 2849 1411 2883 ut
1473 2844 1706 2884 Armeniae
1759 2843 2024 2895 dicerentur,

1151 2901 1511 2956 quemadmodum
1536 2901 1721 2955 Galliae,
1748 2903 2023 2955 Germaniae,

1153 2961 1419 3016 Hispaniae,
1460 2962 1504 3002 in
1547 2961 1704 3015 quibus
1735 2961 1884 3015 plures
1917 2974 2024 3016 pro-

1152 3019 1326 3061 vinciae
1371 3021 1689 3073 Romanorum,
1737 3021 1853 3075 quod
1897 3034 2024 3062 secus

1154 3079 1198 3119 in
1254 3079 1488 3120 Armeniae
1541 3092 1695 3134 regnO.
1769 3079 1920 3133 Neque
1971 3079 2025 3120 ad

1147 3137 1269 3179 hunc
1321 3151 1445 3178 usum
1488 3137 1814 3191 approbandum
1862 3138 2026 3178 sufficit

1157 3196 1272 3250 quod
1305 3196 1441 3237 semel
1475 3195 1589 3248 apud
1621 3197 1811 3237 'l'acitum
1833 3195 2022 3251 (X1117)

1155 3255 1296 3294 minor
1327 3254 1536 3294 Armenia
1568 3259 1611 3294 et
1646 3253 1759 3307 apud
1790 3252 2023 3307 Iosephuin

1156 3312 1233 3352 XX
1264 3312 1292 3353 8
1330 3313 1373 3362 ἓ.
1408 3312 1438 3354 4
1475 3305 1624 3370 μικρὰ
1664 3312 1891 3369 ’Λρμενία
1939 3324 2023 3353 ηο-

1156 3371 1368 3411 minatur:
1401 3383 1497 3410 nam
1534 3371 1686 3412 eodem
1721 3371 1818 3411 loco
1851 3370 2024 3411 Tacitus

1156 3434 1292 3469 totum
1315 3428 1617 3469 Armeniorum
1640 3442 1823 3483 regnum
1845 3441 2025 3471 numero

1157 3486 1368 3542 singulari
1415 3486 1571 3528 extulit
1614 3487 1816 3542 idemque
1847 3490 2026 3530 naaioris

1156 3546 1389 3586 Armeniae
1404 3547 1665 3587 mentionem
1680 3559 1888 3601 nusquam
1901 3547 2023 3588 secit.

1159 3603 1224 3646 Cf.
1260 3603 1337 3647 XV
1374 3605 1454 3649 25:
1489 3619 1567 3661 quo
1599 3606 1645 3647 in
1676 3613 1788 3648 statu
1816 3605 2026 3648 Armenia

1159 3669 1279 3707 esset.
