2280 4004
974 270 1266 313 ANNALIVM
1785 287 1824 317 a.
1857 287 1902 317 u.
1933 275 2036 321 818.

368 412 558 474 Quibus
609 409 910 476 perpetratis
957 411 1137 476 [Nero]
1197 416 1246 462 et
1300 413 1539 465 contione
1592 413 1800 465 militum
1849 403 2124 480 habitam

213 503 331 554 bina
367 517 618 553 nummum
656 500 792 550 milia
831 501 1017 551 viritim
1056 502 1448 568 manipularibus
1488 503 1690 568 divisit,
1745 504 2039 572 addiditque

213 595 323 646 sine
362 593 521 659 pretio
558 592 875 655 frumentum,
917 607 1016 657 quo
1055 597 1171 644 ante
1209 609 1273 644 ex
1293 595 1447 645 modo
1487 610 1720 647 annonae
1754 596 2040 648 utebantur.
2263 588 2280 643 Ξ

213 687 350 750 Tum,
394 686 538 750 quasi
579 690 725 752 gesta
762 685 896 736 bello
931 686 1267 750 exposituruS,
1313 691 1465 737 vocat
1501 693 1745 752 senatum,
1782 691 1831 739 et
1863 688 2042 738 trium-

173 776 358 842 5phale
408 777 564 828 decus
611 776 847 827 Petronio
892 776 1182 841 Turpiliano
1239 777 1523 842 consulari,
1581 778 1804 829 Cocceio
1842 779 2043 831 Nervae

209 868 434 934 praetori
473 867 778 934 designato,
838 867 1087 935 Tigellino
1129 868 1390 933 praefecto
1432 870 1675 935 praetorii
1713 869 1914 934 tribuit,
1955 868 2044 920 Ti-

210 959 451 1026 gellinum
503 964 551 1010 et
588 960 806 1011 Nervam
864 959 931 1010 ita
981 959 1260 1024 extollenS,
1320 964 1374 1010 ut
1426 975 1579 1025 super
1628 960 1953 1027 triumphales
1989 961 2043 1011 in

211 1051 326 1102 foro
365 1051 616 1117 imagines
666 1051 797 1117 apud
833 1050 1073 1102 Palatium
1115 1065 1315 1116 quoque
1363 1051 1560 1118 effigies
1599 1066 1773 1103 eorum
1821 1052 2040 1117 sisteret,
2274 1109 2280 1126 ἶ

213 1142 499 1194 consularia
538 1143 759 1208 insignia
797 1142 1100 1209 Nymphidio
1117 1159 1131 1206 3
1194 1142 1256 1193 de
1305 1157 1434 1208 qu0,
1492 1143 1607 1208 quia
1655 1157 1790 1194 nunc
1831 1143 2044 1209 primum
2268 1133 2280 1274 1

149 1234 410 1286 iooblatus
448 1239 553 1299 est,
608 1250 769 1301 pauca
804 1240 1060 1300 repetam:
1121 1250 1236 1285 nam
1290 1240 1338 1286 et
1389 1235 1498 1300 ipse
1549 1224 1667 1300 pars
1705 1235 2044 1287 Romanarum

214 1325 431 1377 cladium
471 1326 582 1377 erit.
658 1325 816 1392 Igitur
853 1330 1012 1376 matre
1043 1325 1277 1376 libertina
1317 1329 1487 1389 ortus,
1545 1340 1673 1390 quae
1727 1339 1911 1391 corpus
1949 1323 2045 1376 de-

214 1432 388 1468 corum
427 1418 559 1468 inter
596 1432 776 1468 servos
813 1417 1126 1483 libertosque
1166 1416 1448 1482 principum
1473 1416 1788 1484 vulgaverat,
1825 1432 1890 1469 ex
1914 1416 2043 1468 Gaio

213 1508 435 1560 Caesare
475 1523 531 1560 se
574 1508 798 1575 genitum
853 1508 1075 1572 ferebat,
1135 1508 1372 1574 quoniam
1425 1507 1557 1559 forte
1615 1507 1829 1574 quadam
1869 1507 2046 1559 habitu

211 1613 457 1664 procerus
500 1604 549 1650 et
583 1603 732 1650 torvo
770 1599 910 1650 vultu
948 1603 1083 1663 erat,
1145 1599 1254 1650 sive
1295 1597 1447 1650 Gaius
1492 1598 1707 1663 Caesar,
1760 1603 2046 1651 scortorum
2270 1645 2280 1661 -.

147 1707 194 1744 ¹⁵
212 1704 413 1756 quoque
453 1690 689 1756 cupiens,
746 1690 897 1741 etiam
938 1690 1086 1741 matri
1139 1690 1246 1741 eius
1287 1690 1473 1741 inlusit.
1550 1688 1651 1742 Sed
1687 1690 1824 1742 Nero
1858 1694 2044 1742 vocato
2059 1697 2129 1748 73
2254 1668 2280 1779 i

333 1845 371 1886 1.
407 1843 599 1900 glossam
631 1845 747 1886 Nero
780 1845 962 1887 seclusit
997 1845 1151 1887 editor.
1225 1845 1267 1887 3.
1305 1843 1399 1900 ptio
1432 1843 1511 1887 Ma.
1607 1845 1648 1888 5.
1683 1848 1884 1902 turpiano
1918 1845 2044 1889 GMat

211 1905 402 1945 correxit
440 1903 612 1958 Lipsius
647 1918 700 1945 ex
738 1904 790 1946 14
822 1904 893 1948 29.
975 1904 1015 1946 6.
1053 1903 1235 1959 tiqillino
1274 1903 1367 1957 Ma,
1402 1916 1503 1944 mox
1536 1903 1778 1959 tiyillinum.
1872 1906 1912 1949 9.
1946 1908 2047 1962 quia

210 1963 299 2005 mic
332 1962 393 2004 G.
425 1962 492 2004 Ma
520 1964 767 2033 nymphidio
811 1977 980 2018 quaunc
1025 1977 1122 2004 cum
1166 1963 1243 2005 lin.
1276 1976 1408 2017 super
1437 1963 1521 2006 litt.
1556 1978 1593 2006 c.
1665 1965 1804 2007 fuisse
1849 1967 2048 2021 suspicor

213 2023 466 2065 consularia
510 2025 702 2080 insiynia
734 2023 992 2079 Nymphidio
1029 2023 1207 2064 Sabino.
1271 2024 1339 2065 De
1372 2023 1644 2080 Nymphidio,
1679 2025 1779 2079 quia
1808 2038 1926 2067 nunc
1956 2031 2042 2070 cet.

214 2083 283 2125 10.
318 2083 415 2139 ipsa
446 2081 542 2125 Ma:
577 2084 667 2140 ipse
702 2082 748 2125 G.
846 2085 912 2128 12
950 2083 998 2126 G
1031 2081 1113 2125 Ma.
1210 2082 1278 2125 14.
1315 2084 1363 2125 G.
1400 2081 1481 2125 Ma.
2014 2107 2015 2110 =

1169 2230 1217 2266 ut
1250 2239 1274 2266 e
1303 2225 1441 2267 verbo
1467 2225 1613 2267 tribuit
1641 2227 1771 2267 etiam
1794 2224 2045 2268 consularia

1169 2285 1344 2340 insiyna
1391 2284 1624 2339 pendeant.
1719 2284 1804 2329 Sed
1853 2284 2043 2327 nondum

302 2222 406 2278 Cap.
442 2226 511 2268 72.
587 2226 730 2268 Nero.-
773 2226 966 2267 immisso
1001 2225 1085 2267 hoc

211 2285 389 2325 nomine
433 2284 541 2326 adeo
575 2285 811 2339 impeditur
842 2291 1085 2327 structurae

211 2344 445 2385 verborum
467 2343 673 2398 facilitas,
694 2344 821 2387 simul
841 2345 956 2400 quod
978 2345 1085 2386 sub-

213 2404 375 2444 iectum
415 2405 492 2456 sit,
546 2404 656 2446 adeo
701 2419 754 2446 ex
799 2406 906 2458 ipsis
938 2404 1086 2446 verbis

212 2462 388 2516 planum
423 2469 504 2515 est,
538 2470 585 2503 ut
618 2465 804 2506 Neronis
836 2476 993 2505 nomen
1032 2464 1084 2505 ab

213 2521 359 2563 aliena
406 2536 535 2563 manu
598 2523 787 2564 additum
849 2524 1086 2564 existimari

213 2580 387 2622 debeat.
450 2582 621 2622 Tacitus
656 2583 698 2623 id
725 2589 798 2624 aut
821 2583 1088 2636 posthabita

213 2646 287 2679 aut
319 2641 515 2692 proxime
549 2645 667 2697 (post
684 2642 807 2683 milia
837 2642 909 2683 vel
941 2643 1087 2683 mani-

208 2698 454 2754 pularibus)
490 2701 722 2753 posuisset.

300 2758 545 2812 addiditque
583 2761 675 2801 sine
712 2761 850 2817 pretio
891 2762 1087 2815 frumen-

214 2825 325 2859 tum.-
368 2817 566 2860 eSueton.
602 2819 702 2862 Ner.
741 2820 818 2863 10:
873 2820 1088 2861 constituit

211 2878 509 2933 praetorianis
550 2879 792 2921 cohortibus
830 2882 1089 2934 frumentum

212 2944 473 2978 menstruum
491 2940 737 2991 yratuitum.
792 2940 980 2981 Severus
1003 2940 1088 2979 im-

213 3001 388 3049 perator
397 2997 569 3037 modum
589 2997 794 3039 frumenti
808 3000 936 3040 etiam
953 2999 1087 3049 auxit,

216 3055 269 3096 de
303 3068 387 3110 quo
423 3056 693 3098 Herodianus
726 3056 783 3098 111
814 3058 894 3102 25:
927 3062 1005 3100 καὶ
1038 3055 1087 3102 τὸ

218 3120 489 3173 σιτηρέσιον
514 3115 672 3164 αὐτοῖς
698 3120 884 3174 πρῶτος
909 3116 1087 3171 ηὔξησε,

214 3178 293 3217 καὶ
313 3176 572 3222 δακτυλίοις
591 3185 790 3235 χρυσοῖς
807 3177 1087 3233 χρήσασθαι

214 3235 454 3291 ἐπέτρεψε.
516 3235 676 3277 Iterum
708 3237 955 3278 Antoninus
993 3238 1088 3279 eius

214 3292 245 3334 f.
310 3299 478 3347 patrata
541 3295 676 3336 caede
731 3295 892 3338 Getae:
973 3296 1087 3338 idem

214 3353 401 3406 scriptor
432 3354 492 3394 IV
524 3354 579 3396 9:
626 3360 913 3414 προστίθησι
948 3355 997 3399 δὲ
1029 3372 1085 3413 τω

216 3417 460 3484 σιτηρεσίῳ
520 3411 634 3458 ἄλλο
682 3419 763 3458 τοῦ
811 3417 1088 3474 τελουμένου

213 3468 372 3529 ἥ.μισυ
448 3471 641 3515 Lipsius.

304 3530 553 3573 consularia
584 3533 776 3588 insiynia
808 3533 1086 3589 Nymphidio:

214 3599 300 3627 non
333 3589 446 3631 bene
482 3596 583 3632 ante
613 3590 723 3634 haec
754 3592 890 3635 verba
921 3598 1084 3647 puncto

215 3645 525 3704 distinguitur.
582 3663 750 3697 comma
794 3651 925 3694 debet
971 3665 1083 3707 esse,

1172 2357 1276 2386 sana
1310 2344 1514 2386 videntur
1555 2358 1652 2387 esse
1686 2345 1844 2387 omnia.
1905 2343 2044 2398 Nym-

1170 2403 1363 2458 phidium
1386 2406 1500 2446 enim
1534 2405 1740 2458 praetorii
1773 2403 2043 2459 praefectum

1169 2476 1256 2504 uno
1297 2465 1475 2505 nomine
1525 2465 1697 2517 vocari,
1746 2463 1819 2504 ubi
1857 2464 2043 2518 primum

1170 2529 1458 2575 memoratur,
1509 2536 1587 2577 per
1630 2537 1676 2565 se
1735 2522 2043 2565 consuetudini

1172 2580 1461 2624 Cornelianae
1495 2583 1750 2624 adversatur
1793 2585 1860 2636 (v.
1894 2586 2042 2624 annot.

1171 2640 1224 2681 ad
1257 2641 1353 2682 XIII
1383 2643 1489 2697 30),
1526 2648 1568 2682 et
1600 2643 1740 2697 magis
1772 2642 1927 2682 mirum
1961 2645 2042 2694 est,

1172 2699 1287 2754 quod
1331 2699 1460 2741 modo
1494 2700 1723 2742 Petronius
1767 2698 2041 2754 Turpilianus

1172 2765 1215 2800 et
1237 2757 1451 2801 Cocceius
1474 2759 1618 2802 Nerva
1648 2772 1769 2800 more
1792 2758 1925 2800 solito
1956 2770 2042 2800 no-

1170 2819 1321 2859 minati
1377 2825 1502 2871 sunt,
1553 2832 1698 2875 neque
1749 2830 1827 2873 pro
1869 2818 2044 2861 diversa

1173 2891 1304 2919 causa
1322 2891 1453 2919 unum
1477 2877 1683 2935 Tigellini
1708 2890 1865 2920 nomen
1897 2876 2043 2920 afferri

1171 2943 1331 2991 potest,
1365 2939 1466 2993 quia
1493 2939 1529 2979 is
1561 2940 1645 2980 iam
1678 2949 1811 2991 saepe
1847 2950 2044 2980 comme-

1171 3003 1362 3038 moratus
1386 3003 1464 3039 est.
1531 2998 1651 3049 Quae
1683 2998 1755 3052 qui
1789 2996 1872 3039 rite
1906 3008 2043 3051 repu-

1172 3058 1359 3108 taverit,
1408 3058 1482 3097 vix
1515 3056 1729 3098 dubitabit
1761 3057 1865 3111 quin
1908 3055 2044 3097 fuerit

1173 3115 1429 3172 Nymphidio
1461 3116 1636 3158 Sabino.
1703 3114 1828 3157 Conf.
1863 3114 1914 3157 H.
1947 3113 1966 3156 I
1998 3115 2040 3158 5.

1172 3175 1324 3217 Statim
1356 3187 1463 3216 vero
1499 3188 1614 3218 nova
1655 3173 1877 3217 dubitandi
1913 3186 2044 3216 causa

1171 3234 1381 3276 oboritur.
1430 3233 1535 3275 Nam
1559 3236 1602 3275 in
1621 3233 1806 3277 Medicei
1829 3234 2043 3288 scriptura

1172 3294 1222 3335 de
1265 3308 1343 3349 quo
1391 3294 1644 3350 Nymphidio
1700 3293 1811 3335 duae
1866 3293 2043 3335 iunctae

1172 3360 1286 3406 sunt,
1317 3353 1456 3395 altera
1488 3354 1537 3394 de
1570 3367 1663 3408 quo,
1684 3358 1731 3393 ut
1762 3352 1938 3394 codices
1970 3352 2042 3393 in-

1170 3412 1374 3467 terpolati
1419 3412 1598 3468 legunt,
1649 3411 1788 3455 altera
1823 3411 1874 3453 de
1906 3411 2040 3466 Nym-

1164 3472 1334 3529 phidio,
1384 3477 1514 3527 atque
1567 3471 1677 3513 haec
1725 3477 1768 3513 et
1798 3469 1946 3512 Tacito
1996 3472 2041 3510 et

1171 3532 1273 3573 huic
1287 3531 1385 3573 loco
1402 3532 1583 3587 egregie
1599 3530 1774 3573 videtur
1786 3528 2037 3572 convenire.

1172 3588 1297 3633 Conf.
1331 3590 1409 3632 XV
1442 3592 1524 3633 34:
1559 3590 1720 3647 (Nero)
1754 3588 1868 3645 apud
1895 3587 2036 3630 Bene-

1168 3657 1336 3694 ventum
1354 3651 1526 3693 interim
1548 3650 1750 3703 consedit,
1770 3647 1842 3691 ubi
1860 3645 2037 3703 gladia-
