2280 4004
219 301 245 330 a
278 287 326 331 G.
365 288 439 332 66.

822 284 989 327 LIBER
1017 284 1130 327 XVI.
1195 283 1300 325 CAP.
1334 282 1524 326 34—35.

1955 288 2042 327 345

222 430 415 495 ctisque
463 427 724 493 utriusque
774 426 970 478 brachii
1019 425 1195 490 veniS,
1253 429 1515 491 postquam
1568 439 1799 475 cruorem
1851 425 2041 491 effudit,

222 519 421 570 humum
467 533 619 584 super
661 532 939 583 spargens,
995 517 1200 582 propius
1248 520 1431 567 vocato
1480 520 1750 581 quaestore
1798 513 2046 567 ‘libamus’

218 611 377 675 inquit
404 608 532 659 ‘Iovi
573 608 851 658 liberatori.

927 607 1139 673 Specta,
1186 607 1513 675 iuvenis;·et
1564 621 1713 657 omen
1757 607 1955 672 quidem
1995 607 2045 658 di

217 700 543 767 prohibeant:
581 704 802 750 ceterum
839 698 891 748 in
930 714 989 748 ea
1026 702 1251 763 tempora
1288 703 1432 748 natus
1476 713 1556 762 eS,
1610 698 1788 764 quibus
1845 699 2044 750 firmare

221 792 437 844 animum
458 790 693 856 expediat
720 788 1066 839 constantibus
1090 788 1366 854 exemplis?
1416 789 1532 840 Post
1555 788 1850 841 lentitudine
1883 790 2044 843 exitus
2063 801 2083 838 5

164 919 174 929 s
219 896 404 951 graves
443 880 693 931 cruciatus
731 879 1022 943 adferente,
1065 879 1295 929 obversis
1332 878 1384 928 in
1419 879 1726 931 Demetrium

340 1051 378 1091 1.
413 1048 603 1091 brachiis
634 1048 722 1089 Ma:
769 1046 803 1089 G
834 1047 1015 1090 brachii.

219 1122 310 1150 mus
345 1107 392 1150 G.
455 1109 497 1151 3.
531 1107 616 1149 iobi
647 1105 726 1148 Ma.

1121 1049 1162 1091 2.
1199 1054 1391 1104 questore
1424 1046 1504 1089 Ma.

822 1107 882 1148 dii
914 1105 983 1149 Or.
1046 1108 1088 1149 4,
1129 1115 1345 1147 caeterum
1375 1105 1455 1148 Ma.

1608 1047 1786 1088 libamus
1818 1047 1907 1090 Ma:
1940 1047 2049 1088 libe-

1525 1107 1568 1149 6.
1603 1108 1678 1162 aff.
1714 1106 1785 1148 Οι·.
1862 1107 2051 1149 obuersis

221 1165 310 1220 Ma,
346 1173 393 1208 ut
426 1168 592 1219 ceteri,
627 1179 714 1207 non
747 1166 958 1219 obversus,
992 1172 1039 1206 ut
1069 1165 1320 1207 Waltherus
1353 1166 1490 1208 refert
1523 1179 1577 1207 ex
1611 1166 1824 1208 victorio.

220 1323 379 1364 quoque
399 1324 492 1350 cum
518 1322 564 1350 eo
589 1308 835 1362 aliquando,
870 1316 1097 1363 cognatam

221 1370 309 1411 eius
341 1369 519 1411 Arriam
549 1368 730 1409 habente
759 1381 951 1409 uxorem.

307 1485 411 1539 Cap.
445 1486 516 1527 35.
581 1484 759 1525 libamus
801 1484 894 1526 Iovi
933 1485 1096 1525 libera-

221 1546 330 1587 tori.-
371 1543 473 1599 quid
507 1543 639 1584 faciat
670 1545 764 1598 ipse
799 1557 893 1584 cum
928 1544 1094 1584 duobus

221 1604 399 1654 amicis,
445 1604 664 1657 quaestori
698 1603 829 1654 dicit,
875 1615 962 1643 non
995 1600 1096 1657 quid

220 1665 303 1705 iam
338 1663 487 1704 facere
519 1662 728 1704 intendat.
792 1662 928 1704 Recte
962 1663 1096 1717 igitur

222 1722 424 1772 libamus,
471 1733 559 1761 non
621 1722 808 1763 lib'emus.
873 1722 1095 1777 Sanguine

220 1794 299 1823 suo
331 1794 379 1822 se
412 1780 550 1822 libare
573 1779 682 1833 Iovi,
717 1781 789 1835 qui
821 1781 962 1834 ipsum
991 1793 1095 1821 vera

221 1841 424 1882 libertate
458 1839 611 1892 donet,
659 1839 898 1893 profitetur.
962 1839 1095 1880 Iuve-

220 1899 332 1940 nalis
375 1899 437 1953 (V
481 1899 560 1954 36)
609 1898 853 1940 Scholiasta
895 1905 969 1940 aut
1009 1912 1095 1939 non

221 1960 327 2000 satis
360 1957 596 2013 diligenter
630 1958 741 2014 legit
773 1957 989 2010 Tacitum,
1024 1965 1096 1999 aut

221 2024 396 2060 secutus
437 2023 503 2059 est
536 2017 668 2059 alium
714 2024 961 2070 auctorem,
1004 2017 1096 2059 Pli-

1179 1309 1297 1348 nium
1333 1307 1404 1350 vel
1449 1307 1629 1348 Fabium
1661 1308 1907 1359 Rusticum,
1957 1322 2052 1349 cum

1179 1373 1347 1408 narrat:
1386 1367 1587 1419 Thrasea,
1623 1392 1679 1399 -
1711 1374 1936 1408 accusatus
1963 1368 2054 1408 cri-

1179 1429 1292 1468 mine
1324 1427 1585 1478 maiestatis,
1635 1426 1806 1481 defendi
1845 1441 1888 1467 se
1920 1425 2055 1466 nol-uit

1179 1485 1471 1539 secandasque
1507 1498 1638 1526 venas
1676 1486 1901 1541 praebuit,
1949 1498 2055 1524 con·

1179 1559 1404 1598 versusque
1436 1545 1493 1585 ad
1524 1546 1786 1587 Demetrium
1827 1544 2056 1598 Cynicum:

1178 1606 1349 1646 ‘Nonne
1380 1605 1455 1645 tibi
1486 1603 1623 1644 libare
1653 1604 1801 1644 videor
1825 1604 1917 1644 Ιουί
1951 1602 2034 1643 libe

1180 1661 1366 1704 ναίονθ’
1392 1663 1528 1717 Atque
1545 1662 1723 1718 singulis
1741 1663 1890 1704 amicis
1910 1661 2058 1703 oscula

1181 1724 1364 1779 offerens
1397 1724 1664 1763 exanima-tus
1700 1730 1773 1764 est.

1269 1788 1428 1835 specta,
1463 1783 1648 1823 iuvenis.-
1682 1787 1957 1837 quaestorem
1990 1781 2055 1822 al-

1180 1840 1398 1896 loquitur:
1432 1854 1529 1882 nam
1556 1847 1810 1896 quaestores
1829 1842 2055 1895 principis,

1181 1906 1227 1940 ut
1261 1901 1410 1953 ceteri,
1449 1913 1501 1942 eo
1535 1914 1713 1942 munere
1746 1902 1928 1942 iuvenes
1953 1901 2056 1941 fun-

1182 1959 1421 2014 gebantur,
1460 1973 1561 2001 mox
1592 1959 1645 2001 ad
1675 1966 1919 2014 praeturam
1952 1972 2057 2014 pro-

1181 2019 1484 2062 movebantur.
