2280 4004
275 273 364 321 144
966 286 969 289 ’
1022 275 1315 322 ANNALIVM

1723 294 1766 328 a.
1796 293 1841 330 u.
1871 278 2097 329 sto-11.

273 428 390 491 post
407 423 581 476 Iuliam
601 421 751 474 Drusi
773 420 925 472 filiam
953 420 1071 474 dolo
1090 422 1395 476 Messalinae
1420 423 1742 478 interfectam
1757 440 1851 493 per
1872 425 2100 494 quadra·-

273 517 414 584 ginta
440 529 600 568 annos
628 529 732 565 non
760 513 894 565 cultu
919 514 1019 566 nisi
1045 514 1266 583 lugubri,
1301 530 1405 568 non
1428 517 1596 569 animo
1624 517 1724 570 nisi
1749 522 1944 571 maesto
1973 519 2095 587 egit.

272 607 429 673 quue
463 605 535 656 illi
571 605 889 672 imperitante
919 605 1130 658 Claudio
1169 606 1388 673 impune,
1415 622 1536 661 mox
1570 609 1635 660 ad
1671 609 1890 677 gloriam
1925 609 2093 662 vertit.

411 696 549 748 Idem
576 712 736 750 annus
760 697 932 764 plures
960 710 1082 750 reos
1106 698 1294 775 babuit.
1370 699 1592 761 Quorum
1617 701 1841 752 Publium
1866 701 2179 756 Celerem33

232 794 545 842 saccusante
575 789 718 855 Asia,
754 789 868 856 quia
898 772 1166 843 absolvere
1196 790 1435 857 nequibat
1456 791 1663 858 Caesar,
1691 794 1861 858 traxit,
1889 797 2096 846 senecta

271 879 438 933 donec
483 885 695 933 mortem
743 881 924 933 obiret.
997 882 1123 935 Nam
1162 882 1312 935 Celer
1357 883 1652 949 interiectu,
1705 889 1760 935 ut
1797 883 2093 950 memoravi,

268 971 441 1026 Silano
456 972 764 1040 proconsule
785 973 1136 1041 magnitudine
1160 974 1373 1026 sceleris
1395 980 1566 1028 cetera
1585 975 1778 1043 flagitia
1803 975 2094 1044 obtegebat.

269 1063 620 1117 Cossutianum
646 1065 939 1132 Capitonem
985 1065 1170 1118 Cilices
1203 1066 1487 1118 detulerant
1524 1067 1834 1119 maculosum
1860 1067 2099 1120 foedum-

268 1171 395 1223 que,
449 1162 498 1209 et
534 1157 667 1209 idem
704 1158 783 1209 ius
823 1157 1068 1209 audaciae
1108 1158 1160 1208 in
1197 1159 1463 1224 provincia
1501 1163 1664 1210 ratum
1707 1159 1843 1226 quod
1880 1159 1934 1210 in
1967 1159 2098 1211 urbe

205 1254 582 1304 mexercuerat.
658 1249 758 1302 Sed
797 1249 1057 1316 pervicaci
1099 1250 1428 1302 accusatione
1480 1250 1795 1302 conflictatus
1834 1255 2094 1317 postremo

268 1340 620 1394 defensionem
675 1341 871 1407 omisit,
947 1357 1008 1393 ac
1058 1340 1176 1408 lege
1230 1341 1626 1407 repetundarum
1679 1341 1947 1394 damnatus
1999 1345 2094 1394 est.

262 1431 358 1484 Pro
397 1433 551 1500 Eprio
588 1432 859 1498 MarceIIO,
923 1449 950 1484 a
989 1446 1087 1498 quo
1123 1432 1263 1500 Lycii
1316 1447 1400 1483 res
1448 1432 1775 1498 repetebant,
1834 1445 1897 1484 eo
1935 1444 2097 1498 usque

264 1523 479 1576 ambitus
513 1523 796 1591 praevaluit
835 1529 889 1574 ut
924 1523 1127 1590 quidam
1181 1529 1535 1575 accusatorum
1572 1524 1681 1576 eius
1721 1523 1874 1576 exilio
1911 1523 2096 1576 multa-

263 1619 456 1680 rentur,
495 1620 751 1682 tamquam
787 1614 976 1667 insonti
1011 1614 1290 1680 perIculum
1327 1614 1588 1667 fecissent.

203 1713 252 1752 ¹⁵
401 1707 606 1760 Nerone
660 1706 860 1759 tertium
911 1706 1121 1758 consule
1168 1707 1317 1759 simul
1363 1707 1475 1758 iniit
1514 1706 1827 1760 consulatum
1861 1707 2093 1762 Valerius
2108 1713 2180 1764 34

261 1798 496 1864 Messala,
537 1798 678 1850 cuius
716 1813 992 1865 proavum,
1032 1802 1288 1850 oratorem
1329 1798 1626 1866 Corvinum,
1681 1799 1800 1851 divo
1835 1798 2088 1869 August0,

263 1890 427 1942 abavo
463 1890 710 1956 Neronis,
765 1890 1014 1958 collegam
1066 1890 1119 1940 in
1157 1905 1219 1943 eo
1266 1890 1565 1958 magistratu
1606 1890 1764 1943 fuisse
1802 1891 1952 1958 pauci
1989 1892 2090 1944 iam

261 1996 438 2034 senum
475 1982 821 2034 meminerant.
896 1981 997 2035 Sed
1025 1982 1186 2033 nobili
1220 1982 1443 2034 familiae
1477 1982 1645 2034 honor
1679 1988 1854 2035 auctus
1884 1987 1962 2036 est
1997 1982 2096 2035 ob-

260 2073 375 2126 latis
414 2073 466 2124 in
503 2073 734 2142 singulos
771 2087 933 2125 annos
987 2073 1257 2141 quingenis
1310 2074 1589 2140 sestertiis,
1653 2074 1832 2141 quibus
1870 2073 2089 2127 Messala

196 2179 247 2218 πο
261 2170 607 2233 paupertatem
643 2165 904 2218 innoxiam
942 2170 1265 2217 sustentaret.
1338 2165 1549 2218 Aurelio
1591 2181 1793 2232 quoque
1831 2166 2008 2219 Cottae
2044 2170 2096 2218 et

378 2335 420 2378 2.
453 2340 581 2376 mesto
601 2331 680 2376 Ma.
773 2334 816 2377 3.
850 2334 1011 2389 inpune
1033 2331 1114 2376 Ma.
1206 2336 1250 2376 4.
1284 2333 1330 2376 Ρ.
1355 2331 1437 2376 Ma.
1530 2334 1573 2376 5.
1608 2347 1714 2390 asya
1740 2331 1822 2378 Ma.
1912 2333 1955 2378 7.
1984 2347 2094 2391 pro-

260 2407 346 2436 cos.
381 2406 478 2435 cum
509 2393 585 2436 lin.
618 2391 699 2435 Ma.
824 2392 867 2436 8.
901 2393 1124 2448 fedumque
1156 2391 1237 2435 Ma.
1359 2393 1401 2436 9.
1437 2393 1619 2435 audacie
1651 2392 1730 2437 Ma.
1847 2394 1916 2438 12.
1948 2392 2094 2436 licires

258 2453 477 2510 repetebat
505 2451 596 2495 Ma:
637 2451 671 2495 G
703 2451 828 2507 Lycii
871 2467 941 2494 res
980 2452 1242 2509 repetebant.
1367 2450 1435 2495 14.
1482 2453 1659 2508 taquam
1689 2451 1770 2495 Ma.
1895 2453 1963 2497 15.
1996 2453 2096 2495 iniit

261 2512 480 2568 Spirensis
514 2519 557 2554 et
589 2512 852 2554 Rhenanus:
888 2510 990 2553 GMa
1021 2513 1116 2555 init.

258 2570 425 2629 familie
455 2570 523 2614 ma
626 2572 683 2616 20
734 2578 843 2613 cone
875 2571 942 2613 Ma
1244 2511 1311 2555 17.
1352 2511 1518 2569 collega
1549 2511 1643 2555 Ma:
1678 2511 1711 2555 G
1743 2509 1926 2569 colle-qa.
2021 2511 2092 2555 18·

374 2733 471 2784 post
513 2726 671 2769 Iuliam
711 2726 848 2769 Drusi
899 2728 1036 2781 filiam
1078 2751 1134 2759 --
1223 2726 1420 2769 Cilicum.
1478 2726 1660 2778 Quintil.
1698 2726 1755 2767 VI
1791 2729 1812 2769 1
1854 2726 1931 2770 14:
1965 2741 2090 2784 cyre-

259 2785 560 2843 interfectam:
622 2786 787 2828 Drusus
852 2792 918 2828 est
974 2786 1134 2828 Tiberii
1220 2787 1369 2842 9ieque
1406 2786 1528 2828 nobis
1561 2785 1901 2828 adolescentibus
1934 2786 2091 2829 dixisse

260 2846 400 2900 lilius3
442 2845 575 2898 Iulia,
610 2847 792 2899 primum
826 2845 989 2888 Neroni
1025 2845 1135 2888 Ger-
1221 2853 1451 2887 accusator
1484 2846 1729 2887 Cossutiani
1772 2846 1993 2902 Capitonis
2022 2848 2092 2888 vi-

260 2907 420 2948 manici
440 2905 547 2958 filio,
568 2905 726 2947 deinde
746 2905 949 2947 Rubellio
967 2904 1134 2947 Blando

261 2972 397 3020 nupta
438 2965 522 3020 (vl
554 2965 608 3008 27
645 2970 688 3006 et
718 2965 827 3021 45),
874 2967 1021 3006 occisa
1070 2970 1136 3006 est

263 3037 303 3068 a.
340 3025 425 3068 796
467 3023 665 3078 principe
708 3022 919 3076 Claudi03
968 3037 1010 3066 v.
1051 3023 1135 3064 Dio

263 3083 336 3126 LX
369 3083 438 3127 18.
485 3083 665 3125 Sueton.
702 3081 854 3124 Claud.
889 3083 961 3126 29.
1007 3083 1137 3124 Pom-

263 3145 397 3199 ponia
429 3143 524 3185 eius
556 3148 740 3184 mortem
778 3148 825 3182 ut
864 3143 1137 3198 propinquae

267 3206 333 3259 (v.
367 3203 406 3245 11
438 3202 519 3259 43)
566 3202 773 3244 continua
813 3203 997 3244 tristitia.
1032 3213 1137 3257 pro-

263 3268 417 3306 secuta
451 3268 517 3304 est
551 3275 688 3317 usque
729 3260 783 3302 ad
823 3275 861 3303 a.
894 3261 1006 3314 836,
1051 3273 1136 3317 quo

262 3324 355 3365 vita
399 3323 591 3364 excessit
632 3321 882 3362 Domitiano
920 3322 1135 3376 principe.

356 3381 461 3436 Gap.
501 3382 573 3424 33.
645 3380 757 3421 idem
788 3394 959 3422 annus:
993 3381 1049 3422 cf.
1084 3378 1138 3421 ad

262 3439 281 3482 1
315 3441 387 3484 53.
509 3447 555 3482 ut
586 3441 844 3481 memoravi.-
888 3453 928 3483 v.
962 3438 1060 3481 XIII
1097 3441 1135 3480 1.

268 3513 271 3517 ·
359 3500 658 3542 Cossutianum
692 3499 974 3555 Capitonem:
1004 3499 1138 3540 luve-

262 3559 351 3602 nal.
408 3557 506 3600 VIII
557 3559 636 3601 91:
693 3559 859 3614 respice
907 3584 963 3591 ——
1015 3571 1138 3613 quam

264 3617 446 3673 fulmine
475 3618 584 3659 iusto
618 3623 657 3658 et
693 3617 843 3673 Capito
877 3624 916 3659 et
941 3618 1139 3659 Numitor

264 3678 433 3721 ruerint
450 3707 463 3732 ,
498 3677 729 3721 damnante
758 3684 937 3734 senatu,
961 3677 1139 3735 piratae

1223 2905 1413 2958 debatur,
1442 2905 1606 2947 Graece
1626 2905 1792 2960 quidem
1812 2905 1888 2946 sed
1907 2906 1955 2946 in
1978 2904 2094 2947 hunc

1221 2979 1402 3017 sensum,
1420 2965 1650 3006 ‘erubescis
1666 2965 1898 3007 Caesarem
1914 2962 2092 3006 timere-³

1223 3024 1290 3065 De
1322 3024 1569 3065 nominibus
1602 3023 1842 3066 maculosus
1862 3024 2093 3080 foedusque

1223 3096 1264 3124 v.
1303 3083 1418 3124 dicta
1460 3083 1513 3124 ad
1545 3084 1596 3125 H.
1631 3083 1649 3124 1
1681 3085 1722 3126 7.
1854 3083 2094 3140 periculum

1221 3143 1447 3198 fecissent.-
1498 3145 1703 3198 antiquae
1744 3149 1876 3185 notae
1920 3148 1987 3185 est
2010 3157 2094 3200 pe-

1222 3202 1406 3243 riculum
1435 3204 1666 3256 facessere,
1700 3208 1747 3242 ut
1780 3201 1871 3245 Cic.
1896 3202 2091 3245 Divinat.

1222 3264 1265 3302 in
1289 3260 1453 3303 Caecil.
1484 3263 1561 3304 14:
1581 3263 1671 3318 ipse
1688 3263 1883 3318 profecto
1909 3269 2094 3305 metuere

1221 3321 1401 3377 incipies
1433 3334 1487 3361 ne
1509 3322 1731 3363 innocenti
1760 3321 1999 3377 periculum
2015 3323 2092 3376 fa-

1224 3382 1430 3433 cesseris,
1482 3385 1525 3421 et
1556 3381 1620 3422 sic
1651 3380 1821 3424 Tacitus
1854 3381 1873 3423 1
1910 3381 1991 3432 74,
2036 3378 2088 3421 Η.

1223 3440 1282 3481 lV
1315 3439 1388 3482 43.
1453 3439 1576 3482 Nunc
1611 3445 1654 3481 et
1687 3439 1786 3482 XVI
1819 3439 1873 3483 19
1909 3438 2090 3481 formam

1221 3503 1371 3555 facere
1403 3499 1624 3553 praetulit.
1952 3515 1955 3517 ·

1303 3556 1406 3612 Cap.
1440 3559 1512 3601 34.
1575 3558 1783 3614 colleyam
1823 3556 1870 3598 in
1908 3568 1957 3597 eo
1990 3567 2089 3597 ma-

1222 3618 1430 3673 gistratu.-
1463 3617 1518 3659 M.
1547 3617 1748 3659 Valerius
1771 3614 1957 3657 Messala
1977 3612 2091 3656 Cor-

1224 3677 1352 3723 vinus
1395 3675 1624 3723 consulatu
1665 3676 1841 3721 functus
1887 3679 1956 3723 est
1990 3685 2088 3719 cum
