2280 4004
240 311 267 344 a
299 297 351 350 c,-
381 298 453 355 53.
815 297 980 342 LIBER
1010 297 1131 353 xit·
1167 297 1273 354 cn.
1295 297 1496 350 ·oo-63.
2002 301 2062 344 aa

242 456 340 508 que
376 441 620 494 victorias
669 440 896 509 potuisse
950 441 1107 494 tradi:
1163 441 1256 494 sed
1297 441 1560 507 Claudius,
1617 441 1859 499 facilitate
1912 440 2062 493 solita

242 533 377 599 quod
412 534 499 585 uni
547 539 907 599 concesserat,
962 533 1111 586 nullis
1163 534 1478 586 extrinsecus
1516 532 1818 585 adiumentis
1856 532 2060 586 velavit.

154 643 223 690 62
378 625 446 677 At
472 624 697 691 Byzantii
726 624 839 676 data
867 624 1070 676 dicendi
1104 624 1250 690 copia
1288 640 1400 675 cum
1426 624 1824 691 magnitudinem
1852 638 2063 675 onerum

240 715 371 781 apud
404 720 632 768 senatum
661 715 1072 781 deprecarentur,
1101 720 1280 767 cuncta
1310 716 1612 782 repetivere,
1645 716 1751 768 orsi
1787 730 1816 767 a
1852 715 2066 767 foedere

240 807 374 872 quod
408 807 675 858 nobiscum
709 807 935 872 icerant,
999 822 1095 874 qua
1145 812 1441 873 tempestate
1480 807 1778 859 bellavimus
1816 807 2100 860 adversuss

237 914 412 967 regem
447 899 798 963 Macedonum,
841 900 921 950 cui
955 903 1008 950 ut
1045 899 1291 965 degeneri
1318 899 1725 965 Pseudophilippi
1761 898 2063 950 vocabulum

240 989 540 1057 impositum.
613 990 795 1043 Missas
832 989 1046 1056 posthac
1083 990 1257 1055 copias
1295 991 1348 1040 in
1377 990 1683 1041 Antiochum
1717 990 1905 1042 Persen
1940 990 2066 1043 Ari—

237 1080 516 1146 stonicum,
574 1085 624 1132 et
665 1081 880 1147 piratico
938 1080 1073 1132 bello
1125 1081 1348 1132 adiutum
1384 1081 1661 1132 Antonium
1697 1082 2062 1146 memorabant,

237 1184 467 1237 quaeque
514 1170 683 1224 Sullae
733 1175 818 1222 aut
866 1170 1073 1222 Lucullo
1129 1175 1214 1222 aut
1252 1171 1490 1237 Pompeio
1555 1171 1882 1235 obtulissent,
1945 1186 2064 1222 mox

235 1261 462 1318 recentia
497 1261 547 1311 in
584 1261 832 1314 Caesares
871 1261 1074 1326 merita,
1117 1261 1320 1327 quando
1361 1278 1420 1314 ea
1459 1261 1573 1313 loca
1612 1262 1894 1313 insiderent
1932 1276 2063 1327 quae
2083 1277 2131 1315 ιο

236 1351 659 1404 transmeantibus
704 1357 841 1403 terra
889 1352 1119 1418 marique
1162 1351 1374 1403 ducibus
1430 1351 1865 1417 exercitibusque,
1916 1351 2065 1403 simul

151 1458 223 1507 63
237 1442 472 1494 vehendo
502 1447 784 1493 commeatu
818 1448 1097 1508 opportuna
1132 1443 1316 1494 forent.
1390 1443 1617 1509 Namque
1653 1442 1906 1496 artissimo
1936 1443 2068 1493 inter

237 1535 489 1601 Europam
526 1533 802 1600 Asiamque
864 1534 1083 1586 divortio
1120 1533 1412 1601 Byzantium
1468 1534 1520 1584 in
1585 1538 1809 1586 extrema
1863 1535 2067 1600 Europa

237 1640 456 1692 posuere
498 1625 709 1691 Graeci,
749 1625 928 1691 quibus
968 1625 1192 1692 Pythium
1232 1625 1523 1691 Apollinem
1559 1624 1939 1686 consulentibus
1981 1625 2067 1676 ubi

239 1717 521 1769 conderent
556 1717 759 1782 urbem,
800 1717 1051 1768 redditum
1086 1717 1345 1768 oraculum
1384 1721 1486 1781 est,
1552 1722 1856 1783 quaererent
1892 1717 2063 1769 sedem
2084 1733 2133 1772 ¹5

239 1822 508 1860 caecorum
538 1807 688 1861 terris
726 1806 1012 1859 adversam.
1086 1807 1160 1859 Ea
1198 1807 1413 1874 ambage
1446 1807 1776 1860 Chalcedonii
1813 1813 2072 1859 monstra-

236 1898 433 1965 bantur,
477 1899 610 1966 quod
646 1899 846 1966 priores
885 1899 1004 1950 illuc
1039 1898 1257 1965 advecti,
1299 1898 1535 1965 praevisa
1570 1898 1799 1950 locorum
1836 1899 2065 1963 utilitate,

360 2024 398 2065 1.
430 2024 634 2079 potuisset
664 2025 910 2067 tradidisset
942 2024 1135 2066 claudius
1153 2023 1245 2066 Ma:
1279 2023 1530 2066 emendavit
1562 2023 1815 2066 Rhenanus.
1859 2025 2066 2080 patuisse,

238 2081 326 2135 BG,
358 2094 446 2123 non
472 2085 674 2139 potuisse,
709 2091 756 2126 ut
787 2090 931 2126 narrat
964 2083 1170 2126 Orellius.
1272 2085 1314 2127 3.
1348 2084 1406 2125 ad
1436 2096 1486 2137 pr
1515 2082 1596 2127 Ma.
1705 2085 1890 2126 Biz-antii
1923 2083 1981 2125 G:
2000 2082 2067 2124 Ma

239 2142 448 2183 bizantiis.
557 2144 741 2185 dicenda
772 2157 822 2198 pr
854 2143 934 2185 Ma.
1039 2143 1243 2185 bonerum
1281 2156 1331 2197 pr
1364 2141 1443 2185 Ma.
1544 2131 1609 2185 4.
1653 2143 1952 2200 deponi-entm-
1985 2141 2067 2185 Ma.

239 2202 280 2243 5.
313 2202 507 2243 iecerunt
526 2201 653 2244 GMaz
688 2203 965 2255 emendatum
998 2203 1043 2243 in
1063 2202 1189 2244 Bodl.
1223 2202 1308 2245 les.
1402 2209 1605 2258 tempesta
1631 2203 1712 2246 Ma.
1810 2202 1851 2245 6.
1882 2202 2069 2259 pseudo-

234 2261 373 2316 filippi
402 2259 483 2302 Ma.
575 2262 616 2304 7.
649 2263 739 2318 inp.
774 2262 854 2306 Ma.
946 2263 991 2305 8.
1025 2262 1371 2316 memorabantq3
1415 2275 1523 2316 quae
1555 2260 1636 2304 Ma.
1733 2263 1803 2305 12.
1835 2269 2070 2303 commeatu

240 2319 356 2372 GMa,
389 2332 477 2361 non
510 2323 775 2364 commeatui.

239 2386 377 2421 trema
408 2393 594 2437 europae
620 2379 736 2429 GMa.

238 2438 489 2482 Rhenanus.

1629 2322 1697 2364 13.
1732 2321 1809 2363 biz.
1844 2319 1926 2363 Ma.
1991 2336 2069 2362 ea·-

1367 2381 1435 2424 16.
1467 2393 1723 2437 ,qm-ecorum
1753 2379 1845 2423 Ma:
1880 2381 2071 2423 correxit

859 2323 1072 2364 artissimo
1106 2320 1185 2373 Ma,
1220 2321 1459 2364 arctissimo
1482 2321 1529 2363 G.

847 2383 915 2429 14.
945 2382 1128 2439 pithiam
1159 2379 1240 2424 Ma.

331 2555 402 2596 cui
445 2561 490 2597 ut
531 2555 733 2611 degeneri
763 2582 818 2588 —
850 2557 1110 2613 impositum.-

237 2614 500 2667 AudriscuS,
548 2615 696 2658 Persei
743 2617 862 2671 regis
894 2629 943 2659 se
975 2616 1112 2658 filium

241 2674 389 2717 ferens
423 2680 466 2715 et
497 2680 660 2724 mutato
691 2676 868 2717 nomine
884 2675 1111 2730 Philippus

239 2740 420 2776 vocatus
455 2732 919 2792 (Pseudophilippus),
953 2749 992 2777 a.
1025 2735 1112 2779 606

238 2792 438 2841 devictus
485 2798 551 2833 est
594 2806 619 2834 a
652 2793 703 2845 Q.
739 2794 916 2836 Metello
962 2795 1112 2837 Mace-

240 2851 422 2903 donico,
459 2851 684 2904 Byzantiis
716 2865 786 2894 res
818 2854 1110 2902 Romanorum

240 2910 491 2954 iuvantibus
524 2911 676 2965 eisque
707 2910 887 2954 foedere
915 2913 1109 2954 sociatis,

241 2969 388 3011 Livius
407 2967 523 3022 Epit.
542 2969 734 3014 48—50.
771 2971 970 3018 Velleius
996 2970 1013 3012 1
1043 2973 1108 3014 11.

240 3027 357 3069 Flor.
393 3026 433 3068 11
471 3025 538 3070 14.
571 3027 752 3084 Eutrop.
786 3030 846 3072 lv
874 3032 942 3080 ¹3.
985 3029 1109 3077 OroS.

242 3086 301 3127 lv
335 3088 407 3130 22.
452 3085 708 3142 Obsequens
741 3102 779 3130 c.
813 3089 883 3132 78.
926 3089 1109 3132 Pausan.

246 3144 322 3186 vn
357 3146 411 3188 13
446 3145 485 3187 1.
539 3146 624 3189 Sed
658 3160 754 3189 cum
785 3147 1030 3190 Antiochus
1068 3154 1112 3193 et

242 3204 395 3246 Perses
424 3217 449 3245 a
472 3202 696 3257 Byzantiis
718 3208 861 3248 statim
885 3208 1111 3250 memorati

244 3269 343 3305 ante
356 3262 615 3305 Andriscum
636 3277 663 3306 a
675 3265 879 3308 Romanis
903 3266 1111 3309 debellati

243 3324 358 3374 sint,
410 3322 625 3376 particula
671 3325 853 3380 posthac
898 3338 986 3366 non
1049 3326 1115 3366 rei

245 3388 398 3438 gestae
448 3386 617 3435 tempus
659 3383 737 3424 sed
780 3383 924 3425 dictae
976 3389 1114 3436 notat,

245 3441 286 3483 id
321 3439 436 3497 quod
468 3453 574 3482 vere
604 3442 772 3482 monuit
802 3441 988 3496 Lipsius.
1048 3441 1114 3484 De

244 3500 494 3543 Aristonico
528 3499 729 3542 turbante
762 3513 798 3542 a.
835 3500 947 3552 623,
995 3502 1113 3543 victo

246 3572 269 3604 a
289 3561 507 3614 Perperna
539 3574 576 3601 a.
600 3559 688 3602 624
721 3560 777 3603 cf.
811 3560 962 3602 Livius
995 3560 1113 3614 Epit.

248 3619 318 3665 59.
364 3619 554 3663 Iustinus
589 3618 759 3661 XXXVI
790 3620 832 3662 4.

346 3680 532 3739 piratico
583 3677 689 3720 bello
742 3703 798 3712 —-
851 3679 1112 3724 Antonium:

1199 2554 1363 2598 addidit
1391 2556 1578 2611 piratico
1612 2555 1735 2608 bello,
1769 2561 1815 2598 ut
1840 2561 2070 2610 appareret

1198 2615 1314 2662 hunc
1346 2615 1585 2657 Antonium
1617 2628 1704 2667 non
1749 2629 1845 2657 esse
1888 2616 1941 2657 M.
1973 2616 2068 2656 An-

1196 2675 1363 2716 tonium
1385 2676 1673 2729 triumvirum,
1696 2674 1773 2717 sed
1792 2688 1888 2717 esse
1903 2681 2068 2729 patrem

1198 2736 1293 2777 eius
1325 2735 1380 2777 M.
1399 2735 1653 2788 Antonium,
1689 2740 1932 2776 curatorem
1966 2747 2069 2776 orae

1196 2794 1438 2835 maritimae
1464 2807 1502 2836 a.
1527 2793 1628 2846 680,
1649 2795 1719 2835 cui
1735 2793 1912 2836 ludibrii
1939 2806 2071 2835 causa

1199 2852 1361 2894 Cretici
1424 2865 1584 2895 nomen
1645 2853 1844 2901 inditum.
1912 2851 2067 2894 Cicero

1199 2912 1472 2954 divinatione
1505 2913 1550 2953 in
1576 2911 1742 2954 Caecil.
1781 2914 1849 2965 17,
1884 2913 1926 2952 in
1943 2912 2067 2954 Verr.

1198 2971 1274 3013 lib.
1319 2970 1357 3021 11
1403 2973 1430 3014 3
1470 2971 1523 3024 8,
1566 2970 1712 3023 11191
1753 2973 1853 3015 213.
1918 2971 2068 3013 Livius

1196 3029 1312 3085 Epit.
1349 3030 1538 3074 96—97.
1575 3030 1774 3072 Velleius
1807 3031 1937 3074 1131.
1974 3031 2069 3085 Ap-

1197 3091 1313 3144 pian.
1351 3089 1445 3132 Civ.
1479 3089 1497 3131 1
1533 3091 1630 3132 111.

1287 3147 1392 3202 Cap.
1437 3148 1509 3191 63.
1573 3147 1770 3201 Pythium
1799 3146 2069 3201 Appollinem

1200 3233 1249 3241 —
1287 3207 1540 3248 adversam.-
1588 3205 1642 3247 de
1684 3205 1834 3246 eadem
1881 3218 1928 3246 re
1962 3204 2067 3246 dili-

1198 3271 1354 3320 genter
1396 3264 1599 3318 exposuit
1641 3263 1793 3310 Strabo
1843 3263 1920 3304 vu
1965 3262 1992 3305 6
2024 3265 2066 3315 2,

1198 3323 1329 3376 paulo
1381 3323 1509 3365 aliter
1555 3322 1800 3366 Herodotus
1850 3321 1909 3363 IV
1958 3321 2068 3374 1443

1201 3382 1257 3423 cf.
1290 3381 1552 3424 Aristoteles
1585 3382 1636 3424 Η.
1672 3381 1725 3423 Α.
1762 3379 1932 3423 vl1113
1956 3381 2069 3436 (15),

1197 3439 1408 3482 Aelianus
1444 3441 1565 3483 1{.A.
1597 3439 1654 3481 IX
1684 3438 1758 3493 42,
1790 3438 1975 3481 Plin.1X
1997 3440 2068 3482 20.

1284 3501 1488 3555 praevisa
1519 3499 1547 3540 l.
1579 3498 1793 3541 utilitate.-
1825 3504 1925 3539 ante
1959 3498 2068 3551 visa,

1198 3557 1276 3599 sed
1320 3571 1407 3599 non
1458 3557 1713 3610 intellecta,
1761 3559 2071 3611 interpretatur

1197 3615 1448 3660 Waltherus
1467 3632 1477 3659 :
1493 3617 1697 3660 Ernestio
1713 3619 1785 3672 qui
1799 3616 1972 3671 accepit
1983 3629 2071 3663 non

1196 3677 1290 3721 visa
1300 3678 1514 3722 sermonis
1525 3677 1667 3723 Latini
1682 3689 1785 3720 usus
1799 3676 2068 3727 adversatur.
