<?xml version="1.0" encoding="UTF-8"?>
<!DOCTYPE html PUBLIC "-//W3C//DTD XHTML 1.0 Transitional//EN"
    "http://www.w3.org/TR/xhtml1/DTD/xhtml1-transitional.dtd">
<html xmlns="http://www.w3.org/1999/xhtml" xml:lang="en" lang="en">
 <head>
  <title>
</title>
<meta http-equiv="Content-Type" content="text/html;charset=utf-8" />
  <meta name='ocr-system' content='tesseract 3.04.00' />
  <meta name='ocr-capabilities' content='ocr_page ocr_carea ocr_par ocr_line ocrx_word'/>
</head>
<body>
  <div class='ocr_page' id='page_1' title='image "./operaadcodicesan01taciuoft_0341.png"; bbox 0 0 2280 4004; ppageno 0'>
   <div class='ocr_carea' id='block_1_1' title="bbox 842 283 2092 329">
    <p class='ocr_par' dir='ltr' id='par_1_1' title="bbox 842 283 2092 329">
     <span class='ocr_line' id='line_1_1' title="bbox 842 283 2092 329; baseline 0 -2"><span class='ocrx_word' id='word_1_1' title='bbox 842 283 1005 328; x_wconf 87' lang='lat' dir='ltr'>LIBER</span> <span class='ocrx_word' id='word_1_2' title='bbox 1034 283 1110 329; x_wconf 87' lang='lat' dir='ltr'>lv.</span> <span class='ocrx_word' id='word_1_3' title='bbox 1172 283 1278 327; x_wconf 69' lang='lat' dir='ltr'>GAP.</span> <span class='ocrx_word' id='word_1_4' title='bbox 1312 283 1503 328; x_wconf 83' lang='lat'>30—32.</span> <span class='ocrx_word' id='word_1_5' title='bbox 2002 285 2092 328; x_wconf 75' lang='lat'>263</span> 
     </span>
    </p>
   </div>
   <div class='ocr_carea' id='block_1_2' title="bbox 266 284 509 334">
    <p class='ocr_par' dir='ltr' id='par_1_2' title="bbox 266 284 509 334">
     <span class='ocr_line' id='line_1_2' title="bbox 266 284 509 334; baseline -0.008 -1"><span class='ocrx_word' id='word_1_6' title='bbox 266 284 296 333; x_wconf 67' lang='grc' dir='ltr'>θ’</span> <span class='ocrx_word' id='word_1_7' title='bbox 323 284 375 331; x_wconf 71' lang='lat' dir='ltr'>G.</span> <span class='ocrx_word' id='word_1_8' title='bbox 408 287 509 334; x_wconf 60' lang='lat'>24...</span> 
     </span>
    </p>
   </div>
   <div class='ocr_carea' id='block_1_3' title="bbox 258 425 2154 2060">
    <p class='ocr_par' dir='ltr' id='par_1_3' title="bbox 258 425 2154 2060">
     <span class='ocr_line' id='line_1_3' title="bbox 271 425 2090 500; baseline -0.005 -16"><span class='ocrx_word' id='word_1_9' title='bbox 271 430 424 486; x_wconf 81' lang='lat' dir='ltr'>animi</span> <span class='ocrx_word' id='word_1_10' title='bbox 471 434 526 482; x_wconf 90' lang='lat' dir='ltr'>ut</span> <span class='ocrx_word' id='word_1_11' title='bbox 570 429 681 481; x_wconf 88' lang='lat' dir='ltr'>iure</span> <span class='ocrx_word' id='word_1_12' title='bbox 733 428 947 480; x_wconf 91' lang='lat' dir='ltr'>iurando</span> <span class='ocrx_word' id='word_1_13' title='bbox 1003 427 1460 500; x_wconf 46' lang='lat' dir='ltr'>0¹JS‡„¹lil!ger„el..9,„</span> <span class='ocrx_word' id='word_1_14' title='bbox 1484 441 1541 498; x_wconf 84' lang='lat' dir='ltr'>re</span> <span class='ocrx_word' id='word_1_15' title='bbox 1590 425 1790 492; x_wconf 86' lang='lat' dir='ltr'>publica</span> <span class='ocrx_word' id='word_1_16' title='bbox 1851 425 1904 476; x_wconf 92' lang='lat' dir='ltr'>id</span> <span class='ocrx_word' id='word_1_17' title='bbox 1959 439 2090 476; x_wconf 87' lang='lat' dir='ltr'>esse.</span> 
     </span>
     <span class='ocr_line' id='line_1_4' title="bbox 269 497 2096 587; baseline -0.004 -13"><span class='ocrx_word' id='word_1_18' title='bbox 269 521 416 584; x_wconf 82' lang='lat' dir='ltr'>Quod</span> <span class='ocrx_word' id='word_1_19' title='bbox 458 497 935 587; x_wconf 51' lang='lat' dir='ltr'>aspeffacceptum</span> <span class='ocrx_word' id='word_1_20' title='bbox 969 499 1356 584; x_wconf 43' lang='lat' dir='ltr'>a&#39;dffiraesenS,</span> <span class='ocrx_word' id='word_1_21' title='bbox 1420 531 1539 567; x_wconf 86' lang='lat' dir='ltr'>mox</span> <span class='ocrx_word' id='word_1_22' title='bbox 1591 517 1643 566; x_wconf 91' lang='lat' dir='ltr'>in</span> <span class='ocrx_word' id='word_1_23' title='bbox 1690 516 1889 567; x_wconf 89' lang='lat' dir='ltr'>laudem</span> <span class='ocrx_word' id='word_1_24' title='bbox 1943 516 2096 566; x_wconf 88' lang='lat' dir='ltr'>vertit</span> 
     </span>
     <span class='ocr_line' id='line_1_5' title="bbox 269 610 2091 680; baseline -0.003 -15"><span class='ocrx_word' id='word_1_25' title='bbox 269 627 510 680; x_wconf 85' lang='lat' dir='ltr'>regresso</span> <span class='ocrx_word' id='word_1_26' title='bbox 565 611 782 673; x_wconf 83' lang='lat' dir='ltr'>Suilli03</span> <span class='ocrx_word' id='word_1_27' title='bbox 848 625 994 676; x_wconf 88' lang='lat' dir='ltr'>quem</span> <span class='ocrx_word' id='word_1_28' title='bbox 1040 610 1166 660; x_wconf 90' lang='lat' dir='ltr'>vidit</span> <span class='ocrx_word' id='word_1_29' title='bbox 1230 623 1450 674; x_wconf 87' lang='lat' dir='ltr'>sequens</span> <span class='ocrx_word' id='word_1_30' title='bbox 1509 612 1650 659; x_wconf 89' lang='lat' dir='ltr'>aetas</span> <span class='ocrx_word' id='word_1_31' title='bbox 1707 613 2091 674; x_wconf 83' lang='lat' dir='ltr'>praepotentem</span> 
     </span>
     <span class='ocr_line' id='line_1_6' title="bbox 269 699 2088 767; baseline -0.003 -11"><span class='ocrx_word' id='word_1_32' title='bbox 269 704 514 766; x_wconf 84' lang='lat' dir='ltr'>venalem,</span> <span class='ocrx_word' id='word_1_33' title='bbox 555 706 606 753; x_wconf 91' lang='lat' dir='ltr'>et</span> <span class='ocrx_word' id='word_1_34' title='bbox 639 701 834 752; x_wconf 83' lang='lat' dir='ltr'>Claudii</span> <span class='ocrx_word' id='word_1_35' title='bbox 871 701 1113 767; x_wconf 88' lang='lat' dir='ltr'>principis</span> <span class='ocrx_word' id='word_1_36' title='bbox 1154 700 1375 751; x_wconf 89' lang='lat' dir='ltr'>amicitia</span> <span class='ocrx_word' id='word_1_37' title='bbox 1415 699 1501 749; x_wconf 89' lang='lat' dir='ltr'>diu</span> <span class='ocrx_word' id='word_1_38' title='bbox 1534 714 1796 765; x_wconf 82' lang='lat' dir='ltr'>prospere,</span> <span class='ocrx_word' id='word_1_39' title='bbox 1835 714 2088 766; x_wconf 89' lang='lat' dir='ltr'>nunquam</span> 
     </span>
     <span class='ocr_line' id='line_1_7' title="bbox 267 789 2125 856; baseline 0 -12"><span class='ocrx_word' id='word_1_40' title='bbox 267 794 398 844; x_wconf 89' lang='lat' dir='ltr'>bene</span> <span class='ocrx_word' id='word_1_41' title='bbox 431 807 590 843; x_wconf 88' lang='lat' dir='ltr'>usum.</span> <span class='ocrx_word' id='word_1_42' title='bbox 665 790 855 842; x_wconf 90' lang='lat' dir='ltr'>Eadem</span> <span class='ocrx_word' id='word_1_43' title='bbox 893 805 1058 856; x_wconf 90' lang='lat' dir='ltr'>poena</span> <span class='ocrx_word' id='word_1_44' title='bbox 1094 790 1145 840; x_wconf 95' lang='lat' dir='ltr'>in</span> <span class='ocrx_word' id='word_1_45' title='bbox 1168 790 1341 840; x_wconf 88' lang='lat' dir='ltr'>Catum</span> <span class='ocrx_word' id='word_1_46' title='bbox 1376 789 1611 840; x_wconf 87' lang='lat' dir='ltr'><strong>Firmium</strong></span> <span class='ocrx_word' id='word_1_47' title='bbox 1651 795 1940 841; x_wconf 84' lang='lat' dir='ltr'>senatorem</span> <span class='ocrx_word' id='word_1_48' title='bbox 1980 795 2125 844; x_wconf 81' lang='lat' dir='ltr'>sta-⁵</span> 
     </span>
     <span class='ocr_line' id='line_1_8' title="bbox 266 861 2085 948; baseline -0.002 -14"><span class='ocrx_word' id='word_1_49' title='bbox 266 861 433 947; x_wconf 71' lang='lat' dir='ltr'>tuitur,</span> <span class='ocrx_word' id='word_1_50' title='bbox 463 887 713 948; x_wconf 84' lang='lat' dir='ltr'>tamquam</span> <span class='ocrx_word' id='word_1_51' title='bbox 742 881 882 932; x_wconf 86' lang='lat' dir='ltr'>salsis</span> <span class='ocrx_word' id='word_1_52' title='bbox 918 881 1196 932; x_wconf 88' lang='lat' dir='ltr'>maiestatis</span> <span class='ocrx_word' id='word_1_53' title='bbox 1228 880 1520 932; x_wconf 86' lang='lat' dir='ltr'><strong>criminibus</strong></span> <span class='ocrx_word' id='word_1_54' title='bbox 1547 895 1778 932; x_wconf 89' lang='lat' dir='ltr'>sororem</span> <span class='ocrx_word' id='word_1_55' title='bbox 1808 881 2085 947; x_wconf 77' lang='lat' dir='ltr'>petivisset.</span> 
     </span>
     <span class='ocr_line' id='line_1_9' title="bbox 266 956 2087 1038; baseline -0.001 -12"><span class='ocrx_word' id='word_1_56' title='bbox 266 973 442 1038; x_wconf 87' lang='lat' dir='ltr'>Catus,</span> <span class='ocrx_word' id='word_1_57' title='bbox 495 978 550 1024; x_wconf 90' lang='lat' dir='ltr'>ut</span> <span class='ocrx_word' id='word_1_58' title='bbox 586 956 783 1037; x_wconf 85' lang='lat' dir='ltr'>rettuli,</span> <span class='ocrx_word' id='word_1_59' title='bbox 820 972 1063 1024; x_wconf 86' lang='lat' dir='ltr'>Libonem</span> <span class='ocrx_word' id='word_1_60' title='bbox 1101 972 1350 1023; x_wconf 81' lang='lat' dir='ltr'>inlexerat</span> <span class='ocrx_word' id='word_1_61' title='bbox 1386 972 1617 1036; x_wconf 81' lang='lat' dir='ltr'>insidiiS,</span> <span class='ocrx_word' id='word_1_62' title='bbox 1672 972 1859 1023; x_wconf 88' lang='lat' dir='ltr'>deinde</span> <span class='ocrx_word' id='word_1_63' title='bbox 1897 972 2087 1024; x_wconf 90' lang='lat' dir='ltr'>indicio</span> 
     </span>
     <span class='ocr_line' id='line_1_10' title="bbox 266 1063 2091 1133; baseline -0.001 -15"><span class='ocrx_word' id='word_1_64' title='bbox 266 1064 565 1133; x_wconf 85' lang='lat' dir='ltr'>perculerat.</span> <span class='ocrx_word' id='word_1_65' title='bbox 650 1065 772 1116; x_wconf 90' lang='lat' dir='ltr'>Eius</span> <span class='ocrx_word' id='word_1_66' title='bbox 822 1079 1011 1130; x_wconf 90' lang='lat' dir='ltr'>operae</span> <span class='ocrx_word' id='word_1_67' title='bbox 1058 1078 1254 1115; x_wconf 88' lang='lat' dir='ltr'>memor</span> <span class='ocrx_word' id='word_1_68' title='bbox 1301 1063 1560 1128; x_wconf 81' lang='lat' dir='ltr'>Tiberius,</span> <span class='ocrx_word' id='word_1_69' title='bbox 1628 1063 1720 1114; x_wconf 90' lang='lat' dir='ltr'>sed</span> <span class='ocrx_word' id='word_1_70' title='bbox 1780 1064 1878 1115; x_wconf 87' lang='lat' dir='ltr'>alia</span> <span class='ocrx_word' id='word_1_71' title='bbox 1936 1079 2091 1130; x_wconf 89' lang='lat' dir='ltr'>prae-</span> 
     </span>
     <span class='ocr_line' id='line_1_11' title="bbox 263 1155 2088 1222; baseline -0.001 -14"><span class='ocrx_word' id='word_1_72' title='bbox 263 1157 496 1222; x_wconf 87' lang='lat' dir='ltr'>tendens,</span> <span class='ocrx_word' id='word_1_73' title='bbox 542 1155 744 1210; x_wconf 89' lang='lat' dir='ltr'>exilium</span> <span class='ocrx_word' id='word_1_74' title='bbox 787 1155 1086 1222; x_wconf 84' lang='lat' dir='ltr'>deprecatus</span> <span class='ocrx_word' id='word_1_75' title='bbox 1115 1159 1213 1207; x_wconf 90' lang='lat' dir='ltr'>est:</span> <span class='ocrx_word' id='word_1_76' title='bbox 1253 1168 1352 1221; x_wconf 91' lang='lat' dir='ltr'>quo</span> <span class='ocrx_word' id='word_1_77' title='bbox 1394 1155 1558 1206; x_wconf 90' lang='lat' dir='ltr'>minus</span> <span class='ocrx_word' id='word_1_78' title='bbox 1591 1159 1770 1206; x_wconf 88' lang='lat' dir='ltr'>senatu</span> <span class='ocrx_word' id='word_1_79' title='bbox 1798 1155 2088 1221; x_wconf 86' lang='lat' dir='ltr'>pelleretur,</span> 
     </span>
     <span class='ocr_line' id='line_1_12' title="bbox 263 1247 2154 1300; baseline -0.003 -1"><span class='ocrx_word' id='word_1_80' title='bbox 263 1262 367 1300; x_wconf 90' lang='lat' dir='ltr'>non</span> <span class='ocrx_word' id='word_1_81' title='bbox 407 1247 612 1300; x_wconf 90' lang='lat' dir='ltr'>obstitit.</span> <span class='ocrx_word' id='word_1_82' title='bbox 2107 1257 2154 1294; x_wconf 75' lang='grc' dir='ltr'>ιο</span> 
     </span>
     <span class='ocr_line' id='line_1_13' title="bbox 400 1337 2089 1407; baseline -0.001 -16"><span class='ocrx_word' id='word_1_83' title='bbox 400 1339 644 1407; x_wconf 85' lang='lat' dir='ltr'>Pleraque</span> <span class='ocrx_word' id='word_1_84' title='bbox 705 1353 879 1392; x_wconf 88' lang='lat' dir='ltr'>eorum</span> <span class='ocrx_word' id='word_1_85' title='bbox 941 1353 1070 1405; x_wconf 87' lang='lat' dir='ltr'>quae</span> <span class='ocrx_word' id='word_1_86' title='bbox 1116 1338 1286 1390; x_wconf 84' lang='lat' dir='ltr'>rettuli</span> <span class='ocrx_word' id='word_1_87' title='bbox 1344 1352 1573 1405; x_wconf 88' lang='lat' dir='ltr'>quaeque</span> <span class='ocrx_word' id='word_1_88' title='bbox 1627 1337 1875 1403; x_wconf 87' lang='lat' dir='ltr'>reseram,</span> <span class='ocrx_word' id='word_1_89' title='bbox 1932 1353 2089 1404; x_wconf 91' lang='lat' dir='ltr'>parva</span> 
     </span>
     <span class='ocr_line' id='line_1_14' title="bbox 263 1428 2088 1482; baseline -0.002 0"><span class='ocrx_word' id='word_1_90' title='bbox 263 1429 478 1482; x_wconf 75' lang='lat' dir='ltr'>forsitan</span> <span class='ocrx_word' id='word_1_91' title='bbox 513 1435 562 1481; x_wconf 92' lang='lat' dir='ltr'>et</span> <span class='ocrx_word' id='word_1_92' title='bbox 594 1429 726 1481; x_wconf 91' lang='lat' dir='ltr'>levia</span> <span class='ocrx_word' id='word_1_93' title='bbox 755 1434 1034 1481; x_wconf 90' lang='lat' dir='ltr'>memoratu</span> <span class='ocrx_word' id='word_1_94' title='bbox 1059 1429 1224 1481; x_wconf 89' lang='lat' dir='ltr'>videri</span> <span class='ocrx_word' id='word_1_95' title='bbox 1252 1443 1355 1480; x_wconf 90' lang='lat' dir='ltr'>non</span> <span class='ocrx_word' id='word_1_96' title='bbox 1391 1428 1594 1480; x_wconf 89' lang='lat' dir='ltr'>nescius</span> <span class='ocrx_word' id='word_1_97' title='bbox 1632 1444 1769 1480; x_wconf 87' lang='lat' dir='ltr'>sum:</span> <span class='ocrx_word' id='word_1_98' title='bbox 1811 1428 1902 1480; x_wconf 90' lang='lat' dir='ltr'>sed</span> <span class='ocrx_word' id='word_1_99' title='bbox 1939 1444 2088 1480; x_wconf 89' lang='lat' dir='ltr'>nemo</span> 
     </span>
     <span class='ocr_line' id='line_1_15' title="bbox 260 1520 2088 1586; baseline -0.001 -13"><span class='ocrx_word' id='word_1_100' title='bbox 260 1521 471 1573; x_wconf 84' lang='lat' dir='ltr'>annales</span> <span class='ocrx_word' id='word_1_101' title='bbox 509 1526 712 1572; x_wconf 89' lang='lat' dir='ltr'>nostros</span> <span class='ocrx_word' id='word_1_102' title='bbox 752 1536 863 1571; x_wconf 89' lang='lat' dir='ltr'>cum</span> <span class='ocrx_word' id='word_1_103' title='bbox 901 1520 1151 1586; x_wconf 84' lang='lat' dir='ltr'>scriptura</span> <span class='ocrx_word' id='word_1_104' title='bbox 1195 1535 1369 1572; x_wconf 92' lang='lat' dir='ltr'>eorum</span> <span class='ocrx_word' id='word_1_105' title='bbox 1410 1520 1731 1572; x_wconf 88' lang='lat' dir='ltr'>contenderit</span> <span class='ocrx_word' id='word_1_106' title='bbox 1769 1520 1852 1586; x_wconf 91' lang='lat' dir='ltr'>qui</span> <span class='ocrx_word' id='word_1_107' title='bbox 1887 1526 2088 1572; x_wconf 88' lang='lat' dir='ltr'>veteres</span> 
     </span>
     <span class='ocr_line' id='line_1_16' title="bbox 259 1602 2089 1679; baseline -0.001 -15"><span class='ocrx_word' id='word_1_108' title='bbox 259 1612 428 1679; x_wconf 84' lang='lat' dir='ltr'>populi</span> <span class='ocrx_word' id='word_1_109' title='bbox 464 1612 676 1664; x_wconf 87' lang='lat' dir='ltr'>Romani</span> <span class='ocrx_word' id='word_1_110' title='bbox 709 1627 795 1673; x_wconf 83' lang='lat' dir='ltr'>res</span> <span class='ocrx_word' id='word_1_111' title='bbox 834 1627 1184 1678; x_wconf 88' lang='lat' dir='ltr'>composuere.</span> <span class='ocrx_word' id='word_1_112' title='bbox 1260 1612 1490 1679; x_wconf 84' lang='lat' dir='ltr'>Ingentia</span> <span class='ocrx_word' id='word_1_113' title='bbox 1526 1602 1604 1662; x_wconf 58' lang='lat' dir='ltr'>illi‘</span> <span class='ocrx_word' id='word_1_114' title='bbox 1631 1611 1781 1676; x_wconf 88' lang='lat' dir='ltr'>bella,</span> <span class='ocrx_word' id='word_1_115' title='bbox 1824 1626 2089 1679; x_wconf 86' lang='lat' dir='ltr'>expugna-</span> 
     </span>
     <span class='ocr_line' id='line_1_17' title="bbox 260 1701 2151 1769; baseline -0.001 -16"><span class='ocrx_word' id='word_1_116' title='bbox 260 1703 426 1755; x_wconf 88' lang='lat' dir='ltr'>tiones</span> <span class='ocrx_word' id='word_1_117' title='bbox 459 1703 684 1768; x_wconf 88' lang='lat' dir='ltr'>urbium‚</span> <span class='ocrx_word' id='word_1_118' title='bbox 729 1702 870 1754; x_wconf 89' lang='lat' dir='ltr'>susos</span> <span class='ocrx_word' id='word_1_119' title='bbox 910 1701 1187 1768; x_wconf 90' lang='lat' dir='ltr'>captosque</span> <span class='ocrx_word' id='word_1_120' title='bbox 1225 1717 1406 1769; x_wconf 80' lang='lat' dir='ltr'>regeS,</span> <span class='ocrx_word' id='word_1_121' title='bbox 1461 1707 1545 1753; x_wconf 90' lang='lat' dir='ltr'>aut</span> <span class='ocrx_word' id='word_1_122' title='bbox 1580 1702 1624 1754; x_wconf 89' lang='lat' dir='ltr'>si</span> <span class='ocrx_word' id='word_1_123' title='bbox 1663 1702 1864 1768; x_wconf 85' lang='lat' dir='ltr'>quando</span> <span class='ocrx_word' id='word_1_124' title='bbox 1906 1702 1971 1753; x_wconf 90' lang='lat' dir='ltr'>ad</span> <span class='ocrx_word' id='word_1_125' title='bbox 2005 1702 2151 1752; x_wconf 75' lang='lat' dir='ltr'>in-is</span> 
     </span>
     <span class='ocr_line' id='line_1_18' title="bbox 260 1793 2087 1860; baseline 0.001 -16"><span class='ocrx_word' id='word_1_126' title='bbox 260 1799 402 1846; x_wconf 88' lang='lat' dir='ltr'>terna</span> <span class='ocrx_word' id='word_1_127' title='bbox 437 1798 848 1860; x_wconf 84' lang='lat' dir='ltr'>praeverterent,</span> <span class='ocrx_word' id='word_1_128' title='bbox 903 1793 1189 1844; x_wconf 87' lang='lat' dir='ltr'>discordias</span> <span class='ocrx_word' id='word_1_129' title='bbox 1230 1793 1492 1844; x_wconf 87' lang='lat' dir='ltr'>consulum</span> <span class='ocrx_word' id='word_1_130' title='bbox 1531 1793 1800 1846; x_wconf 88' lang='lat' dir='ltr'>adversum</span> <span class='ocrx_word' id='word_1_131' title='bbox 1838 1793 2087 1858; x_wconf 77' lang='lat' dir='ltr'>tribunOS,</span> 
     </span>
     <span class='ocr_line' id='line_1_19' title="bbox 258 1883 2090 1953; baseline -0.001 -16"><span class='ocrx_word' id='word_1_132' title='bbox 258 1885 490 1953; x_wconf 86' lang='lat' dir='ltr'>agrarias</span> <span class='ocrx_word' id='word_1_133' title='bbox 513 1884 970 1950; x_wconf 83' lang='lat' dir='ltr'>frumentariasque</span> <span class='ocrx_word' id='word_1_134' title='bbox 995 1884 1155 1953; x_wconf 81' lang='lat' dir='ltr'>leges,</span> <span class='ocrx_word' id='word_1_135' title='bbox 1185 1884 1349 1950; x_wconf 90' lang='lat' dir='ltr'>plebis</span> <span class='ocrx_word' id='word_1_136' title='bbox 1386 1890 1435 1935; x_wconf 88' lang='lat' dir='ltr'>et</span> <span class='ocrx_word' id='word_1_137' title='bbox 1465 1883 1775 1950; x_wconf 88' lang='lat' dir='ltr'>optimatium</span> <span class='ocrx_word' id='word_1_138' title='bbox 1813 1884 2090 1936; x_wconf 87' lang='lat' dir='ltr'>certamina</span> 
     </span>
     <span class='ocr_line' id='line_1_20' title="bbox 258 1975 2084 2060; baseline -0.001 -33"><span class='ocrx_word' id='word_1_139' title='bbox 258 1976 673 2060; x_wconf 48' lang='lat' dir='ltr'>EQQQJEQ!</span> <span class='ocrx_word' id='word_1_140' title='bbox 709 1976 1073 2027; x_wconf 88' lang='lat' dir='ltr'>memorabant.</span> <span class='ocrx_word' id='word_1_141' title='bbox 1142 1975 1300 2027; x_wconf 83' lang='lat' dir='ltr'>Nobis</span> <span class='ocrx_word' id='word_1_142' title='bbox 1326 1976 1377 2025; x_wconf 90' lang='lat' dir='ltr'>in</span> <span class='ocrx_word' id='word_1_143' title='bbox 1404 1980 1512 2027; x_wconf 88' lang='lat' dir='ltr'>arto</span> <span class='ocrx_word' id='word_1_144' title='bbox 1543 1981 1592 2026; x_wconf 91' lang='lat' dir='ltr'>et</span> <span class='ocrx_word' id='word_1_145' title='bbox 1629 1976 1879 2043; x_wconf 85' lang='lat' dir='ltr'>inglorius</span> <span class='ocrx_word' id='word_1_146' title='bbox 1916 1975 2084 2027; x_wconf 91' lang='lat' dir='ltr'>labor:</span> 
     </span>
    </p>
   </div>
   <div class='ocr_carea' id='block_1_4' title="bbox 259 2066 2150 2226">
    <p class='ocr_par' dir='ltr' id='par_1_4' title="bbox 259 2066 2150 2226">
     <span class='ocr_line' id='line_1_21' title="bbox 259 2066 2083 2133; baseline -0.001 -13"><span class='ocrx_word' id='word_1_147' title='bbox 259 2067 463 2122; x_wconf 91' lang='lat' dir='ltr'>immota</span> <span class='ocrx_word' id='word_1_148' title='bbox 505 2067 686 2133; x_wconf 87' lang='lat' dir='ltr'>quippe</span> <span class='ocrx_word' id='word_1_149' title='bbox 727 2072 810 2118; x_wconf 92' lang='lat' dir='ltr'>aut</span> <span class='ocrx_word' id='word_1_150' title='bbox 848 2066 1049 2119; x_wconf 86' lang='lat' dir='ltr'>modice</span> <span class='ocrx_word' id='word_1_151' title='bbox 1089 2066 1328 2119; x_wconf 85' lang='lat' dir='ltr'>lacessita</span> <span class='ocrx_word' id='word_1_152' title='bbox 1364 2082 1493 2132; x_wconf 84' lang='lat' dir='ltr'>pax,</span> <span class='ocrx_word' id='word_1_153' title='bbox 1535 2072 1759 2119; x_wconf 89' lang='lat' dir='ltr'>maestae</span> <span class='ocrx_word' id='word_1_154' title='bbox 1795 2067 1936 2119; x_wconf 87' lang='lat' dir='ltr'>urbis</span> <span class='ocrx_word' id='word_1_155' title='bbox 1970 2082 2083 2130; x_wconf 81' lang='lat' dir='ltr'>res3</span> 
     </span>
     <span class='ocr_line' id='line_1_22' title="bbox 261 2157 2150 2226; baseline -0.003 -15"><span class='ocrx_word' id='word_1_156' title='bbox 261 2163 313 2220; x_wconf 69' lang='lat' dir='ltr'>et,</span> <span class='ocrx_word' id='word_1_157' title='bbox 354 2158 590 2226; x_wconf 87' lang='lat' dir='ltr'>princeps</span> <span class='ocrx_word' id='word_1_158' title='bbox 640 2158 934 2224; x_wconf 86' lang='lat' dir='ltr'>proferendi</span> <span class='ocrx_word' id='word_1_159' title='bbox 978 2157 1172 2223; x_wconf 89' lang='lat' dir='ltr'>imperii</span> <span class='ocrx_word' id='word_1_160' title='bbox 1227 2157 1515 2208; x_wconf 89' lang='lat' dir='ltr'>incuriosus</span> <span class='ocrx_word' id='word_1_161' title='bbox 1569 2163 1692 2209; x_wconf 89' lang='lat' dir='ltr'>erat.</span> <span class='ocrx_word' id='word_1_162' title='bbox 1768 2158 1881 2209; x_wconf 87' lang='lat' dir='ltr'>Non</span> <span class='ocrx_word' id='word_1_163' title='bbox 1917 2162 2084 2211; x_wconf 89' lang='lat' dir='ltr'>tamen</span> <span class='ocrx_word' id='word_1_164' title='bbox 2102 2169 2150 2206; x_wconf 79' lang='lat'>20</span> 
     </span>
    </p>
   </div>
   <div class='ocr_carea' id='block_1_5' title="bbox 179 1340 249 1389">
    <p class='ocr_par' dir='ltr' id='par_1_5' title="bbox 179 1340 249 1389">
     <span class='ocr_line' id='line_1_23' title="bbox 179 1340 249 1389; baseline 0 0"><span class='ocrx_word' id='word_1_165' title='bbox 179 1340 249 1389; x_wconf 79' lang='lat'>32</span> 
     </span>
    </p>
   </div>
   <div class='ocr_carea' id='block_1_6' title="bbox 2128 1953 2280 2023">
    <p class='ocr_par' dir='ltr' id='par_1_6' title="bbox 2128 1953 2280 2023">
     <span class='ocr_line' id='line_1_24' title="bbox 2128 1953 2280 2007; baseline -0.013 -12"><span class='ocrx_word' id='word_1_166' title='bbox 2128 1953 2197 2007; x_wconf 35' lang='lat' dir='ltr'>“²¹&#39;‘ss</span> <span class='ocrx_word' id='word_1_167' title='bbox 2208 1961 2253 1999; x_wconf 56' lang='grc' dir='ltr'>ἶρῑ</span> <span class='ocrx_word' id='word_1_168' title='bbox 2267 1976 2280 1999; x_wconf 66' lang='lat'>3</span> 
     </span>
     <span class='ocr_line' id='line_1_25' title="bbox 2178 2009 2189 2023; baseline 0 0"><span class='ocrx_word' id='word_1_169' title='bbox 2178 2009 2189 2023; x_wconf 62' lang='lat' dir='ltr'><em>v</em></span> 
     </span>
    </p>
   </div>
   <div class='ocr_carea' id='block_1_7' title="bbox 257 2330 2088 2626">
    <p class='ocr_par' dir='ltr' id='par_1_7' title="bbox 257 2330 2088 2626">
     <span class='ocr_line' id='line_1_26' title="bbox 380 2330 2088 2387; baseline 0 -14"><span class='ocrx_word' id='word_1_170' title='bbox 380 2332 417 2373; x_wconf 89' lang='lat'>1.</span> <span class='ocrx_word' id='word_1_171' title='bbox 449 2337 495 2374; x_wconf 80' lang='lat' dir='ltr'>ut</span> <span class='ocrx_word' id='word_1_172' title='bbox 523 2331 618 2373; x_wconf 79' lang='lat' dir='ltr'>iure</span> <span class='ocrx_word' id='word_1_173' title='bbox 648 2331 833 2373; x_wconf 74' lang='lat' dir='ltr'>iurando</span> <span class='ocrx_word' id='word_1_174' title='bbox 867 2332 1033 2374; x_wconf 86' lang='lat' dir='ltr'>editor:</span> <span class='ocrx_word' id='word_1_175' title='bbox 1069 2330 1104 2372; x_wconf 81' lang='lat' dir='ltr'><strong>M</strong></span> <span class='ocrx_word' id='word_1_176' title='bbox 1138 2332 1418 2383; x_wconf 74' lang='lat' dir='ltr'>meimamlo,</span> <span class='ocrx_word' id='word_1_177' title='bbox 1452 2330 1692 2373; x_wconf 87' lang='lat' dir='ltr'>Beroaldus</span> <span class='ocrx_word' id='word_1_178' title='bbox 1725 2336 1768 2372; x_wconf 87' lang='lat' dir='ltr'>et</span> <span class='ocrx_word' id='word_1_179' title='bbox 1800 2331 1935 2387; x_wconf 87' lang='lat' dir='ltr'>vulgo</span> <span class='ocrx_word' id='word_1_180' title='bbox 1969 2338 2014 2373; x_wconf 80' lang='lat' dir='ltr'>ut</span> <span class='ocrx_word' id='word_1_181' title='bbox 2049 2338 2088 2373; x_wconf 82' lang='lat' dir='ltr'>et</span> 
     </span>
     <span class='ocr_line' id='line_1_27' title="bbox 257 2391 2086 2447; baseline -0.001 -14"><span class='ocrx_word' id='word_1_182' title='bbox 257 2391 458 2434; x_wconf 74' lang='lat' dir='ltr'>iurando.</span> <span class='ocrx_word' id='word_1_183' title='bbox 523 2405 544 2431; x_wconf 85' lang='lat' dir='ltr'>e</span> <span class='ocrx_word' id='word_1_184' title='bbox 576 2404 615 2433; x_wconf 79' lang='lat' dir='ltr'>r.</span> <span class='ocrx_word' id='word_1_185' title='bbox 643 2405 688 2447; x_wconf 81' lang='lat' dir='ltr'>p.</span> <span class='ocrx_word' id='word_1_186' title='bbox 724 2392 778 2433; x_wconf 88' lang='lat' dir='ltr'>M.</span> <span class='ocrx_word' id='word_1_187' title='bbox 842 2391 884 2434; x_wconf 82' lang='lat'>4.</span> <span class='ocrx_word' id='word_1_188' title='bbox 917 2404 1147 2446; x_wconf 80' lang='lat' dir='ltr'>numquam</span> <span class='ocrx_word' id='word_1_189' title='bbox 1181 2391 1235 2432; x_wconf 83' lang='lat' dir='ltr'>M.</span> <span class='ocrx_word' id='word_1_190' title='bbox 1300 2392 1339 2433; x_wconf 86' lang='lat'>7.</span> <span class='ocrx_word' id='word_1_191' title='bbox 1373 2391 1555 2432; x_wconf 74' lang='lat' dir='ltr'>libonem</span> <span class='ocrx_word' id='word_1_192' title='bbox 1573 2391 1627 2432; x_wconf 86' lang='grc' dir='ltr'>Μ.</span> <span class='ocrx_word' id='word_1_193' title='bbox 1691 2391 1850 2433; x_wconf 80' lang='lat' dir='ltr'>iudicio</span> <span class='ocrx_word' id='word_1_194' title='bbox 1883 2391 1950 2432; x_wconf 86' lang='lat' dir='ltr'>M:</span> <span class='ocrx_word' id='word_1_195' title='bbox 1984 2403 2086 2432; x_wconf 91' lang='lat' dir='ltr'>cor-</span> 
     </span>
     <span class='ocr_line' id='line_1_28' title="bbox 257 2450 2083 2507; baseline 0.001 -16"><span class='ocrx_word' id='word_1_196' title='bbox 257 2452 371 2492; x_wconf 86' lang='lat' dir='ltr'>rexit</span> <span class='ocrx_word' id='word_1_197' title='bbox 403 2450 673 2492; x_wconf 86' lang='lat' dir='ltr'>Vertranius.</span> <span class='ocrx_word' id='word_1_198' title='bbox 781 2450 822 2493; x_wconf 87' lang='lat'>9.</span> <span class='ocrx_word' id='word_1_199' title='bbox 857 2450 975 2507; x_wconf 80' lang='lat' dir='ltr'>depe.</span> <span class='ocrx_word' id='word_1_200' title='bbox 1025 2464 1121 2492; x_wconf 91' lang='lat' dir='ltr'>cum</span> <span class='ocrx_word' id='word_1_201' title='bbox 1166 2450 1241 2492; x_wconf 88' lang='lat' dir='ltr'>lin.</span> <span class='ocrx_word' id='word_1_202' title='bbox 1275 2450 1328 2492; x_wconf 83' lang='lat' dir='ltr'>M.</span> <span class='ocrx_word' id='word_1_203' title='bbox 1427 2450 1493 2492; x_wconf 78' lang='lat'>14.</span> <span class='ocrx_word' id='word_1_204' title='bbox 1531 2451 1798 2505; x_wconf 80' lang='lat' dir='ltr'>copossiuere</span> <span class='ocrx_word' id='word_1_205' title='bbox 1840 2453 1956 2506; x_wconf 88' lang='lat' dir='ltr'>(cum</span> <span class='ocrx_word' id='word_1_206' title='bbox 2006 2450 2083 2492; x_wconf 91' lang='lat' dir='ltr'>lin.</span> 
     </span>
     <span class='ocr_line' id='line_1_29' title="bbox 257 2509 2083 2569; baseline 0 -19"><span class='ocrx_word' id='word_1_207' title='bbox 257 2522 387 2564; x_wconf 87' lang='lat' dir='ltr'>super</span> <span class='ocrx_word' id='word_1_208' title='bbox 418 2511 564 2564; x_wconf 88' lang='lat' dir='ltr'>priore</span> <span class='ocrx_word' id='word_1_209' title='bbox 595 2510 680 2552; x_wconf 82' lang='lat' dir='ltr'>litt.</span> <span class='ocrx_word' id='word_1_210' title='bbox 715 2512 758 2569; x_wconf 90' lang='lat' dir='ltr'>o)</span> <span class='ocrx_word' id='word_1_211' title='bbox 793 2509 846 2551; x_wconf 79' lang='lat' dir='ltr'>M.</span> <span class='ocrx_word' id='word_1_212' title='bbox 943 2511 1010 2552; x_wconf 86' lang='grc'>18.</span> <span class='ocrx_word' id='word_1_213' title='bbox 1046 2516 1141 2551; x_wconf 80' lang='lat' dir='ltr'>arlo</span> <span class='ocrx_word' id='word_1_214' title='bbox 1176 2510 1238 2561; x_wconf 82' lang='lat' dir='ltr'>M,</span> <span class='ocrx_word' id='word_1_215' title='bbox 1270 2522 1356 2550; x_wconf 91' lang='lat' dir='ltr'>non</span> <span class='ocrx_word' id='word_1_216' title='bbox 1389 2509 1594 2551; x_wconf 87' lang='lat' dir='ltr'>Beroaldi</span> <span class='ocrx_word' id='word_1_217' title='bbox 1633 2516 1769 2552; x_wconf 79' lang='lat' dir='ltr'>arcto.</span> <span class='ocrx_word' id='word_1_218' title='bbox 1858 2509 1923 2553; x_wconf 87' lang='lat'>19.</span> <span class='ocrx_word' id='word_1_219' title='bbox 1958 2510 2083 2552; x_wconf 87' lang='lat' dir='ltr'>immo</span> 
     </span>
     <span class='ocr_line' id='line_1_30' title="bbox 257 2569 996 2626; baseline 0 -15"><span class='ocrx_word' id='word_1_220' title='bbox 257 2570 320 2611; x_wconf 76' lang='lat' dir='ltr'>ita</span> <span class='ocrx_word' id='word_1_221' title='bbox 351 2570 500 2626; x_wconf 78' lang='lat' dir='ltr'>quippe</span> <span class='ocrx_word' id='word_1_222' title='bbox 532 2569 586 2611; x_wconf 84' lang='lat' dir='ltr'>M.</span> <span class='ocrx_word' id='word_1_223' title='bbox 659 2569 730 2614; x_wconf 78' lang='grc'>20.</span> <span class='ocrx_word' id='word_1_224' title='bbox 765 2569 918 2625; x_wconf 82' lang='lat' dir='ltr'>imperi</span> <span class='ocrx_word' id='word_1_225' title='bbox 946 2569 996 2611; x_wconf 82' lang='lat' dir='ltr'>M.</span> 
     </span>
    </p>
   </div>
   <div class='ocr_carea' id='block_1_8' title="bbox 258 2712 2081 2756">
    <p class='ocr_par' dir='ltr' id='par_1_8' title="bbox 258 2712 2081 2756">
     <span class='ocr_line' id='line_1_31' title="bbox 258 2712 2081 2756; baseline 0.001 -3"><span class='ocrx_word' id='word_1_226' title='bbox 258 2712 401 2755; x_wconf 80' lang='lat' dir='ltr'>rebus,</span> <span class='ocrx_word' id='word_1_227' title='bbox 452 2712 684 2754; x_wconf 85' lang='lat' dir='ltr'>Praeterea</span> <span class='ocrx_word' id='word_1_228' title='bbox 714 2712 898 2754; x_wconf 81' lang='lat' dir='ltr'>iurando</span> <span class='ocrx_word' id='word_1_229' title='bbox 933 2713 1122 2755; x_wconf 80' lang='lat' dir='ltr'>obstrin-</span> <span class='ocrx_word' id='word_1_230' title='bbox 1206 2712 1378 2753; x_wconf 86' lang='lat' dir='ltr'>interna</span> <span class='ocrx_word' id='word_1_231' title='bbox 1410 2725 1458 2755; x_wconf 90' lang='lat' dir='ltr'>se</span> <span class='ocrx_word' id='word_1_232' title='bbox 1490 2717 1818 2756; x_wconf 86' lang='lat' dir='ltr'>converterent.</span> <span class='ocrx_word' id='word_1_233' title='bbox 1906 2713 1953 2754; x_wconf 84' lang='lat' dir='ltr'>in</span> <span class='ocrx_word' id='word_1_234' title='bbox 1985 2721 2081 2755; x_wconf 81' lang='lat' dir='ltr'>arto</span> 
     </span>
    </p>
   </div>
   <div class='ocr_carea' id='block_1_9' title="bbox 256 2771 1123 2991">
    <p class='ocr_par' dir='ltr' id='par_1_9' title="bbox 256 2771 1123 2991">
     <span class='ocr_line' id='line_1_32' title="bbox 256 2771 1122 2827; baseline 0.003 -15"><span class='ocrx_word' id='word_1_235' title='bbox 256 2786 361 2827; x_wconf 65' lang='lat' dir='ltr'>qen-c.</span> <span class='ocrx_word' id='word_1_236' title='bbox 383 2785 407 2812; x_wconf 88' lang='lat' dir='ltr'>a</span> <span class='ocrx_word' id='word_1_237' title='bbox 425 2771 657 2814; x_wconf 81' lang='lat' dir='ltr'>Latinitate</span> <span class='ocrx_word' id='word_1_238' title='bbox 683 2771 997 2814; x_wconf 83' lang='lat' dir='ltr'>dubitationem</span> <span class='ocrx_word' id='word_1_239' title='bbox 1026 2786 1122 2818; x_wconf 63' lang='lat' dir='ltr'>nlo-‚</span> 
     </span>
     <span class='ocr_line' id='line_1_33' title="bbox 259 2829 1120 2882; baseline 0 -8"><span class='ocrx_word' id='word_1_240' title='bbox 259 2836 346 2882; x_wconf 84' lang='lat' dir='ltr'>vet,</span> <span class='ocrx_word' id='word_1_241' title='bbox 381 2836 499 2872; x_wconf 87' lang='lat' dir='ltr'>certe</span> <span class='ocrx_word' id='word_1_242' title='bbox 529 2829 769 2872; x_wconf 83' lang='lat' dir='ltr'>Tacitinum</span> <span class='ocrx_word' id='word_1_243' title='bbox 803 2844 891 2872; x_wconf 90' lang='lat' dir='ltr'>non</span> <span class='ocrx_word' id='word_1_244' title='bbox 927 2837 1006 2873; x_wconf 85' lang='lat' dir='ltr'>est.</span> <span class='ocrx_word' id='word_1_245' title='bbox 1053 2831 1120 2874; x_wconf 82' lang='lat' dir='ltr'>Cf.</span> 
     </span>
     <span class='ocr_line' id='line_1_34' title="bbox 258 2888 1123 2942; baseline 0.003 -12"><span class='ocrx_word' id='word_1_246' title='bbox 258 2888 276 2930; x_wconf 94' lang='lat' dir='ltr'>l</span> <span class='ocrx_word' id='word_1_247' title='bbox 304 2890 378 2931; x_wconf 77' lang='lat'>14:</span> <span class='ocrx_word' id='word_1_248' title='bbox 402 2891 496 2931; x_wconf 79' lang='lat' dir='ltr'>iure</span> <span class='ocrx_word' id='word_1_249' title='bbox 519 2888 703 2931; x_wconf 77' lang='lat' dir='ltr'>iurando</span> <span class='ocrx_word' id='word_1_250' title='bbox 719 2889 959 2942; x_wconf 74' lang='lat' dir='ltr'>obstrinxit,</span> <span class='ocrx_word' id='word_1_251' title='bbox 981 2904 1123 2933; x_wconf 78' lang='lat' dir='ltr'>senon</span> 
     </span>
     <span class='ocr_line' id='line_1_35' title="bbox 261 2961 546 2991; baseline 0.011 -3"><span class='ocrx_word' id='word_1_252' title='bbox 261 2961 546 2991; x_wconf 70' lang='lat' dir='ltr'>excessurum.</span> 
     </span>
    </p>
   </div>
   <div class='ocr_carea' id='block_1_10' title="bbox 260 3033 1124 3489">
    <p class='ocr_par' dir='ltr' id='par_1_10' title="bbox 260 3033 1124 3489">
     <span class='ocr_line' id='line_1_36' title="bbox 337 3033 1123 3090; baseline 0.008 -14"><span class='ocrx_word' id='word_1_253' title='bbox 337 3048 457 3090; x_wconf 79' lang='lat' dir='ltr'>quem</span> <span class='ocrx_word' id='word_1_254' title='bbox 486 3033 590 3078; x_wconf 78' lang='lat' dir='ltr'>vidit</span> <span class='ocrx_word' id='word_1_255' title='bbox 620 3048 796 3090; x_wconf 77' lang='lat' dir='ltr'>sequens</span> <span class='ocrx_word' id='word_1_256' title='bbox 828 3037 1123 3082; x_wconf 62' lang='lat' dir='ltr'>aecass‘conf.</span> 
     </span>
     <span class='ocr_line' id='line_1_37' title="bbox 260 3093 1121 3147; baseline 0.006 -11"><span class='ocrx_word' id='word_1_257' title='bbox 260 3093 315 3136; x_wconf 76' lang='lat' dir='ltr'>x!</span> <span class='ocrx_word' id='word_1_258' title='bbox 352 3096 371 3136; x_wconf 93' lang='lat'>1</span> <span class='ocrx_word' id='word_1_259' title='bbox 418 3099 462 3135; x_wconf 88' lang='lat' dir='ltr'>et</span> <span class='ocrx_word' id='word_1_260' title='bbox 499 3095 529 3138; x_wconf 82' lang='lat'>4</span> <span class='ocrx_word' id='word_1_261' title='bbox 573 3100 616 3136; x_wconf 84' lang='lat' dir='ltr'>et</span> <span class='ocrx_word' id='word_1_262' title='bbox 648 3095 697 3147; x_wconf 88' lang='lat'>5,</span> <span class='ocrx_word' id='word_1_263' title='bbox 741 3094 837 3138; x_wconf 83' lang='lat' dir='ltr'>Xlll</span> <span class='ocrx_word' id='word_1_264' title='bbox 870 3098 927 3139; x_wconf 76' lang='lat'>42</span> <span class='ocrx_word' id='word_1_265' title='bbox 969 3103 1012 3139; x_wconf 84' lang='lat' dir='ltr'>et</span> <span class='ocrx_word' id='word_1_266' title='bbox 1051 3097 1121 3141; x_wconf 76' lang='lat'>43.</span> 
     </span>
     <span class='ocr_line' id='line_1_38' title="bbox 260 3152 1122 3198; baseline 0.006 -5"><span class='ocrx_word' id='word_1_267' title='bbox 260 3152 394 3194; x_wconf 89' lang='lat' dir='ltr'>Filius</span> <span class='ocrx_word' id='word_1_268' title='bbox 427 3159 518 3196; x_wconf 85' lang='lat' dir='ltr'>erat</span> <span class='ocrx_word' id='word_1_269' title='bbox 548 3153 785 3196; x_wconf 75' lang='lat' dir='ltr'>vestinae:</span> <span class='ocrx_word' id='word_1_270' title='bbox 834 3155 944 3197; x_wconf 89' lang='lat' dir='ltr'>Plin.</span> <span class='ocrx_word' id='word_1_271' title='bbox 986 3156 1036 3198; x_wconf 81' lang='lat' dir='ltr'>N.</span> <span class='ocrx_word' id='word_1_272' title='bbox 1070 3157 1122 3198; x_wconf 83' lang='lat' dir='ltr'>ll.</span> 
     </span>
     <span class='ocr_line' id='line_1_39' title="bbox 263 3210 1121 3269; baseline 0.007 -19"><span class='ocrx_word' id='word_1_273' title='bbox 263 3210 338 3251; x_wconf 90' lang='lat' dir='ltr'>Vll</span> <span class='ocrx_word' id='word_1_274' title='bbox 366 3213 500 3269; x_wconf 73' lang='lat'>4(5)‚</span> <span class='ocrx_word' id='word_1_275' title='bbox 523 3214 685 3255; x_wconf 85' lang='lat' dir='ltr'>amicus</span> <span class='ocrx_word' id='word_1_276' title='bbox 716 3213 929 3269; x_wconf 80' lang='lat' dir='ltr'>quondam</span> <span class='ocrx_word' id='word_1_277' title='bbox 951 3215 1121 3257; x_wconf 88' lang='lat' dir='ltr'>Ovidii:</span> 
     </span>
     <span class='ocr_line' id='line_1_40' title="bbox 260 3268 1124 3323; baseline 0.005 -13"><span class='ocrx_word' id='word_1_278' title='bbox 260 3268 445 3323; x_wconf 86' lang='lat' dir='ltr'>Epistol.</span> <span class='ocrx_word' id='word_1_279' title='bbox 504 3283 555 3312; x_wconf 85' lang='lat' dir='ltr'>ex</span> <span class='ocrx_word' id='word_1_280' title='bbox 620 3272 755 3312; x_wconf 86' lang='lat' dir='ltr'>Ponto</span> <span class='ocrx_word' id='word_1_281' title='bbox 811 3272 869 3313; x_wconf 82' lang='lat' dir='ltr'>lv</span> <span class='ocrx_word' id='word_1_282' title='bbox 923 3273 965 3316; x_wconf 86' lang='lat'>8.</span> <span class='ocrx_word' id='word_1_283' title='bbox 1026 3273 1124 3315; x_wconf 86' lang='lat' dir='ltr'>‘Per</span> 
     </span>
     <span class='ocr_line' id='line_1_41' title="bbox 260 3327 1121 3382; baseline 0.01 -15"><span class='ocrx_word' id='word_1_284' title='bbox 260 3327 419 3382; x_wconf 82' lang='lat' dir='ltr'>duplex</span> <span class='ocrx_word' id='word_1_285' title='bbox 462 3327 574 3370; x_wconf 86' lang='lat' dir='ltr'>lest</span> <span class='ocrx_word' id='word_1_286' title='bbox 615 3330 742 3371; x_wconf 86' lang='lat' dir='ltr'>etiam</span> <span class='ocrx_word' id='word_1_287' title='bbox 785 3331 902 3373; x_wconf 85' lang='lat' dir='ltr'>Grut.</span> <span class='ocrx_word' id='word_1_288' title='bbox 952 3334 1034 3376; x_wconf 73' lang='lat'>104</span> <span class='ocrx_word' id='word_1_289' title='bbox 1063 3334 1121 3376; x_wconf 84' lang='lat'>6².</span> 
     </span>
     <span class='ocr_line' id='line_1_42' title="bbox 260 3386 1119 3435; baseline 0.008 -8"><span class='ocrx_word' id='word_1_290' title='bbox 260 3386 497 3430; x_wconf 62' lang='lat' dir='ltr'>(habmus.</span> <span class='ocrx_word' id='word_1_291' title='bbox 595 3394 641 3429; x_wconf 83' lang='lat' dir='ltr'>ut</span> <span class='ocrx_word' id='word_1_292' title='bbox 671 3389 840 3431; x_wconf 78' lang='lat' dir='ltr'>reuuli:</span> <span class='ocrx_word' id='word_1_293' title='bbox 874 3391 960 3433; x_wconf 77' lang='lat' dir='ltr'>vid.</span> <span class='ocrx_word' id='word_1_294' title='bbox 997 3391 1033 3432; x_wconf 86' lang='lat' dir='ltr'>ll</span> <span class='ocrx_word' id='word_1_295' title='bbox 1066 3393 1119 3435; x_wconf 81' lang='lat'>27</span> 
     </span>
     <span class='ocr_line' id='line_1_43' title="bbox 260 3445 570 3489; baseline 0.01 -3"><span class='ocrx_word' id='word_1_296' title='bbox 260 3451 303 3486; x_wconf 81' lang='lat' dir='ltr'>et</span> <span class='ocrx_word' id='word_1_297' title='bbox 335 3445 392 3489; x_wconf 81' lang='lat'>28</span> <span class='ocrx_word' id='word_1_298' title='bbox 425 3452 467 3487; x_wconf 87' lang='lat' dir='ltr'>et</span> <span class='ocrx_word' id='word_1_299' title='bbox 498 3447 570 3489; x_wconf 84' lang='lat'>30.</span> 
     </span>
    </p>
   </div>
   <div class='ocr_carea' id='block_1_11' title="bbox 257 3531 1124 3710">
    <p class='ocr_par' dir='ltr' id='par_1_11' title="bbox 257 3531 1124 3710">
     <span class='ocr_line' id='line_1_44' title="bbox 347 3531 1124 3588; baseline 0.006 -15"><span class='ocrx_word' id='word_1_300' title='bbox 347 3531 451 3588; x_wconf 81' lang='lat' dir='ltr'>Cap.</span> <span class='ocrx_word' id='word_1_301' title='bbox 486 3534 558 3576; x_wconf 82' lang='lat'>32.</span> <span class='ocrx_word' id='word_1_302' title='bbox 609 3534 646 3575; x_wconf 82' lang='lat' dir='ltr'>si</span> <span class='ocrx_word' id='word_1_303' title='bbox 676 3534 844 3587; x_wconf 80' lang='lat' dir='ltr'>quando</span> <span class='ocrx_word' id='word_1_304' title='bbox 876 3535 933 3576; x_wconf 80' lang='lat' dir='ltr'>ad</span> <span class='ocrx_word' id='word_1_305' title='bbox 950 3535 1124 3578; x_wconf 77' lang='lat' dir='ltr'>interna</span> 
     </span>
     <span class='ocr_line' id='line_1_45' title="bbox 257 3592 1122 3651; baseline 0.006 -19"><span class='ocrx_word' id='word_1_306' title='bbox 257 3599 606 3646; x_wconf 76' lang='lat' dir='ltr'>praeverterent.-</span> <span class='ocrx_word' id='word_1_307' title='bbox 640 3592 682 3635; x_wconf 93' lang='lat' dir='ltr'>h.</span> <span class='ocrx_word' id='word_1_308' title='bbox 709 3607 748 3635; x_wconf 86' lang='lat' dir='ltr'>e.</span> <span class='ocrx_word' id='word_1_309' title='bbox 782 3595 818 3635; x_wconf 87' lang='lat' dir='ltr'>si</span> <span class='ocrx_word' id='word_1_310' title='bbox 851 3592 1022 3651; x_wconf 83' lang='lat' dir='ltr'>quando</span> <span class='ocrx_word' id='word_1_311' title='bbox 1047 3607 1122 3637; x_wconf 84' lang='lat' dir='ltr'>se-</span> 
     </span>
     <span class='ocr_line' id='line_1_46' title="bbox 261 3651 1121 3710; baseline 0.007 -19"><span class='ocrx_word' id='word_1_312' title='bbox 261 3651 413 3704; x_wconf 83' lang='lat' dir='ltr'>positis</span> <span class='ocrx_word' id='word_1_313' title='bbox 460 3651 777 3710; x_wconf 73' lang='lat' dir='ltr'>aliquantisper</span> <span class='ocrx_word' id='word_1_314' title='bbox 822 3655 1016 3696; x_wconf 79' lang='lat' dir='ltr'>externis</span> <span class='ocrx_word' id='word_1_315' title='bbox 1067 3654 1121 3699; x_wconf 76' lang='lat' dir='ltr'>ad</span> 
     </span>
    </p>
   </div>
   <div class='ocr_carea' id='block_1_12' title="bbox 1208 2771 2085 3703">
    <p class='ocr_par' dir='ltr' id='par_1_12' title="bbox 1209 2771 2085 2947">
     <span class='ocr_line' id='line_1_47' title="bbox 1209 2771 2084 2828; baseline 0.001 -17"><span class='ocrx_word' id='word_1_316' title='bbox 1209 2777 1248 2811; x_wconf 83' lang='lat' dir='ltr'>et</span> <span class='ocrx_word' id='word_1_317' title='bbox 1275 2771 1486 2828; x_wconf 73' lang='lat' dir='ltr'>inqlorius</span> <span class='ocrx_word' id='word_1_318' title='bbox 1510 2773 1660 2814; x_wconf 80' lang='lat' dir='ltr'>labor:</span> <span class='ocrx_word' id='word_1_319' title='bbox 1692 2779 1792 2827; x_wconf 88' lang='lat' dir='ltr'>apte</span> <span class='ocrx_word' id='word_1_320' title='bbox 1816 2774 2084 2827; x_wconf 87' lang='lat' dir='ltr'>comparavit</span> 
     </span>
     <span class='ocr_line' id='line_1_48' title="bbox 1209 2829 2085 2889; baseline 0.003 -19"><span class='ocrx_word' id='word_1_321' title='bbox 1209 2829 1398 2872; x_wconf 85' lang='lat' dir='ltr'>Muretus</span> <span class='ocrx_word' id='word_1_322' title='bbox 1435 2832 1556 2889; x_wconf 86' lang='lat' dir='ltr'>Virg.</span> <span class='ocrx_word' id='word_1_323' title='bbox 1592 2832 1640 2874; x_wconf 88' lang='lat' dir='ltr'>G.</span> <span class='ocrx_word' id='word_1_324' title='bbox 1673 2831 1732 2873; x_wconf 94' lang='lat' dir='ltr'>IV</span> <span class='ocrx_word' id='word_1_325' title='bbox 1765 2833 1818 2875; x_wconf 86' lang='lat'>6:</span> <span class='ocrx_word' id='word_1_326' title='bbox 1877 2833 1923 2873; x_wconf 80' lang='lat' dir='ltr'>in</span> <span class='ocrx_word' id='word_1_327' title='bbox 1967 2833 2085 2873; x_wconf 79' lang='lat' dir='ltr'>tenui</span> 
     </span>
     <span class='ocr_line' id='line_1_49' title="bbox 1209 2888 1914 2947; baseline 0.006 -17"><span class='ocrx_word' id='word_1_328' title='bbox 1209 2888 1358 2943; x_wconf 82' lang='lat' dir='ltr'>labor,</span> <span class='ocrx_word' id='word_1_329' title='bbox 1393 2898 1438 2932; x_wconf 80' lang='lat' dir='ltr'>at</span> <span class='ocrx_word' id='word_1_330' title='bbox 1471 2893 1608 2934; x_wconf 79' lang='lat' dir='ltr'>tenuis</span> <span class='ocrx_word' id='word_1_331' title='bbox 1639 2905 1726 2932; x_wconf 74' lang='lat' dir='ltr'>non</span> <span class='ocrx_word' id='word_1_332' title='bbox 1757 2891 1914 2947; x_wconf 71' lang='lat' dir='ltr'>yloria.</span> 
     </span>
    </p>

    <p class='ocr_par' dir='ltr' id='par_1_13' title="bbox 1208 2951 2082 3703">
     <span class='ocr_line' id='line_1_50' title="bbox 1299 2951 2081 3008; baseline 0.003 -17"><span class='ocrx_word' id='word_1_333' title='bbox 1299 2957 1338 2991; x_wconf 86' lang='lat' dir='ltr'>et</span> <span class='ocrx_word' id='word_1_334' title='bbox 1375 2951 1579 3008; x_wconf 78' lang='lat' dir='ltr'>princeps</span> <span class='ocrx_word' id='word_1_335' title='bbox 1616 2951 1871 3008; x_wconf 77' lang='lat' dir='ltr'>proferendi</span> <span class='ocrx_word' id='word_1_336' title='bbox 1909 2952 2081 3008; x_wconf 73' lang='lat' dir='ltr'>imper-ii</span> 
     </span>
     <span class='ocr_line' id='line_1_51' title="bbox 1211 3009 2082 3053; baseline 0.001 -2"><span class='ocrx_word' id='word_1_337' title='bbox 1211 3010 1451 3053; x_wconf 78' lang='lat' dir='ltr'>incuriosus</span> <span class='ocrx_word' id='word_1_338' title='bbox 1503 3018 1621 3052; x_wconf 83' lang='lat' dir='ltr'>erat:</span> <span class='ocrx_word' id='word_1_339' title='bbox 1680 3009 1922 3052; x_wconf 88' lang='lat' dir='ltr'>Theodisce</span> <span class='ocrx_word' id='word_1_340' title='bbox 1969 3011 2082 3052; x_wconf 72' lang='lat' dir='ltr'>auch</span> 
     </span>
     <span class='ocr_line' id='line_1_52' title="bbox 1209 3068 2080 3125; baseline 0 -15"><span class='ocrx_word' id='word_1_341' title='bbox 1209 3082 1301 3111; x_wconf 81' lang='lat' dir='ltr'>war</span> <span class='ocrx_word' id='word_1_342' title='bbox 1344 3068 1420 3111; x_wconf 81' lang='lat' dir='ltr'>der</span> <span class='ocrx_word' id='word_1_343' title='bbox 1462 3069 1623 3113; x_wconf 79' lang='lat' dir='ltr'>Kaiser</span> <span class='ocrx_word' id='word_1_344' title='bbox 1670 3073 1754 3124; x_wconf 79' lang='lat' dir='ltr'>auf</span> <span class='ocrx_word' id='word_1_345' title='bbox 1778 3069 2080 3125; x_wconf 69' lang='lat' dir='ltr'>Erweiterunq</span> 
     </span>
     <span class='ocr_line' id='line_1_53' title="bbox 1210 3127 2080 3171; baseline 0 -3"><span class='ocrx_word' id='word_1_346' title='bbox 1210 3128 1281 3170; x_wconf 80' lang='lat' dir='ltr'>cles</span> <span class='ocrx_word' id='word_1_347' title='bbox 1306 3129 1487 3171; x_wconf 72' lang='lat' dir='ltr'>Reicltes</span> <span class='ocrx_word' id='word_1_348' title='bbox 1519 3129 1638 3170; x_wconf 77' lang='lat' dir='ltr'>nicht</span> <span class='ocrx_word' id='word_1_349' title='bbox 1670 3128 1861 3169; x_wconf 72' lang='lat' dir='ltr'>bedacltt.</span> <span class='ocrx_word' id='word_1_350' title='bbox 1917 3127 2080 3169; x_wconf 78' lang='lat' dir='ltr'>Obser-</span> 
     </span>
     <span class='ocr_line' id='line_1_54' title="bbox 1208 3186 2077 3238; baseline 0 -11"><span class='ocrx_word' id='word_1_351' title='bbox 1208 3200 1312 3228; x_wconf 85' lang='lat' dir='ltr'>vare</span> <span class='ocrx_word' id='word_1_352' title='bbox 1353 3187 1493 3238; x_wconf 84' lang='lat' dir='ltr'>vclis,</span> <span class='ocrx_word' id='word_1_353' title='bbox 1551 3187 1716 3237; x_wconf 85' lang='lat' dir='ltr'>lector,</span> <span class='ocrx_word' id='word_1_354' title='bbox 1771 3186 1854 3226; x_wconf 91' lang='lat' dir='ltr'>hoc</span> <span class='ocrx_word' id='word_1_355' title='bbox 1904 3187 2077 3227; x_wconf 87' lang='lat' dir='ltr'>tertium</span> 
     </span>
     <span class='ocr_line' id='line_1_55' title="bbox 1209 3243 2079 3298; baseline -0.003 -13"><span class='ocrx_word' id='word_1_356' title='bbox 1209 3247 1418 3287; x_wconf 78' lang='lat' dir='ltr'>orationis</span> <span class='ocrx_word' id='word_1_357' title='bbox 1451 3245 1687 3286; x_wconf 85' lang='lat' dir='ltr'>membrum</span> <span class='ocrx_word' id='word_1_358' title='bbox 1713 3257 1736 3284; x_wconf 83' lang='lat' dir='ltr'>a</span> <span class='ocrx_word' id='word_1_359' title='bbox 1757 3243 1923 3285; x_wconf 85' lang='lat' dir='ltr'>duobus</span> <span class='ocrx_word' id='word_1_360' title='bbox 1948 3257 2079 3298; x_wconf 86' lang='lat' dir='ltr'>prae..</span> 
     </span>
     <span class='ocr_line' id='line_1_56' title="bbox 1210 3302 2077 3356; baseline 0.001 -13"><span class='ocrx_word' id='word_1_361' title='bbox 1210 3304 1464 3345; x_wconf 81' lang='lat' dir='ltr'>cedentibus</span> <span class='ocrx_word' id='word_1_362' title='bbox 1491 3302 1664 3345; x_wconf 75' lang='lat' dir='ltr'>differre</span> <span class='ocrx_word' id='word_1_363' title='bbox 1686 3308 1728 3343; x_wconf 88' lang='lat' dir='ltr'>et</span> <span class='ocrx_word' id='word_1_364' title='bbox 1758 3307 1972 3356; x_wconf 80' lang='lat' dir='ltr'>tamquam</span> <span class='ocrx_word' id='word_1_365' title='bbox 1995 3315 2077 3344; x_wconf 89' lang='lat' dir='ltr'>no-</span> 
     </span>
     <span class='ocr_line' id='line_1_57' title="bbox 1210 3360 2077 3403; baseline 0.001 -1"><span class='ocrx_word' id='word_1_366' title='bbox 1210 3375 1302 3402; x_wconf 83' lang='lat' dir='ltr'>vam</span> <span class='ocrx_word' id='word_1_367' title='bbox 1320 3362 1656 3403; x_wconf 81' lang='lat' dir='ltr'>admonitionem</span> <span class='ocrx_word' id='word_1_368' title='bbox 1678 3360 1903 3403; x_wconf 74' lang='lat' dir='ltr'>accedere.</span> <span class='ocrx_word' id='word_1_369' title='bbox 1927 3360 1972 3402; x_wconf 82' lang='lat' dir='ltr'>ld</span> <span class='ocrx_word' id='word_1_370' title='bbox 1995 3363 2077 3403; x_wconf 88' lang='lat' dir='ltr'>nisi</span> 
     </span>
     <span class='ocr_line' id='line_1_58' title="bbox 1210 3419 2077 3473; baseline 0.001 -13"><span class='ocrx_word' id='word_1_371' title='bbox 1210 3427 1340 3470; x_wconf 77' lang='lat' dir='ltr'>esset,</span> <span class='ocrx_word' id='word_1_372' title='bbox 1375 3433 1459 3460; x_wconf 86' lang='lat' dir='ltr'>non</span> <span class='ocrx_word' id='word_1_373' title='bbox 1494 3419 1633 3461; x_wconf 86' lang='lat' dir='ltr'>solum</span> <span class='ocrx_word' id='word_1_374' title='bbox 1664 3419 1875 3473; x_wconf 83' lang='lat' dir='ltr'>particula</span> <span class='ocrx_word' id='word_1_375' title='bbox 1913 3427 1966 3471; x_wconf 79' lang='lat' dir='ltr'>et,</span> <span class='ocrx_word' id='word_1_376' title='bbox 2001 3421 2077 3462; x_wconf 81' lang='lat' dir='ltr'>sed</span> 
     </span>
     <span class='ocr_line' id='line_1_59' title="bbox 1209 3478 2076 3520; baseline 0 0"><span class='ocrx_word' id='word_1_377' title='bbox 1209 3480 1338 3520; x_wconf 81' lang='lat' dir='ltr'>etiam</span> <span class='ocrx_word' id='word_1_378' title='bbox 1363 3479 1541 3520; x_wconf 82' lang='lat' dir='ltr'>verbum</span> <span class='ocrx_word' id='word_1_379' title='bbox 1566 3486 1658 3520; x_wconf 80' lang='lat' dir='ltr'>erat</span> <span class='ocrx_word' id='word_1_380' title='bbox 1679 3478 1931 3520; x_wconf 82' lang='lat' dir='ltr'>abundaret.</span> <span class='ocrx_word' id='word_1_381' title='bbox 1955 3479 2076 3520; x_wconf 78' lang='lat' dir='ltr'>Hanc</span> 
     </span>
     <span class='ocr_line' id='line_1_60' title="bbox 1209 3537 2076 3592; baseline 0.003 -15"><span class='ocrx_word' id='word_1_382' title='bbox 1209 3537 1264 3579; x_wconf 76' lang='lat' dir='ltr'>ol)</span> <span class='ocrx_word' id='word_1_383' title='bbox 1298 3550 1469 3580; x_wconf 85' lang='lat' dir='ltr'>causam</span> <span class='ocrx_word' id='word_1_384' title='bbox 1505 3543 1601 3592; x_wconf 86' lang='lat' dir='ltr'>post</span> <span class='ocrx_word' id='word_1_385' title='bbox 1640 3545 1826 3580; x_wconf 76' lang='lat' dir='ltr'>maestae</span> <span class='ocrx_word' id='word_1_386' title='bbox 1857 3538 1974 3580; x_wconf 77' lang='lat' dir='ltr'>urbis</span> <span class='ocrx_word' id='word_1_387' title='bbox 2006 3552 2076 3580; x_wconf 80' lang='lat' dir='ltr'>res</span> 
     </span>
     <span class='ocr_line' id='line_1_61' title="bbox 1210 3596 2075 3654; baseline 0 -15"><span class='ocrx_word' id='word_1_388' title='bbox 1210 3608 1285 3652; x_wconf 87' lang='lat' dir='ltr'>pro</span> <span class='ocrx_word' id='word_1_389' title='bbox 1320 3603 1532 3641; x_wconf 87' lang='lat' dir='ltr'>commate</span> <span class='ocrx_word' id='word_1_390' title='bbox 1557 3599 1681 3654; x_wconf 88' lang='lat' dir='ltr'>posui</span> <span class='ocrx_word' id='word_1_391' title='bbox 1706 3596 1836 3654; x_wconf 81' lang='lat' dir='ltr'>paulo</span> <span class='ocrx_word' id='word_1_392' title='bbox 1860 3597 2075 3654; x_wconf 51' lang='lat' dir='ltr'>gratioris</span> 
     </span>
     <span class='ocr_line' id='line_1_62' title="bbox 1208 3656 1695 3703; baseline 0.004 -5"><span class='ocrx_word' id='word_1_393' title='bbox 1208 3656 1501 3700; x_wconf 78' lang='lat' dir='ltr'>distinctionis</span> <span class='ocrx_word' id='word_1_394' title='bbox 1533 3663 1695 3703; x_wconf 78' lang='lat' dir='ltr'>notam.</span> 
     </span>
    </p>
   </div>
  </div>
 </body>
</html>
