2280 4004
229 304 257 336 a·
287 290 336 338 O.
368 292 441 338 47.
803 291 966 335 LIBER
997 290 1071 335 x-I.
1131 289 1237 334 cni».
1274 289 1460 334 15—17.
1991 286 2052 328 19

229 457 372 521 grata
399 451 647 516 barbariS,
680 464 946 517 usurpans,
1021 451 1223 516 Iamque
1261 449 1390 516 apud
1415 446 1691 516 proximOS,
1719 447 1818 499 iam
1845 446 2050 514 longius

232 544 542 608 clarescere,
582 558 691 593 cum
729 542 1001 608 potentiam
1041 541 1148 592 eius
1186 546 1561 607 suspectantes,
1622 539 1704 606 qui
1744 538 2051 590 factionibus

229 635 520 698 floruerant,
560 633 827 685 discedunt
865 633 927 684 ad
966 633 1308 683 conterminos
1345 631 1589 698 populOS,
1627 646 1687 681 ac
1721 630 2052 681 testificantur

230 726 381 778 adimi
415 730 638 776 veterem
681 724 980 775 Germaniae
1025 723 1304 775 libertatem
1346 728 1394 774 et
1431 724 1683 776 Romanas
1722 736 1844 788 opes
1879 721 2053 772 insur-

229 831 368 884 gere.
442 815 588 866 'Adeo
625 814 875 865 neminem
913 814 1072 864 isdem
1117 815 1166 863 iu
1217 814 1367 865 terris
1407 819 1593 878 ortum,
1650 812 1733 879 qui
1771 811 2093 878 principems

143 927 155 933 =
228 907 395 957 locum
432 905 649 971 impleat,
689 905 786 955 nisi
812 904 1146 970 exploratoris
1174 904 1310 956 Flavi
1343 905 1618 971 progenies
1652 919 1804 970 super
1841 908 2050 954 cunctos

232 992 525 1047 attollatur?
579 995 781 1069 Frustra
808 994 1433 1067 Arminiumpraescribi:
1471 995 1612 1045 cuius
1646 994 1688 1045 si
1725 993 1854 1045 filius
1882 993 2053 1045 hostili

230 1086 283 1135 in
319 1084 399 1137 sol
469 1063 999 1150 adultu‘s'“in''“f{{‚÷'hum
1037 1084 1277 1147 venisset,
1307 1099 1460 1150 posse
1496 1084 1774 1148 extimesci,
1814 1085 2055 1135 infectum

231 1176 470 1228 alimonio
529 1175 738 1227 servitio
796 1174 958 1238 cultu,
1018 1174 1250 1224 omnibus
1307 1175 1545 1226 externis.
1638 1175 1705 1226 At
1753 1176 1795 1226 si
1845 1181 2055 1241 paterna

230 1267 403 1319 Italico
439 1281 580 1318 mens
619 1270 778 1330 esset,
829 1280 932 1316 non
970 1265 1119 1316 alium
1158 1264 1407 1316 infensius
1452 1281 1589 1316 arma
1630 1270 1804 1316 contra
1842 1269 2121 1331 patriamio

148 1364 215 1412 17
232 1372 293 1410 ac
330 1358 456 1410 deos
493 1362 703 1424 penates
745 1372 891 1423 quam
935 1361 1196 1422 parentem
1244 1356 1352 1407 eius
1391 1357 1700 1408 exercuisse.
1776 1357 1865 1408 His
1907 1362 2056 1424 atque

230 1448 412 1501 talibus
448 1464 660 1516 magnas
700 1448 873 1514 copias
927 1451 1164 1514 coegere.
1258 1448 1369 1499 Nec¹
1397 1449 1667 1514 pauciores
1706 1448 1930 1500 Italicum
1969 1465 2057 1501 se-

233 1541 529 1607 quebantur.
601 1541 715 1592 Non
754 1540 886 1591 enim
924 1539 1176 1605 inrupisse
1212 1539 1274 1590 ad
1312 1539 1516 1604 invitOS,
1561 1539 1652 1591 sed
1693 1540 1907 1590 accitum
1945 1557 2057 1592 me-

232 1632 476 1683 morabat.
552 1631 766 1693 Quando
806 1630 1069 1681 nobilitate
1109 1635 1308 1682 ceteros
1346 1633 1587 1696 anteiret,
1628 1631 1858 1682 virtutem
1899 1647 2059 1697 expe-

231 1723 469 1787 rirentur,
509 1737 573 1773 an
610 1722 814 1788 dignum
855 1737 913 1773 se
946 1726 1123 1787 patruo
1161 1721 1423 1786 ArminiO,
1465 1736 1561 1772 avo
1603 1722 1870 1773 Catumero
1904 1737 2123 1787 prae-³¹⁵·

232 1814 391 1866 beret.
463 1814 570 1866 Nec
625 1819 817 1879 patrem
869 1812 1071 1877 rubori,
1125 1812 1259 1878 quod
1316 1812 1465 1863 fidem
1516 1812 1760 1864 adversus
1802 1814 2058 1865 Romanos

233 1905 518 1958 volentibus
585 1904 850 1955 Germanis
912 1909 1155 1970 sumptam
1230 1918 1484 1970 nunquam
1550 1904 1820 1956 omisisset.
1911 1904 2059 1956 Falso

233 1996 485 2048 libertatis
530 1995 832 2046 vocabulum
873 1995 1079 2045 obtendi
1130 1995 1191 2046 ab
1247 1995 1309 2046 iis
1358 1996 1441 2061 qui
1478 1995 1711 2061 privatim
1755 1996 2058 2063 degenereS,

236 2087 288 2138 in
323 2085 576 2153 publicum
616 2085 847 2150 exitiosi,
903 2085 1026 2135 nihil
1073 2086 1180 2151 spei
1229 2085 1327 2136 nisi
1375 2101 1468 2151 per
1502 2086 1787 2138 discordias
1825 2086 2059 2138 habeant.

356 2260 397 2304 5.
427 2261 667 2318 principem
698 2258 786 2304 Ma:
815 2260 1026 2316 principis
1058 2258 1144 2302 BG.
1274 2259 1315 2302 6.
1353 2260 1473 2316 [labii
1503 2258 1583 2301 Ma.
1730 2274 1858 2316 super
1888 2260 1952 2303 Ma
1985 2273 2064 2315 per

239 2326 399 2363 notam.
490 2321 534 2363 8.
566 2321 730 2362 venisse
759 2334 895 2376 posse.
945 2319 1182 2361 Testimesci
1216 2318 1305 2360 Ma:
1340 2321 1530 2361 correxit
1553 2319 1807 2362 Beroaldus.
1900 2322 1941 2364 9.
1975 2319 2064 2362 ali-

238 2382 378 2422 monio
412 2379 502 2422 Ma:
537 2380 746 2421 alimonia
768 2379 815 2422 G.
878 2380 920 2422 9.
953 2393 1007 2420 ac
1037 2377 1104 2421 Ma
1136 2379 1180 2419 in
1217 2384 1440 2432 contextu,
1473 2380 1517 2420 in
1549 2392 1637 2435 mg.
1672 2385 1730 2420 at.
1798 2381 1866 2421 11.
1897 2394 2064 2436 paren-

240 2445 302 2482 tes
335 2437 414 2482 Ma.
505 2441 572 2482 13.
603 2440 741 2495 irrup.
776 2437 847 2481 Or.
939 2439 1203 2480 memorabat
1235 2438 1401 2481 editor:
1435 2438 1570 2495 vulgo
1603 2439 1910 2481 memorabant.
1995 2440 2063 2482 17.

239 2513 467 2554 numquam
499 2497 580 2540 Ma.
678 2498 746 2541 18.
780 2498 845 2539 his
879 2496 956 2539 Ma.
1054 2498 1120 2541 19.
1154 2498 1291 2539 nichil
1319 2499 1375 2541 M.

240 2640 352 2684 cium
375 2642 480 2683 iram
507 2646 550 2682 et
571 2640 946 2696 intemperantiam
975 2642 1106 2683 animi

244 2702 473 2755 expressit.

315 2757 420 2814 Cap.
445 2758 513 2802 17.
553 2761 842 2802 memorabat:
878 2759 1109 2816 legebatur

239 2819 556 2872 memorabant,
607 2815 683 2861 sed
724 2821 864 2874 ipsum
910 2819 1108 2861 Italicum

243 2877 379 2919 fuisse
413 2878 486 2932 qui
519 2878 830 2932 subsequentia
878 2878 930 2919 de
962 2891 1009 2918 se
1044 2879 1110 2920 ia-

244 2937 395 2987 ctavit,
425 2948 511 2976 non
548 2937 682 2988 alim,
716 2936 940 2978 luculente
974 2933 1112 2991 liquet

246 3008 300 3035 cx
357 2996 410 3036 iis
464 3006 575 3049 quae
636 2994 755 3037 finita
809 2995 1112 3037 adhortatione

245 3051 390 3094 addita
425 3059 546 3094 sunt:
581 3055 850 3111 adstrepebat
876 3055 975 3096 huic
1000 3055 1113 3110 (lta-

246 3111 357 3168 lico)
380 3111 528 3154 alacre
547 3113 707 3169 vulqvm.
742 3113 845 3155 Nam
875 3126 1112 3168 pronomen

246 3170 346 3211 huic
409 3184 588 3213 numero
652 3173 862 3228 singulari
926 3174 1112 3227 positum

246 3231 420 3271 nonnisi
455 3229 507 3270 ad
540 3243 766 3284 personam
800 3231 1021 3286 loquentis
1040 3245 1114 3272 re-

249 3287 351 3347 l'erri
385 3294 553 3342 potest:
587 3291 622 3330 si
657 3290 789 3331 verba
812 3297 854 3331 et
878 3303 1115 3346 argumen-

247 3353 334 3388 tum
387 3348 595 3388 orationis
649 3348 952 3404 designaturus
1008 3355 1116 3399 erat,

247 3406 520 3448 scribendum
568 3407 653 3448 fuit
696 3407 760 3448 his
797 3413 870 3447 aut
903 3406 1115 3448 eiusmodi

247 3465 428 3507 verbum
463 3465 736 3521 eligendum,
790 3472 835 3506 ut
877 3478 1117 3519 pronomen

250 3537 351 3566 casu
408 3526 679 3565 nominativo
736 3524 806 3565 vel
867 3525 1117 3566 accusativo

252 3582 371 3639 (hoc)
404 3590 655 3638 poneretur.
720 3583 811 3624 lloc
856 3597 951 3624 cum
994 3582 1119 3625 wal-

252 3640 398 3686 therus
431 3642 729 3704 intelligeret,
762 3642 945 3703 vulgare
982 3642 1119 3686 libra-

1191 2642 1354 2683 riorum
1394 2640 1549 2682 vitium
1589 2641 1691 2683 hinc
1725 2639 1790 2697 (id
1833 2647 1979 2682 natum
2013 2654 2066 2682 ex

1193 2701 1317 2753 lime,
1366 2701 1512 2743 littera
1556 2701 1573 2741 i
1612 2701 1711 2742 dum
1762 2702 1857 2741 sine
1902 2706 2063 2754 puncto

1193 2761 1420 2817 scribitur)
1456 2773 1511 2801 ex
1544 2759 1737 2801 editione
1770 2761 1968 2813 principe
1991 2773 2064 2800 re-

1197 2821 1327 2874 cepit.
1382 2819 1435 2861 Ut
1467 2832 1546 2859 nos
1581 2818 1920 2871 emendavimus,
1949 2818 2066 2859 clara

1197 2881 1357 2920 omnia.
1421 2879 1469 2919 ln
1512 2877 1685 2920 diverso
1731 2879 1927 2920 exercitu
1960 2890 2065 2931 pro-

1199 2951 1322 2979 ceres
1366 2937 1575 2979 Cherusci
1617 2944 1660 2979 et
1702 2937 1834 2979 duces
1880 2938 2066 2991 partium

1198 2996 1250 3037 ad
1282 2999 1576 3038 conterminos
1610 2996 1797 3051 populos
1836 3004 2066 3038 externas-

1199 3069 1283 3110 que
1318 3058 1465 3110 copias
1499 3056 1761 3110 loquuntur:
1803 3055 1979 3096 Italicus
2014 3054 2066 3095 ad

1198 3114 1378 3169 vulgum
1434 3116 1506 3169 qui
1559 3115 1601 3153 in
1655 3113 1738 3154 fide
1799 3119 2068 3154 remanserat

1198 3173 1333 3214 verba
1364 3174 1490 3224 facit,
1527 3178 1570 3212 ct
1602 3172 1734 3212 alacri
1767 3173 1951 3224 strepitu
1985 3184 2066 3211 au·-

1200 3232 1328 3272 ditur.
1391 3231 1453 3271 Ne
1504 3242 1633 3270 causa
1684 3229 1855 3284 quidem
1914 3242 2068 3270 corru-

1201 3289 1362 3343 ptionis
1397 3291 1438 3329 in
1471 3289 1656 3329 obscuro
1699 3289 1865 3329 latitat:
1906 3290 2067 3343 quippe

1203 3360 1440 3402 pronomen
1485 3361 1529 3387 se
1579 3352 1675 3400 post
1729 3348 1965 3402 inrupisse,
2023 3352 2069 3386 ut

1202 3420 1334 3460 saepe
1387 3406 1519 3456 alias,
1581 3419 1603 3446 a
1657 3405 1803 3446 Tacito
1860 3407 2067 3447 omissum

1204 3466 1340 3516 fecit,
1398 3471 1442 3505 ut
1493 3463 1658 3505 librarii
1706 3465 1934 3506 crederent
1981 3477 2068 3505 non

1203 3525 1339 3577 ipsius
1384 3523 1506 3564 ducis
1555 3523 1634 3565 sed
1683 3524 1918 3566 satellitum
1975 3526 2069 3565 eius

1203 3582 1337 3624 verba
1368 3582 1539 3624 referri.
1592 3581 1639 3623 In
1676 3581 1723 3634 G,
1758 3589 1803 3624 ut
1834 3590 1932 3639 post
1963 3583 2068 3637 vidi,

1204 3640 1395 3686 dilucide
1430 3646 1496 3687 est
1525 3643 1825 3704 memorabat„
