2280 4004
263 250 353 304 114
1045 248 1336 302 ANNALIYM

1839 266 1879 300 a.
1908 264 1956 303 ι.
1989 252 2089 302 169.

265 408 529 446 cussorem
552 432 566 460 ,
625 407 871 460 prensare
931 407 1199 447 servorum
1259 393 1464 446 dextras
1485 432 1500 459 ,
1562 393 1792 450 inserere
1848 397 2089 464 gladium.

264 484 431 552 Atque
471 485 588 550 illis,
633 485 748 536 dum
777 483 1046 551 trepidant,
1087 484 1204 536 dum
1235 484 1510 553 refugiunt,
1549 487 1892 556 evertentibus
1930 489 2095 556 adpo-

265 577 414 629 situm
454 591 566 628 cum
614 589 790 627 mensa
841 565 1035 640 lumen,
1102 575 1346 628 feralibus
1393 577 1494 630 iam
1539 577 1638 630 sibi
1685 576 1911 631 tenebris
1964 578 2093 652 duos

265 667 395 719 ictus
434 668 487 718 in
523 667 725 718 viscera
778 666 978 718 direxit.
1034 666 1159 743 Aa„
1187 667 1430 735 gemitum
1478 667 1777 722 collabentis
1825 665 2096 722 accurrere

229 758 434 815 sliberti
449 775 464 822 3
516 763 566 809 et
616 757 778 811 caede
824 758 936 810 visa
974 758 1119 813 miles
1160 743 1366 812 abstitit.
1442 759 1720 814 Accusatio
1758 766 1929 813 tamen
1962 760 2097 827 apud

264 854 437 917 patres
481 848 876 901 adseveratione
903 850 1081 902 eadem
1121 856 1347 917 peracta,
1386 851 1669 919 iuravitque
1694 852 1925 905 Tiberius
1963 852 2099 918 peti*

266 946 430 991 turum
481 954 538 991 se
575 940 729 991 vitam
789 941 1017 1007 quamvis
1068 942 1304 1008 nocenti,
1360 942 1459 997 nisi
1506 942 1843 996 voluntariam
1883 947 2096 995 mortem

265 1031 661 1098 properavisset.
728 1030 870 1083 Bona
896 1032 1029 1084 inter
1058 1038 1385 1086 accusatores
1411 1033 1717 1100 dividuntur,
1752 1039 1802 1086 et
1826 1038 2097 1100 praeturae
2110 1039 2180 1088 32

270 1128 413 1175 extra
470 1123 701 1175 ordinem
742 1124 892 1176 datae
928 1125 991 1176 iis
1048 1126 1132 1191 qui
1178 1126 1422 1179 senatorii
1474 1126 1670 1179 ordinis
1725 1131 1884 1179 erant.
1959 1125 2096 1178 Tunc

206 1214 415 1266 ioCotta
461 1215 794 1280 Messalinus,
858 1231 922 1267 ne
970 1216 1140 1284 imago
1193 1217 1402 1269 Libonis
1471 1217 1715 1284 exequias
1775 1221 2097 1283 posterorum

269 1306 625 1372 comitaretur,
681 1307 909 1372 censuit,
973 1307 1173 1359 Gnaeus
1209 1308 1503 1374 Lentulus,¹
1542 1323 1608 1360 ne
1648 1308 1758 1374 quis
1799 1307 2098 1360 Scribonius

268 1402 659 1465 cognomentum
681 1398 833 1450 Drusi
874 1398 1179 1451 adsumeret.
1241 1399 1673 1466 supplicationum
1704 1398 1814 1454 dies
1837 1397 2099 1466 Pomponii

381 1560 424 1606 2.
458 1561 698 1618 adpositum
730 1576 825 1604 eum
856 1561 1022 1604 editor:
1062 1561 1102 1605 M
1135 1563 1386 1619 adpositum.

265 1618 361 1663 ade.
395 1620 451 1664 Μ.
544 1622 585 1664 5.
622 1621 722 1663 cente
752 1621 808 1663 M.
904 1622 1067 1664 adstitit
1097 1623 1151 1664 M.
1245 1630 1348 1679 aput
1379 1622 1433 1665 M.

264 1686 430 1723 satores
462 1680 674 1735 (alterum
698 1695 718 1723 s
740 1686 902 1735 puncto
936 1687 1134 1739 notatur)
1170 1682 1225 1724 M.

263 1739 508 1784 Bekkerus.
577 1740 645 1783 10.
680 1754 767 1782 eoes.
803 1739 873 1783 Or.
941 1742 1010 1784 11.
1047 1742 1095 1783 C'.
1130 1742 1183 1784 N.
1219 1742 1273 1783 M.

1476 1564 1520 1607 4.
1554 1563 1719 1607 derexit
1749 1563 1804 1606 M.
1897 1563 2009 1607 conl.
2042 1563 2099 1607 Μ.

1516 1623 1561 1665 ὃ.
1595 1623 1687 1666 ads.
1720 1623 1775 1666 M.
1868 1623 1911 1667 8.
1943 1637 2100 1667 accen-

1284 1689 1491 1739 practure
1523 1681 1578 1724 Μ.
1643 1683 1685 1726 9.
1718 1683 1784 1725 his
1810 1682 1877 1726 M:
1910 1684 2101 1734 correxit
2142 1683 2147 1687 ”

265 1893 538 1935 eximeretur.
602 1891 654 1934 H.
696 1892 753 1933 ΙΙΙ
796 1894 874 1937 10:
920 1893 993 1935 ubi
1038 1908 1141 1935 cru-

266 1952 438 1994 descere
480 1951 652 2004 seditio,
702 1959 741 1994 et
779 1965 808 1993 a
852 1953 1057 1995 conviciis
1088 1967 1142 1995 ac

260 2012 434 2068 probris
466 2011 524 2052 ad
545 2010 632 2052 tela
654 2017 693 2052 et
710 2025 863 2052 manus
883 2013 1142 2065 transibant,

263 2072 373 2112 inici
423 2078 600 2112 catenas
640 2068 850 2128 Ftaviano
899 2072 1026 2114 iubet.
1089 2072 1142 2114 H.

263 2129 323 2171 111
352 2131 407 2173 31
425 2144 435 2171 ε
467 2137 511 2171 ut
529 2129 740 2186 praebere
761 2144 841 2171 ora
863 2130 1142 2183 contumeliis,

268 2196 556 2231 et-—cuncta
590 2190 692 2231 victi
707 2190 1001 2246 patiebantur,
1034 2190 1144 2232 subit

265 2246 528 2292 rec'ordatio.

1317 1891 1421 1947 Cap.
1454 1894 1527 1937 32.
1609 1892 1721 1935 Tune
1763 1892 1891 1937 Cotta
1930 1891 2101 1935 Messa-

1227 1952 1370 1994 linus.-
1433 1965 1544 2008 quae
1606 1950 1735 1994 Cotta
1795 1958 1840 1994 et
1888 1951 2100 1996 Lentulus

1225 2010 1435 2063 suadent,
1480 2011 1593 2052 intra
1623 2013 1866 2054 sententias
1897 2008 2102 2059 videntur

1226 2070 1496 2123 substitisse,
1539 2069 1617 2112 sed
1660 2084 1772 2126 quae
1803 2068 1988 2115 Flaccus
2022 2083 2102 2117 cc·-

1226 2131 1398 2184 terique
1429 2128 1806 2187 commendavere,
1843 2143 1895 2175 eu
1922 2135 2102 2175 aenaim

1228 2189 1416 2230 decretis
1470 2187 1729 2232 confirmata
1788 2202 1886 2235 esse
1942 2189 2103 2244 partim

1228 2248 1358 2290 huius
1407 2249 1632 2304 scriptoris
1685 2249 1821 2291 verba
1868 2247 2107 2307 (constituti

1229 2313 1272 2348 et
1304 2307 1576 2365 decrevere),
1623 2308 1778 2362 partim
1810 2306 1895 2350 Dio
1930 2305 2104 2352 Cassius

1227 2365 1342 2407 LVII
1377 2367 1430 2407 15
1464 2364 1679 2408 ostendit:
1713 2369 1792 2410 καὶ
1823 2370 1998 2415 θυσίας
2028 2368 2104 2412 ἐπ’

1229 2424 1355 2481 αὐιῷ
1397 2423 1484 2480 οὐχ
1522 2425 1692 2469 ἑαυτοῦ
1744 2424 1900 2483 μόνον
1951 2425 2104 2479 ἕνεκα.

349 2362 630 2404 evertentibus
642 2363 879 2418 adpositum
893 2377 987 2404 cum
999 2376 1146 2404 mensa

268 2422 438 2464 lumen:
487 2423 531 2463 in
565 2421 717 2464 codice
753 2436 846 2463 cum
876 2427 975 2476 post
1013 2435 1145 2476 prae-

270 2494 468 2538 gressum
500 2487 586 2522 tum
616 2482 740 2523 vocis
773 2481 1010 2537 adpositum
1029 2480 1145 2522 deli-

268 2544 366 2583 tuit.
407 2539 638 2581 Ablativus
672 2539 851 2581 tolerari
873 2553 960 2581 non
984 2546 1144 2594 potest,

269 2601 355 2641 nisi
387 2598 698 2640 soloecismum
731 2599 906 2640 fortiter
934 2599 1146 2640 devorare

270 2658 397 2700 velis.
451 2656 683 2711 Compar-at
702 2658 874 2712 quidem
896 2658 1147 2700 waltherus

273 2716 323 2759 0.
358 2717 415 2761 20
441 2716 538 2771 ipsa
570 2716 804 2758 studiorum
832 2718 988 2758 incude
1002 2717 1146 2773 positi,

271 2775 349 2819 sed
382 2774 442 2816 ibi
477 2774 685 2817 meliores
718 2775 818 2818 libri
848 2777 895 2817 in
919 2778 1146 2831 praebent,

272 2847 417 2889 neque
459 2835 496 2874 is
538 2833 663 2877 locus
712 2835 1005 2877 conferendus
1039 2840 1147 2888 erat,

274 2895 435 2950 quippe
484 2905 571 2934 non
621 2895 829 2947 vitiosus,
897 2895 932 2936 si
975 2894 1150 2937 deesset

273 2953 559 3007 praepqsitio.
605 2953 695 2993 Alii
728 2954 868 2995 secuti
898 2953 1147 2995 Ernestium

275 3011 426 3052 dicunt
459 3023 556 3052 esse
590 3010 828 3053 ablativum
854 3013 1146 3065 instrumenti,

274 3068 386 3111 nihil
439 3069 688 3112 dubitantes
738 3071 898 3113 exilem
956 3071 1149 3112 tribuere

274 3128 422 3169 Tacito
442 3127 719 3170 describendi
746 3129 1020 3186 diligentiam
1054 3130 1151 3186 (das

276 3186 433 3239 Licin,
487 3186 669 3230 welches
729 3189 978 3231 vermittelst
1033 3190 1150 3229 eines

282 3245 452 3289 Tisches
483 3246 724 3302 hinyestellt
751 3248 1071 3305 war),scilicet
1104 3252 1151 3287 ut

276 3304 480 3360 legentes
512 3311 747 3348 noscerent
789 3307 943 3349 lumini
990 3306 1150 3349 funda-

275 3369 470 3404 mentum
491 3377 577 3405 non
597 3365 806 3408 defuisse.
846 3365 980 3407 Immo
1003 3378 1152 3408 mensa

278 3422 406 3462 simul
448 3428 491 3463 et
530 3423 677 3465 lumen
722 3427 968 3479 appositum
1012 3439 1037 3466 a
1078 3437 1152 3466 re-

277 3480 551 3535 fugientibus
586 3489 628 3522 et
660 3484 979 3537 trepidantibus
1014 3484 1153 3526 servis

280 3537 614 3580 evertebantur:
648 3542 813 3597 alioqui
846 3556 1023 3585 mensae
1055 3556 1152 3584 me-

278 3596 513 3642 morandae
545 3599 660 3641 iusta
694 3614 824 3645 causa
854 3614 944 3645 non
978 3607 1084 3646 erat.

1231 2482 1343 2528 ἀλλὰ
1383 2484 1573 2528 καὶτοῦ
1611 2482 1901 2540 Αὐγούστου
1942 2484 2024 2530 τοῦ
2057 2499 2106 2533 ιε

1228 2537 1404 2599 πατρὸς
1434 2542 1581 2588 αὐτοῦ
1613 2545 1695 2587 τοῦ
1731 2543 1950 2597 Ἰουλίου,
1981 2548 2105 2593 καθ,

1230 2603 1352 2658 άπερ
1398 2602 1508 2647 ποτὲ
1543 2601 1772 2654 widonem,
1795 2603 2105 2662 ψηφισθῆναι

1230 2664 1421 2715 ἐποίησε
1485 2659 1770 2718 (Tiberius).
1839 2659 1967 2706 Cotta
2027 2662 2106 2707 ille

1230 2718 1488 2763 Messalinus
1505 2719 1719 2762 Messalae
1750 2722 1934 2766 oratoris
1967 2721 2104 2776 patris

1230 2779 1381 2834 optimi
1415 2777 1612 2835 degener
1643 2777 1804 2835 proles.
1866 2779 2036 2830 Plinius
2067 2780 2106 2824 X

1230 2838 1284 2885 27
1329 2839 1446 2894 (22).
1509 2837 1682 2880 Persius
1727 2836 1766 2878 11
1820 2839 1903 2885 72:
1959 2839 2108 2898 magni

1233 2895 1449 2940 Messalae
1479 2895 1514 2938 li
1538 2910 1599 2953 pa
1659 2910 1734 2954 rop
1796 2911 1834 2941 o.

1317 2955 1475 3000 Luctus
1521 2911 1747 3000 ism-{uoti
1796 2956 1932 2999 isonis
1946 2969 2106 3002 nomen

1232 3015 1371 3056 latere
1403 3014 1483 3056 sub
1517 3015 1617 3057 libri
1649 3014 1836 3058 medicei
1856 3014 1908 3058 L.
1934 3012 1981 3059 P.
2005 3015 2107 3060 hinc

1233 3073 1424 3128 collig0‚
1473 3073 1589 3128 quod
1633 3087 1687 3116 ex
1718 3073 1967 3117 hominibus
1999 3074 2107 3117 illu-

1232 3131 1392 3174 stribus
1432 3132 1555 3186 (talis
1590 3133 1704 3174 enim
1729 3131 1770 3174 h.
1795 3133 1824 3174 l.
1843 3133 2104 3191 requiritur)

1234 3191 1334 3233 aevi
1367 3189 1609 3243 Tiberiani,
1644 3202 1827 3246 quorum
1858 3192 2106 3238 nominibus

1232 3256 1363 3291 notae
1402 3246 1453 3290 L.
1498 3247 1545 3290 P.
1588 3251 1884 3303 conveniunt,
1931 3253 2108 3297 nonnisi

1235 3309 1285 3351 L.
1322 3307 1416 3351 Piso
1448 3307 1510 3364 (ΙΙ
1541 3308 1620 3361 34,
1653 3307 1710 3350 111
1745 3311 1824 3363 11,
1856 3308 1916 3351 lv
1946 3311 2028 3368 21)
2063 3316 2108 3357 et

1235 3367 1285 3410 L.
1332 3367 1584 3422 Pomponius
1631 3367 1693 3422 (ΙΙ
1730 3369 1810 3426 41)
1854 3369 1943 3421 apti
1988 3375 2105 3422 sunt,

1234 3425 1311 3468 sed
1322 3424 1547 3479 Pomponii
1561 3427 1780 3471 sententia
1796 3439 1894 3468 cum
1907 3429 2106 3481 proxime

1235 3487 1319 3527 iani
1363 3484 1502 3526 relata
1546 3486 1624 3538 sit,
1666 3497 1775 3526 unus
1817 3484 1916 3526 Piso
1955 3491 2105 3528 restat.

1237 3543 1364 3596 Quod
1397 3544 1432 3585 is
1464 3543 1501 3585 11
1541 3545 1600 3586 34
1646 3543 1774 3584 liberi
1817 3542 1981 3585 doloris
2023 3544 2106 3587 do-

1234 3607 1438 3647 cumenta
1450 3602 1624 3647 dedisse
1637 3606 1848 3657 narratur,
1870 3600 1914 3646 id
1928 3603 2107 3662 minime
