2280 4004
227 261 317 310 192
989 264 1281 314 ANNALIVM
1798 286 1840 318 a.
1855 285 1918 319 ·u.
1952 271 2054 322 ⁷73.

228 409 545 478 congiarium
584 410 719 477 plebi
772 410 1041 462 admodum
1088 411 1281 477 laetae,
1339 411 1801 478 quod’Germanici
1850 415 2056 483 stirpem

226 501 324 553 iam
380 502 621 568 puberem
675 502 968 567 aspiciebat.
1061 502 1277 554 Auctum
1332 503 1517 555 dehinc
1576 504 1815 572 gaudium
1870 507 2058 573 nuptiis

224 594 441 646 Neronis
481 598 530 645 et
564 593 719 645 Iuliae
754 594 905 645 Drusi
941 593 1090 646 filiae.
1177 596 1339 661 thue
1391 594 1520 647 haec
1568 596 1797 648 secundo
1835 611 2072 663 rumore,

225 685 292 736 ita
331 684 563 736 adversis
606 685 787 736 animis
825 691 1086 751 acceptum
1120 673 1262 752 quod
1298 685 1400 738 filio
1427 686 1625 738 Claudii
1659 702 1812 740 socer
1845 687 2061 741 Seianus

189 774 580 827 sdestinaretur.
653 775 900 827 Polluisse
941 776 1255 828 nobilitatem
1299 777 1518 830 familiae
1556 778 1842 845 videbatur,
1868 793 2060 846 suspe-

228 874 459 936 ctumque
490 870 588 920 iam
628 870 814 921 nimiae
851 870 960 936 spei
995 870 1230 923 Seianum
1274 870 1403 922 ultra
1440 871 1698 924 extulisse.

365 959 486 1011 Fine
524 959 643 1011 anni
681 974 991 1011 concessere
1038 959 1141 1011 vita
1180 959 1413 1027 insignes
1462 960 1560 1011 viri
1596 960 1779 1012 Lucius
1820 959 2058 1012 Volusius
2075 964 2147 1012 30

227 1055 276 1101 et
313 1050 576 1103 Sallustius
616 1051 839 1117 Crispus.
939 1050 1150 1103 Volusio
1199 1056 1344 1103 vetus
1396 1051 1618 1117 familia,
1676 1065 1842 1118 neque
1892 1056 2061 1103 tamen

224 1147 511 1208 praeturam
566 1158 806 1211 egressa:
864 1143 973 1209 ipse
1012 1143 1326 1194 consulatum
1364 1143 1557 1209 intulit,
1619 1143 1857 1196 censoria
1909 1143 2058 1195 etiam

164 1238 475 1300 inpotestate
521 1234 755 1301 legendis
804 1235 1025 1300 equitum
1078 1235 1299 1286 decuriis
1354 1235 1582 1300 sunctuS,
1648 1249 1898 1302 opumque
1948 1238 2060 1300 quis

227 1325 406 1378 domus
440 1325 523 1378 illa
569 1326 865 1378 immensum
903 1326 1089 1393 viguit,
1147 1326 1338 1393 primus
1393 1326 1755 1378 accumulator.
1830 1325 2058 1392 Crispum
2097 1319 2107 1371 l

226 1417 449 1483 equestri
513 1423 674 1469 ortum
747 1418 864 1469 loco
919 1416 1072 1469 Gaius
1134 1417 1399 1470 Sallustius
1423 1456 1437 1483 ,
1494 1432 1664 1469 rerum
1719 1418 2058 1471 Romanarum

225 1507 612 1561 florentissimus
664 1515 869 1574 auctor,
933 1508 1129 1560 sororis
1180 1513 1416 1574 nepotem
1470 1509 1524 1559 in
1579 1523 1765 1560 nomen
1825 1507 2060 1561 adscivit.

224 1598 392 1665 Atque
426 1600 528 1665 ille,
566 1615 864 1667 quamquam
891 1604 1122 1667 prompto
1162 1600 1226 1651 ad
1263 1599 1610 1666 capessendos
1643 1599 1868 1652 honores
1905 1597 2090 1669 aditu,

163 1692 570 1753 uuMaecenatem
611 1692 887 1745 aemulatus
920 1693 1033 1744 sine
1075 1692 1323 1759 dignitate
1364 1692 1623 1744 senatoria
1662 1691 1846 1743 multos
1882 1689 2090 1743 trium-'

226 1783 447 1850 phalium
487 1785 930 1850 consulariumque
968 1785 1192 1850 potentia
1232 1784 1432 1849 anteiit,
1493 1784 1725 1835 diversus
1765 1800 1793 1835 a
1834 1786 2060 1835 veterum

230 1874 455 1947 instituto
493 1892 586 1942 per
619 1876 802 1927 cultum
842 1881 890 1927 et
926 1876 1214 1941 munditiaS,
1260 1876 1508 1942 copiaque
1547 1880 1596 1927 et
1634 1874 1905 1927 adfluentia
1942 1873 2063 1925 luxu

224 1959 450 2034 propior.
525 1967 739 2020 Suberat
772 1973 939 2019 tamen
977 1967 1131 2035 vigor
1178 1967 1330 2019 animi
1365 1967 1657 2034 ingentibus
1692 1966 1915 2033 negotiis
1951 1980 2061 2032 par,

229 2073 290 2109 eo
332 2059 504 2110 acrior
545 2074 643 2125 quo
686 2073 915 2110 somnum
957 2063 1005 2110 et
1053 2059 1287 2111 inertiam
1326 2058 1489 2126 magis
1531 2057 1832 2110 ostentabat.
1906 2057 2065 2125 Igitur

164 2149 470 2202 noincolumi
509 2151 804 2202 Maecenate
850 2150 1138 2216 proximUS,
1202 2165 1320 2202 mox
1365 2150 1668 2217 praecipuus
1728 2148 1808 2200 cui
1862 2152 2060 2200 secreta

226 2243 585 2309 imperatorum
646 2242 1013 2308 inniterentur,
1074 2247 1122 2294 et
1170 2242 1507 2294 interficiendi
1545 2241 1765 2293 Postumi
1803 2239 2063 2308 Agrippae

228 2334 484 2398 consciuS,
526 2339 691 2385 aetate
728 2339 970 2399 provecta
1011 2334 1232 2400 speeiem
1271 2334 1434 2400 magis
1470 2333 1520 2383 in
1562 2332 1780 2383 amicitia
1819 2328 2063 2397 principis

228 2437 375 2491 quam
418 2425 519 2476 vim
560 2425 734 2478 tenuit.
810 2425 966 2491 quue
1003 2430 1052 2477 et
1087 2424 1372 2477 Maecenati
1411 2423 1699 2488 acciderat,
1739 2422 1843 2474 fato
1879 2426 2063 2488 polen-

352 2638 389 2677 1.
426 2636 695 2691 conficti-imru
727 2635 780 2677 M.
876 2635 985 2677 laete
1017 2637 1070 2678 M.
1134 2638 1176 2678 3.
1210 2643 1364 2690 utquae
1397 2637 1452 2678 M.
1543 2635 1825 2678 secundorum
1855 2646 1972 2675 more
2006 2631 2058 2673 Μ.

230 2696 270 2737 5.
305 2695 558 2736 videbantur
590 2696 653 2736 M:
689 2696 877 2735 correxit
911 2695 943 2736 Ι.
978 2695 1046 2736 Fr.
1081 2695 1341 2737 Gronovius.
1446 2697 1484 2737 7.
1522 2695 1569 2736 L.
1606 2695 1659 2736 M.
1766 2696 1833 2735 11.
1866 2694 1969 2734 inm.
2005 2691 2059 2733 M.

231 2755 327 2795 ade.
362 2755 416 2796 M.
484 2757 551 2798 12.
587 2757 834 2808 equestrior.
872 2762 956 2796 tum
977 2755 1031 2797 M.
1097 2755 1145 2797 G.
1181 2755 1234 2797 M.
1297 2767 1574 2797 romanorum
1604 2754 1671 2796 M:
1705 2753 1838 2795 tacite
1871 2751 2061 2792 correxit

229 2813 480 2856 Rhenanus,
578 2814 645 2856 17.
681 2815 885 2869 alluentia
916 2814 971 2856 M.

324 2970 481 3026 nuptiis
531 2971 743 3013 Neronis:
786 2970 920 3027 ‘quod
970 2972 1103 3028 igitur

230 3041 358 3084 Supra
377 3035 442 3070 est
459 3028 494 3070 ll
514 3031 587 3081 42,
611 3030 756 3071 Silani
778 3030 914 3084 filiam
939 3031 1103 3072 Neroni

229 3090 505 3132 vetustissimo
538 3088 718 3131 liberum
742 3090 989 3131 Germanici
1016 3103 1102 3145 pa-

231 3157 357 3201 ctam,
390 3154 559 3203 pactam
589 3148 934 3205 desponsamque
967 3149 1103 3190 fuisse

231 3208 460 3261 credimus,
480 3214 655 3263 nuptam
680 3208 996 3263 deductamque
1018 3221 1104 3249 non

230 3269 391 3321 fuisse3
443 3274 516 3310 aut
549 3269 584 3309 si
618 3268 724 3321 fuit,
759 3269 893 3311 satum
927 3267 1106 3309 abstulit

231 3333 273 3368 et
306 3326 448 3369 locum
483 3327 586 3369 huic
618 3327 751 3370 fecit'.
816 3327 1007 3370 Lmsms.

317 3428 439 3455 socer
471 3415 656 3458 Seianus
689 3416 999 3456 destinaretur:
1044 3414 1104 3455 lv

231 3471 253 3512 7
299 3478 341 3512 et
381 3474 451 3515 39.
518 3473 600 3514 Dio
646 3474 780 3515 LVllI
812 3477 894 3526 11,
929 3474 999 3515 LX
1031 3475 1102 3516 32.

232 3530 347 3571 Vere
411 3531 562 3572 scribit
624 3534 943 3574 destinaretur.-
1006 3545 1102 3574 nam

230 3589 394 3631 Drusus
419 3588 588 3631 Claudii
606 3591 719 3632 lilius
740 3599 840 3633 ante
861 3592 1103 3633 celebratas

230 3650 402 3705 nuptias
434 3649 573 3703 obiit3
620 3650 799 3694 Sueton.
835 3649 987 3694 Claud.
1021 3652 1103 3695 27:

1193 2971 1376 3013 Drusum
1398 2969 1606 3028 Pompeiis
1623 2968 1881 3026 impuberem
1904 2966 2060 3020 amisit,

1183 3032 1280 3086 piro
1320 3045 1401 3086 per
1444 3030 1578 3073 lusum
1612 3031 1658 3071 in
1695 3028 1868 3071 sublime
1899 3028 2059 3082 iactato

1190 3097 1227 3130 ee
1264 3090 1384 3131 hiatu
1417 3092 1503 3132 oris
1533 3096 1707 3145 excepto
1733 3085 2059 3142 strangulatum,

1191 3148 1260 3190 cui
1291 3156 1329 3190 et
1361 3156 1460 3190 ante
1476 3163 1639 3206 paucos
1655 3148 1745 3189 dies
1758 3146 1894 3201 filiam
1909 3145 2062 3187 Seiani

1190 3208 1491 3265 despondisset.

1293 3294 1397 3350 Cap.
1439 3297 1511 3339 30.
1575 3290 1842 3336 consulatum
1889 3291 2059 3335 intulit.-

1190 3354 1336 3395 intulit
1375 3368 1488 3396 anno
1529 3354 1638 3406 756,
1697 3352 1896 3395 kalendis
1935 3350 2059 3393 Iuliis

1191 3427 1286 3455 cum
1335 3414 1379 3456 P.
1423 3415 1529 3457 Silio
1569 3413 1778 3455 suffectus
1825 3412 1869 3452 in
1915 3409 2056 3451 locum

1188 3473 1305 3515 Aelii
1338 3474 1510 3516 Lamiae
1544 3479 1586 3514 et
1614 3472 1745 3514 Marci
1764 3467 1964 3519 Servilii;
1998 3469 2056 3512 cf.

1190 3532 1342 3575 Orellii
1362 3533 1561 3586 lnscript.
1582 3545 1622 3572 n.
1639 3529 1741 3572 644.
1773 3528 2058 3570 Recentiores

1187 3591 1411 3633 Fastorum
1465 3591 1761 3638 confectores,
1817 3584 1955 3627 veluti
2005 3586 2055 3629 E.

1190 3651 1302 3693 Guil.
1337 3651 1517 3692 Fischer
1549 3644 1806 3705 (Romische
1821 3643 2057 3689 Zeittafeln
