2280 4004
230 295 256 335 a
301 282 479 338 G.„47.-
822 281 987 326 LIBER
1018 281 1089 326 XI.
1153 282 1260 327 Car.
1298 282 1483 328 17—19.
2005 282 2064 325 21

238 430 423 483 vallum
459 430 878 494 non‘accinctuS,
920 434 1069 494 atque
1107 428 1291 494 alium,
1337 428 1452 495 quia
1491 427 1715 496 pugione
1749 432 1936 479 tantum
1975 443 2068 478 ac-

240 522 434 573 cinctus
477 521 693 586 foderet,
735 526 896 573 morte
935 521 1153 587 punitos.
1228 521 1369 580 Quae
1408 520 1591 584 nimia,
1631 525 1680 571 et
1717 519 1963 571 incertum
2002 535 2066 570 an

231 612 360 666 falso
396 613 546 676 iacta,
585 612 836 679 originem
872 617 1039 663 tamen
1081 627 1109 663 e
1142 612 1414 663 severitate
1450 611 1593 662 ducis
1631 615 1833 662 traxere
1845 627 1859 674 3
1897 610 2067 661 inten-

232 709 436 770 tumque
491 707 541 754 et
592 703 789 768 magnis
845 701 1044 753 delictis
1098 701 1464 753 inexorabilem
1515 701 1684 766 sciaS,
1746 700 1827 752 cui
1878 704 2066 751 tantum

148 801 218 849 19
233 795 515 862 asperitatis
551 794 699 846 etiam
733 793 977 845 adversus
1006 794 1137 845 levia
1163 793 1482 845 credebatur.
1559 793 1791 845 Ceterum
1828 793 1872 844 is
1898 797 2104 845 terrors

232 886 415 939 milites
453 885 726 950 hostesque
765 884 816 934 in
845 883 1100 935 diversum
1141 883 1346 956 adfecit.
1419 884 1524 935 Nos
1551 883 1784 935 virtutem
1816 884 2062 948 auximuS,

231 976 438 1029 barbari
478 975 724 1028 ferociam
764 975 1040 1041 infregere.
1118 974 1179 1025 Et
1215 974 1352 1024 natio
1388 974 1693 1039 Frisiorum,
1738 979 1853 1040 post
1891 974 2066 1042 rebel,-

231 1066 420 1118 lionem
465 1065 611 1117 clade
645 1065 785 1116 Lucii
836 1064 1052 1130 Apronii
1103 1069 1332 1129 coeptam
1385 1064 1586 1115 infensa
1638 1069 1722 1115 aut
1766 1065 1896 1116 male
1944 1065 2062 1130 fida,

235 1157 366 1209 datis
414 1155 678 1208 obsidibus
724 1155 956 1207 consedit
1004 1155 1134 1220 apud
1173 1169 1329 1221 agros
1366 1171 1394 1206 a
1433 1153 1722 1207 Corbulone
1760 1155 2061 1222 descriptos.

232 1248 370 1302 Idem
408 1252 613 1300 senatus
642 1247 965 1314 magistratus
1003 1246 1147 1314 leges
1185 1246 1436 1312 imposuit.
1510 1246 1588 1297 Ac
1625 1261 1689 1297 ne
1730 1247 1868 1298 iussa
1905 1260 2128 1299 exue-10

233 1344 374 1404 rent,
416 1339 726 1405 praesidium
766 1338 1072 1403 immunivit,
1129 1338 1298 1389 missis
1338 1338 1420 1404 qui
1462 1338 1684 1390 maiores
1723 1338 1958 1389 Chaucos
1999 1338 2063 1389 ad

233 1430 541 1482 deditionem
578 1430 903 1496 pellicerent,
940 1429 1085 1480 simul
1123 1429 1442 1480 Gannascum
1482 1429 1600 1480 dolo
1641 1429 2062 1497 adgrederentur.

231 1523 338 1574 Nec
379 1521 560 1573 inritae
599 1526 683 1572 aut
718 1521 1003 1588 degeneres
1042 1520 1260 1572 insidiae
1290 1521 1432 1572 fuere
1464 1521 1709 1573 adversus
1748 1523 2063 1590 transfugam

235 1617 285 1664 et
320 1612 620 1663 violatorem
661 1611 793 1663 lidei.
869 1611 967 1663 Sed
1008 1611 1167 1663 caede
1204 1612 1312 1663 eius
1355 1617 1522 1663 motae
1560 1613 1878 1664 Chaucorum
1917 1629 2064 1664 men-

230 1708 336 1767 teS,
395 1707 444 1754 et
482 1702 702 1755 Corbulo
742 1702 934 1754 semina
972 1702 1270 1754 rebellionis
1303 1702 1606 1768 praebebat,
1660 1708 1715 1754 ut
1761 1703 1892 1755 laeta
1931 1704 2127 1770 apudtt·

227 1794 517 1862 plerosque,
558 1793 626 1844 ita
664 1793 791 1859 apud
821 1793 1066 1860 quosdam
1102 1794 1309 1845 sinistra
1348 1794 1496 1844 fama.
1577 1794 1678 1845 Cur
1705 1794 1902 1846 hostem
1935 1810 2065 1846 con-

231 1885 398 1936 ciret?
450 1884 680 1936 Adversa
712 1885 764 1935 in
792 1900 899 1936 rem
933 1885 1186 1951 publicam
1216 1900 1429 1936 casura:
1473 1885 1552 1936 sin
1578 1900 1824 1951 prospere
1852 1886 2062 1953 egisset,

232 1975 617 2028 formidolosum
653 1975 769 2041 paci
803 1976 967 2027 virum
1004 1976 1285 2044 insignem,
1353 1980 1402 2028 et
1435 1976 1622 2043 ignavo
1659 1976 1874 2043 principi
1911 1992 2065 2043 prae-

350 2129 394 2170 3.
427 2135 528 2170 acta
559 2126 647 2169 Ma:
682 2129 873 2170 correxit
904 2128 1157 2171 RhenanuS.
1246 2136 1447 2170 tracoeere
1481 2130 1524 2185 (c
1549 2134 1711 2183 puncto
1746 2132 1960 2190 notatum)
1981 2129 2063 2173 Ma.

231 2186 273 2231 4.
310 2187 482 2228 delectis
511 2185 590 2228 Ma.
699 2187 740 2230 6.
777 2189 852 2244 aff.
887 2187 959 2230 Or.
1050 2189 1272 2229 aucoeimus
1310 2190 1353 2245 (c
1385 2190 1558 2243 punctis
1591 2191 1806 2245 notatum)
1839 2187 1921 2230 Ma.
2017 2190 2058 2233 7.

228 2254 325 2303 post
355 2245 444 2297 ma3
471 2260 552 2302 per
589 2245 636 2287 G.
741 2246 783 2289 8.
820 2246 869 2290 L.
904 2245 983 2288 Ma.
1091 2254 1256 2303 ceptam
1286 2246 1363 2290 Ma.
1467 2248 1508 2291 9.
1549 2245 1775 2289 corbolone
1807 2246 1888 2290 Ma.
1936 2275 1938 2277 v
1994 2250 2063 2293 10.

232 2307 320 2361 inp.
355 2304 435 2347 Ma.
515 2307 582 2347 11.
615 2306 851 2347 immunibit
881 2305 961 2348 Ma.
1026 2307 1211 2348 cauckos
1241 2306 1320 2349 illa.
1388 2308 1456 2350 12.
1490 2321 1613 2363 ayqr.
1649 2306 1719 2349 Or.
1787 2309 1856 2350 13.
1888 2307 1967 2348 irr.
1990 2308 2062 2350 Or.

239 2364 308 2407 14.
343 2378 573 2406 caucorum
603 2363 682 2406 Ma.
796 2365 863 2408 16.
895 2365 1121 2407 insinistra
1155 2367 1335 2407 iunctim
1369 2365 1448 2408 Ma.
1591 2366 1658 2408 17.
1692 2380 1740 2407 re
1771 2365 1949 2422 puplica
1981 2366 2061 2409 Ma.

233 2437 413 2465 casuras
443 2424 693 2480 inprospere
725 2423 804 2467 Ma.
902 2424 968 2467 18.
1002 2425 1159 2481 iqnabo
1193 2423 1271 2467 Ma.

320 2551 366 2586 at
409 2545 592 2587 Corbulo
640 2558 765 2600 sqq.:
811 2545 867 2587 cf.
902 2545 984 2586 Dio
1032 2545 1104 2587 LX

233 2606 292 2648 30
326 2609 370 2646 et
403 2610 550 2647 annot.
585 2603 639 2645 ad
670 2603 728 2645 111
759 2605 831 2646 31.
879 2603 1108 2647 Praeclara

1284 2546 1396 2588 idem
1438 2553 1610 2588 senalus
1642 2547 1918 2602 magistratus
1951 2547 2064 2603 leges

1191 2605 1414 2660 imposuit.-
1450 2605 1559 2647 haec
1591 2605 1668 2647 ille
1696 2607 1905 2660 imposuit
1936 2607 1979 2647 in
2010 2608 2063 2648 iis

236 2663 424 2704 hominis
458 2663 623 2719 gloria,
670 2663 794 2705 cuius
827 2669 891 2704 tot
923 2665 966 2705 in
1001 2665 1107 2706 sub-

233 2723 520 2777 sequentibus
538 2722 660 2764 libris
686 2729 966 2778 argumenta,
991 2737 1107 2765 nunc

236 2783 530 2824 annuntiatur.
643 2782 713 2822 cm·
738 2783 997 2838 principium
1029 2782 1108 2824 illa

235 2839 390 2880 militia
420 2841 528 2894 suit.-
572 2841 641 2881 cm·
671 2840 789 2881 refer
821 2840 874 2881 ad
904 2841 1104 2896 yloriam,

237 2910 326 2938 non
360 2911 455 2939 cum
487 2898 677 2939 Pichena
709 2898 762 2939 ad
788 2898 1105 2942 Corbulonem:

238 2957 333 3009 ipse
393 2958 507 2998 enim
560 2958 644 2998 iam
700 2962 801 2998 ante
859 2971 995 3000 annos
1050 2959 1107 3002 26

234 3020 446 3070 praetura
466 3019 639 3070 functus
672 3021 788 3056 erat:
820 3016 875 3057 ΙΙΙ
895 3019 967 3060 31.
1001 3017 1105 3059 Fal-

239 3073 343 3114 litur
390 3074 580 3116 Pichena
634 3074 828 3117 scribens
878 3076 930 3117 ad
983 3076 1024 3118 h.
1075 3076 1103 3118 l.

238 3132 365 3173 ‘forte
414 3132 528 3173 lilius
579 3132 723 3185 illius,
777 3135 849 3188 qui
902 3134 1012 3176 libro
1061 3137 1102 3178 3.

241 3191 451 3232 Domitius
481 3191 664 3233 Corbulo
691 3193 949 3246 appellatur.
987 3200 1105 3235 certe

240 3261 326 3290 non
371 3249 499 3291 idem.
551 3250 628 3291 ille
671 3252 786 3292 enim
817 3265 983 3294 senex:
1025 3266 1106 3308 pro

242 3307 483 3349 Corbulone
514 3307 646 3350 aetas'
669 3310 824 3363 (immo
849 3310 1105 3352 adolescens

241 3373 348 3419 erat,
382 3366 457 3408 sed
490 3373 632 3408 aetate
666 3369 802 3408 maior
834 3382 958 3423 quam
986 3369 1105 3410 Sulla

240 3426 318 3468 ille
366 3425 525 3467 nobilis
572 3427 784 3481 iuvenis).
843 3427 991 3468 ‘atde
1026 3426 1108 3467 hoc

240 3484 370 3538 paulo
401 3485 513 3525 infra
537 3487 619 3526 ait:
652 3485 721 3525 cui
748 3486 1006 3542 principium
1029 3485 1108 3526 illa

239 3544 393 3585 militia
423 3543 536 3599 suit'.

329 3602 433 3657 Cap.
486 3603 552 3646 19.
618 3602 750 3644 Clade
795 3602 845 3645 1..
891 3603 1104 3659 Apronii.-

242 3672 338 3703 eam
370 3675 460 3705 rem
492 3665 682 3705 narravit
713 3662 776 3706 lv
807 3664 996 3711 ,72-74.

1193 2664 1446 2706 civitatibus
1477 2665 1736 2718 Frisiorum,
1779 2665 1936 2720 quibus
1968 2666 2063 2707 for-

1192 2737 1303 2766 mam
1323 2724 1657 2778 municipiorum
1671 2725 1962 2765 Romanorum
1982 2725 2062 2767 de-

1193 2783 1268 2825 dit.
1291 2785 1475 2825 Senalus
1490 2784 1701 2837 scriptura
1718 2783 1832 2825 bene
1851 2797 1898 2825 se
1915 2783 2060 2836 habet,

1192 2855 1335 2898 neque
1370 2855 1478 2897 opus
1512 2849 1577 2884 est
1611 2843 1862 2885 coniectura
1895 2842 2059 2885 Puteo-

1193 2901 1281 2942 lani
1314 2909 1522 2943 senatum.

1279 2989 1540 3031 immunivit:
1574 2988 1768 3031 breviter
1800 2990 1961 3031 dictum
1983 3002 2060 3044 pro

1189 3050 1237 3090 in
1275 3054 1395 3089 terra
1437 3049 1667 3090 Frisiorum
1702 3050 1894 3092 munivit.

1259 3137 1443 3176 maiores
1457 3133 1677 3174 Chaucos.-
1696 3133 1883 3190 minores
1896 3133 2061 3176 Chauci

1193 3194 1375 3245 proximi
1410 3206 1434 3234 a
1462 3191 1610 3232 Frisiis
1640 3193 1754 3232 inter
1775 3192 1982 3232 Amisiam
2018 3199 2062 3234 et

1195 3252 1441 3306 Visurgim,
1488 3251 1675 3291 maiores
1717 3263 1741 3290 a
1790 3250 1964 3306 Visurgi
2007 3251 2061 3292 ad

1191 3309 1351 3351 Albim.
1415 3307 1580 3349 Plinius
1617 3306 1715 3349 XVI
1753 3309 1790 3350 1.
1848 3307 1973 3350 Conf.
2010 3310 2057 3352 G.

1192 3370 1251 3410 34
1291 3381 1354 3422 sq.
1418 3367 1656 3409 Minoribus
1699 3367 1832 3421 igitur
1872 3366 2060 3409 Chaucis

1196 3426 1279 3466 dux
1315 3427 1530 3467 Romanus
1571 3425 1779 3466 ordinatis
1824 3425 2059 3468 Frisiorum

1197 3485 1325 3526 rebus
1359 3486 1452 3538 ipse
1486 3497 1580 3525 cum
1616 3486 1811 3526 exercitu
1840 3487 2060 3539 proximus

1195 3544 1292 3595 fuit,
1326 3557 1349 3584 a
1373 3543 1607 3584 maioribus
1632 3543 1807 3599 longius
1840 3550 2058 3586 remotus:

1196 3602 1298 3644 hinc
1343 3603 1480 3644 missis
1525 3604 1595 3658 qui
1635 3603 1821 3645 maiores
1865 3603 2060 3647 Chaucos

1195 3662 1252 3705 ad
1282 3662 1535 3705 deditionem
1560 3662 1827 3721 pellicerent.
