2280 4004
799 240 962 286 LIBER
997 240 1068 284 VI.
1130 240 1237 286 GAP.
1272 238 1462 284 27-29.

227 255 254 290 a
283 243 347 310 G..
367 244 440 289 34.
1964 240 2052 285 343

225 402 377 441 unum
419 386 646 450 interici3
682 387 982 454 prioresque
1024 384 1169 436 alites
1195 383 1439 436 Sesoside
1474 382 1703 449 primum,
1741 386 1857 448 post
1891 381 2051 433 A'ma-

226 479 340 531 side
366 478 756 542 dominantibuS,
799 477 916 528 dein
950 475 1235 528 Ptolemaeo
1268 475 1351 541 qui
1380 492 1443 528 ex
1468 473 1831 529 Macedonibus
1873 474 2049 524 tertius

226 570 490 640 regnavit,
562 569 613 620 in
668 569 921 620 civitatem
982 567 1062 617 eui
1120 565 1398 631 Heliopolis
1459 577 1644 616 nomen
1702 559 2048 627 advolavisse,

227 662 380 715 :inulto
417 666 697 714 ceterarum
734 659 996 710 voluerum
1031 657 1267 708 comitatu
1308 672 1490 707 novam
1531 656 1712 708 faeiem
1746 655 2047 706 mirantium.

225 753 326 806 Sed
366 751 635 818 antiquitas
659 748 860 815 quidem
899 749 1144 800 obscura:
1186 748 1318 799 inter
1343 746 1675 798 Ptolemaeum
1709 761 1770 796 ae
1796 744 2088 798 Tiberiums

224 843 388 896 minus
419 840 624 894 ducenti
663 839 1023 906 quinquaginta
1065 838 1184 890 anni
1215 838 1433 889 suerunt.
1509 837 1651 889 Unde
1686 835 1913 888 nonnulli
1951 835 2048 887 sal-

226 949 335 1001 sum
370 932 502 985 hune
534 930 835 996 phoenicem
871 943 1035 995 neque
1061 928 1284 981 Arabum
1321 945 1350 980 e
1388 930 1537 980 terris
1573 928 1858 991 credidere,
1896 926 2051 984 nihil-

224 1039 322 1091 que
346 1022 670 1088 usurpavisse
697 1036 762 1072 ex
799 1020 861 1071 iis
889 1035 1019 1086 quae
1042 1024 1187 1071 vetus
1216 1020 1461 1072 memoria
1496 1019 1726 1069 firmavit.
1802 1018 2049 1069 Confecto

224 1114 405 1183 quippe
437 1127 683 1166 annorum
719 1127 959 1176 nutriere,
998 1111 1084 1161 ubi
1122 1125 1259 1162 mors
1293 1111 1620 1176 propinquet,
1661 1109 1766 1160 suis
1804 1109 1856 1159 in
1894 1108 2043 1160 terris

221 1209 418 1258 struere
451 1188 641 1267 nidum,
679 1201 828 1268 eique
866 1202 966 1253 vim
1002 1201 1274 1269 genitalem
1317 1200 1616 1264 adfundere,
1657 1216 1721 1251 ex
1760 1214 1856 1265 qua
1896 1199 2116 1250 fet-nmio

221 1296 373 1360 oriri3
429 1301 478 1348 et
531 1295 741 1362 primam
788 1293 959 1346 adulto
1016 1308 1188 1345 curam
1223 1292 1732 1358 sepeliendi.patriS‚
1794 1306 1960 1357 neque
1998 1292 2052 1341 id

222 1393 430 1452 temere,
472 1386 565 1439 sed
602 1385 800 1438 sublato
825 1384 1061 1437 murthae
1084 1384 1318 1450 pondere.
1343 1388 1685 1450 temptatoque
1712 1398 1805 1449 per
1841 1383 2051 1449 longum

221 1480 343 1544 iter‚'
374 1478 460 1530 ubi
493 1492 584 1545 par
626 1477 800 1542 oneri,
858 1491 950 1542 par
990 1475 1176 1528 meatui
1228 1475 1322 1539 sit,
1383 1474 1557 1527 subire
1603 1474 1817 1540 patrium
1866 1488 2050 1540 corpus

223 1570 375 1636 inque
415 1568 550 1623 Solis
600 1583 740 1620 aram
791 1567 1022 1633 perferre
1078 1570 1228 1632 atque
1283 1565 1508 1617 adolere.
1583 1566 1722 1617 Haec
1768 1565 1963 1617 incerta
2002 1570 2052 1616 et

223 1659 469 1713 fabulosis
520 1664 697 1711 aucta:
756 1664 978 1711 ceterum
1036 1657 1196 1725 aspici
1245 1656 1518 1724 aliquando
1573 1655 1623 1708 in
1661 1655 1895 1723 Aegypto
1940 1669 2113 1707 eamus

221 1751 481 1804 volucrem
518 1765 621 1802 non
658 1749 948 1818 ambigitur.

136 1854 207 1902 29
362 1843 428 1895 At
460 1843 651 1895 Romae
689 1841 849 1894 caede
887 1841 1125 1892 continua
1161 1840 1464 1908 Pomponius
1490 1840 1677 1904 Labe0,
1715 1854 1862 1906 quem
1899 1855 2053 1905 prae-

222 1934 379 1987 fuisse
415 1933 640 2000 Moesiae
675 1933 861 1998 rettuli,
904 1948 997 1999 per
1033 1933 1270 1999 abruptas
1308 1947 1467 1984 venas
1508 1931 1809 1998 sanguinem
1846 1930 2023 1982 effudit
2035 1948 2050 1994 3

223 2025 569 2090 aemulataque
621 2029 699 2076 est
754 2024 975 2075 coniunx
1022 2024 1234 2075 Paxaea.
1320 2025 1444 2075 Nam
1491 2027 1746 2088 promptas
1801 2021 2050 2073 eiusmodi

225 2120 414 2168 mortes
453 2119 613 2168 metus
656 2114 908 2168 carnificis
950 2114 1199 2177 faciebat,
1259 2119 1308 2165 et
1359 2113 1476 2179 quia
1527 2112 1748 2165 damnati
1783 2111 2051 2178 publicatis
2067 2121 2116 2157 20

348 2285 385 2325 1.
419 2282 548 2326 aliter
578 2294 667 2325 esse
705 2281 843 2324 sosicle
875 2281 941 2324 M:
985 2282 1176 2324 correxit
1208 2281 1295 2323 Iac.
1330 2279 1575 2323 Gronovius
1609 2293 1661 2322 ex
1693 2279 1886 2322 Diodoro
1923 2280 1944 2321 1
1981 2279 2052 2322 53.

225 2343 347 2385 alites
379 2355 455 2398 pro
489 2341 618 2384 aliter
648 2354 674 2382 a
701 2340 912 2383 Rhenano
946 2342 1079 2382 tacite
1112 2346 1370 2383 correctum.
1435 2343 1476 2384 2.
1505 2339 1713 2396 ptolemeo
1733 2339 1789 2391 M,
1823 2351 1923 2380 mox
1952 2345 2053 2394 pto-

225 2401 416 2445 lemeum.
531 2400 659 2443 &iis
692 2400 855 2443 editor:
893 2400 1029 2456 vulgo
1061 2400 1142 2442 his.
1238 2401 1306 2442 12.
1348 2412 1523 2441 marrae
1556 2398 1611 2440 M.
1707 2398 1776 2441 18.
1810 2397 1967 2440 reeculi
1998 2398 2053 2440 M.

227 2557 407 2614 Arabia)
442 2557 721 2599 advolavisse
741 2556 912 2598 Plautio
946 2562 990 2598 et
1015 2556 1100 2598 Pa-

227 2617 348 2672 pinio
397 2616 678 2669 consulibus,
733 2616 776 2658 h.
827 2629 867 2658 e.
919 2615 1098 2658 biennio

226 2682 350 2731 post,
398 2682 541 2717 narrat
570 2679 767 2730 'eumque
800 2674 975 2717 Solinus
1021 2687 1099 2729 pro

228 2749 348 2777 more
379 2735 578 2790 sequitur
606 2742 649 2776 et
670 2734 755 2776 Dio
789 2735 830 2776 ei
864 2736 1099 2776 consentit.

307 2795 378 2848 qut
401 2796 586 2848 formam
612 2795 701 2834 eius
725 2794 958 2847 effinxere:
993 2793 1036 2834 h.
1060 2807 1100 2835 e.

230 2853 303 2908 qui
341 2852 507 2893 formae
539 2853 773 2908 imaginem
801 2850 911 2904 sive
956 2852 1102 2893 verbis

231 2912 326 2951 sive
343 2910 503 2952 tabulis
527 2922 799 2964 expressere.
851 2908 919 2951 Cf.
940 2909 996 2952 XI
1033 2911 1100 2952 14.

233 2969 285 3011 H.
323 2969 357 3009 V
391 2970 432 3011 5.
527 2970 711 3010 maxime
735 2968 951 3024 vulgatum
974 2969 1101 3023 quin-

233 3034 455 3082 gentorum
484 3028 693 3082 spatium:
744 3027 810 3069 sio
838 3027 1100 3080 Herodotus,

234 3086 372 3138 Mela,
418 3087 586 3128 Seneca
626 3085 766 3141 Epist.
799 3087 872 3129 42.
937 3086 1101 3128 Plinius

236 3144 333 3186 mx
366 3144 513 3187 habet.

338 3204 452 3244 mille
497 3203 828 3260 quadringentos
873 3205 1102 3260 sesa-qima

235 3275 390 3303 unnm:
438 3273 491 3302 eo
538 3274 748 3303 annorum
779 3275 959 3304 numero
993 3275 1101 3304 con-

238 3322 353 3363 fecto
407 3321 580 3376 integer
644 3333 780 3361 annus
830 3320 1100 3363 intercalaris

237 3379 490 3434 colligitur,
537 3392 589 3420 ex
624 3378 742 3419 horis
783 3380 1101 3421 abundantibus

237 3451 370 3492 super
401 3450 625 3478 numerum
659 3436 825 3478 dierum
865 3438 967 3487 365,
1001 3439 1101 3491 qui-

239 3497 318 3538 bus
361 3498 557 3538 constitit
599 3508 737 3537 annus
770 3496 1102 3550 Aegyptiorum,

239 3557 505 3611 compositus
526 3561 684 3611 etpost
715 3567 852 3596 annos
888 3555 1000 3598 1460
1033 3555 1102 3595 in.-

241 3616 461 3658 teriectus.
493 3615 597 3659 Nam
616 3620 712 3671 post
729 3620 927 3672 quartum
947 3626 1103 3671 quem.-

1184 2569 1270 2614 que
1290 2567 1450 2597 annum
1480 2567 1534 2596 ex
1562 2554 1654 2596 illis
1678 2554 1798 2596 horis
1831 2553 1925 2594 dies
1959 2553 2055 2595 col-

1184 2615 1358 2672 ligitur,
1405 2626 1459 2655 ex
1501 2612 1570 2655 his
1602 2612 1756 2655 diebus
1788 2619 1886 2667 post
1918 2625 2055 2653 annos

1189 2674 1302 2719 1460
1335 2676 1410 2729 (=
1440 2676 1467 2715 4
1509 2683 1558 2716 ><
1597 2672 1706 2725 365)
1750 2685 1888 2712 annus
1921 2677 2052 2713 totus.

1240 2734 1489 2788 prioresque
1500 2757 1554 2764 -
1565 2731 1831 2779 advolavisse
1846 2744 1859 2770 :
1883 2730 2055 2772 'l'acitus

1186 2793 1328 2834 varias
1346 2791 1575 2847 opiniones
1592 2791 1743 2844 paucis
1762 2789 2055 2843 comprehen-

1187 2852 1274 2894 dit:
1316 2864 1414 2893 nam
1462 2850 1535 2904 qui
1577 2849 1687 2890 haec
1726 2855 1921 2900 narrant,
1971 2850 2054 2890 iam

1188 2910 1351 2952 diversi
1384 2914 1484 2950 sunt
1524 2915 1610 2950 tam
1655 2907 1708 2948 ab
1746 2908 1799 2948 iis
1834 2907 1906 2962 qui
1945 2906 2054 2949 1461

1187 2982 1315 3025 quam
1348 2970 1421 3025 qui
1454 2969 1541 3012 500
1582 2971 1733 3008 annos'
1763 2966 1952 3008 interiici
1986 2965 2056 3006 di-

1188 3034 1305 3070 cunt.
1413 3028 1540 3081 inque
1561 3025 1674 3068 Solis
1690 3038 1816 3066 aram
1830 3028 2055 3080 perferre.-

1189 3087 1230 3129 h.
1266 3101 1305 3128 e.
1343 3088 1387 3127 in
1421 3098 1535 3126 aram
1569 3083 1683 3126 Solis
1716 3085 1862 3136 oppidi
1898 3081 2054 3122 Helio-

1188 3145 1369 3199 politani
1404 3146 1448 3184 in
1480 3144 1700 3198 Aegypt-0.
1780 3139 2053 3181 Herodotus:

1186 3207 1397 3262 κομίζειν
1446 3217 1530 3258 μιν
1586 3203 1764 3253 (patren
1811 3204 2053 3239 emortuum

1186 3266 1334 3316 suum)
1358 3261 1428 3303 ἐπ’
1450 3259 1698 3316 Αἰγύπτου
1721 3259 1765 3304 ἐς
1797 3257 1876 3300 τοῦ
1895 3256 2054 3299 ‘ffltou

1185 3317 1238 3364 τὸ
1272 3319 1392 3374 ἱρόν.

1281 3377 1385 3430 Cap.
1406 3377 1478 3419 29.
1537 3374 1710 3416 reeeutt:
1737 3373 1794 3414 lv
1831 3373 1904 3414 47.
1938 3371 2054 3413 Mor-

1188 3442 1272 3477 tem
1328 3434 1542 3476 Labeonis
1598 3438 1640 3474 et
1709 3433 1856 3473 uxoris
1912 3436 2055 3472 narrat

1188 3496 1317 3535 etiam
1353 3493 1435 3535 Dio
1469 3491 1597 3534 Lvm
1636 3494 1706 3534 24.
1823 3490 2055 3531 ”canebant

1189 3558 1465 3594 testamenta.-
1498 3551 1614 3593 conf.
1640 3551 1721 3592 Dio
1748 3548 1886 3591 Lvnt
1926 3551 1976 3591 15
2011 3555 2053 3589 et

1189 3611 1302 3655 Lvn
1334 3614 1403 3657 22.
