2280 4004
124 412 127 416 ⁴
200 390 486 446 exuendam
527 390 590 442 ad
627 390 774 442 fidem
826 389 1000 440 hostes
1053 388 1318 439 emercari.

202 261 231 306 ,t
253 248 308 297 c.
340 247 414 301 49.
760 244 923 290 LIBER
947 243 1042 291 xa.
1110 243 1216 291 cm,
1252 243 1438 288 12—14.
1964 245 2026 288 ‚5⁵

1392 387 1468 439 Ex
1513 386 1629 454 quis·
1665 387 1826 439 Izates
1865 386 2029 439 Adia-

201 483 381 548 benus,
423 497 540 534 mox
564 482 798 533 Acbarus
824 480 1050 532 Arabum
1086 495 1198 531 cum
1232 480 1459 531 exercitu
1492 478 1788 542 abscedunt,
1825 478 2029 531 levitate

204 573 411 640 gentili,
470 579 520 624 et
561 573 676 639 quia
729 571 1084 637 experimentis
1141 570 1396 638 cognitum
1452 575 1529 622 est
1582 570 1832 622 barbaros
1881 570 2029 621 malle

201 666 360 719 Roma
411 668 584 729 petere
636 677 787 730 reges
855 677 1002 728 quam
1050 661 1257 712 habere.
1367 660 1434 711 At
1477 661 1798 714 Meherdates
1843 660 2029 713 validis

200 753 406 824 auxiliis
444 753 688 817 nudatus,
732 757 1017 804 ceterorum
1056 751 1345 817 proditione
1384 757 1650 818 suspecta,
1704 751 1840 818 quod
1876 766 2068 810 unums

204 843 478 910 reliquum,
532 858 639 894 rem
696 843 749 893 in
809 857 978 893 casum
1035 842 1158 894 dare
1207 842 1505 908 proelioque
1565 842 1785 908 experiri
1841 842 2027 894 statuit.

203 935 309 988 Nec
336 934 659 987 -detrectavit
706 949 925 1001 pugnam
965 934 1211 997 Gotarzes
1268 933 1536 985 deminutis
1584 933 1813 985 hostibus
1864 933 2028 986 ferox.

206 1026 617 1103 ,Concursumque
658 1040 842 1092 magna
884 1024 1042 1076 caede
1082 1030 1131 1076 et
1171 1024 1408 1092 ambiguo
1464 1029 1672 1089 eventu,
1730 1024 1896 1076 donec
1930 1025 2032 1076 Ca-

202 1132 376 1168 renem
425 1116 708 1183 profligatis
765 1116 999 1167 obversis
1055 1115 1259 1182 longius
1300 1120 1530 1166 evectum
1577 1115 1779 1182 integer
1815 1131 1843 1166 a
1882 1120 2030 1183 tergo

201 1207 386 1276 globus
441 1206 846 1258 circumveniret.
935 1189 1055 1258 Tum
1113 1207 1248 1258 omni
1301 1221 1391 1272 spe
1440 1206 1639 1272 perdita
1691 1206 2098 1272 MeherdateS‚¹0

201 1298 454 1366 promissa
479 1298 747 1350 Parrhacis
783 1298 980 1364 paterni
1021 1298 1219 1349 clientis
1252 1302 1477 1362 secutus,
1520 1297 1639 1348 dolo
1679 1297 1787 1349 eius
1813 1297 2034 1348 vincitur

205 1390 517 1455 traditurque
542 1389 742 1441 victori.
814 1389 982 1455 Atque
1014 1389 1097 1441 ille
1125 1404 1229 1440 non
1263 1389 1596 1455 propinquum
1627 1403 1793 1454 neque
1819 1387 2032 1438 Arsacis

205 1481 269 1532 de
308 1485 491 1547 gente,
542 1480 634 1532 sed
673 1480 1030 1552 alienigenam·
1067 1484 1116 1530 et
1156 1481 1434 1532 Romanum
1473 1480 1771 1545 increpanS,
1826 1478 2032 1529 auribus

205 1571 393 1623 decisis
431 1570 608 1623 vivere
644 1571 810 1636 iubet,
851 1571 1071 1622 ostentui
1120 1570 1417 1622 clementiae
1458 1586 1582 1622 suae
1620 1575 1667 1621 et
1708 1570 1760 1619 in
1807 1583 1901 1620 nos
1937 1568 2034 1620 de-

201 1665 603 1717 honestamento.
677 1665 808 1718 Dein
845 1664 1088 1716 Gotarzes
1130 1664 1308 1716 morbo
1348 1664 1490 1729 obiit,
1526 1663 1819 1730 accitusque
1858 1663 1911 1713 in
1944 1676 2096 1716 re-ts

202 1771 357 1824 gnum
386 1757 625 1808 Vonones
649 1756 825 1809 Medos
856 1761 957 1807 tum
984 1755 1300 1823 praesidens.
1359 1755 1504 1807 Nulla
1539 1755 1658 1810 huic
1678 1769 1923 1820 prospera
1949 1757 2034 1805 aut

202 1846 421 1899 adversa
451 1847 562 1914 quis
586 1830 995 1899 memoraretur:
1034 1847 1178 1898 brevi
1217 1852 1266 1898 et
1308 1845 1531 1918 inglorio
1569 1845 1781 1911 imperio
1821 1844 2034 1910 perfun—

206 1943 315 1991 ctus
351 1944 443 2004 est,
479 1953 664 2005 resque
691 1939 986 1991 Parthorum
1024 1939 1075 1989 in
1102 1939 1254 1990 filium
1293 1938 1401 1990 eius
1422 1937 1717 2004 Vologesen
1743 1936 2033 1987 translatae.

325 2093 363 2135 1.
399 2099 535 2133 ezates
567 2090 647 2135 Ma.

205 2153 248 2195 4.
278 2158 443 2206 peteres
476 2164 524 2206 pr
560 2150 638 2193 Ma.

208 2217 302 2251 erat
333 2211 555 2265 reliquum.

210 2269 345 2312 Medis
379 2269 426 2312 G.

747 2094 788 2135 2.
823 2092 1008 2133 abbarus
1028 2091 1107 2144 Ma,
1141 2091 1219 2133 sed
1251 2105 1288 2132 c.
1327 2091 1380 2133 12
1412 2090 1526 2131 idem
1549 2089 1745 2131 Acbarus
1779 2093 1822 2129 et
1853 2087 2031 2129 Acbari.

731 2151 906 2193 habe-ret
938 2165 987 2205 pr
1018 2150 1098 2193 Ma.
1193 2152 1234 2193 5.
1270 2163 1400 2194 unum
1432 2149 1640 2202 reliquum
1671 2146 1752 2199 Ma,
1787 2159 1875 2187 non
1903 2160 2034 2188 uuum

674 2211 717 2253 6.
751 2212 890 2266 prael.
927 2211 998 2253 Or.
1131 2212 1198 2252 11.
1229 2209 1434 2265 par-racis
1466 2207 1545 2250 Ma.
1682 2206 1749 2249 16.
1787 2206 1934 2248 Medos
1953 2204 2031 2258 Ma,

560 2269 627 2312 18.
661 2284 819 2325 rex-que
850 2283 899 2326 pr
931 2269 1011 2312 Ma.
1133 2269 1329 2325 uoloqese
1364 2267 1443 2309 Ma.

208 2392 246 2433 A
290 2391 477 2448 legimus
530 2398 567 2434 et
614 2391 777 2434 Arbela
829 2393 1075 2445 castellum

207 2450 370 2493 Arbela
408 2456 552 2492 autem
591 2464 678 2492 non
723 2452 950 2494 castellum
995 2452 1078 2494 fuit

1273 2389 1376 2444 Cap.
1437 2390 1504 2432 14.
1576 2388 1713 2430 Izates
1758 2386 2033 2428 Adiabenus:

1161 2451 1394 2506 ingeniosa
1431 2448 1463 2490 1.
1512 2448 1580 2490 Fr.
1621 2447 1829 2488 Gronovii
1874 2446 2031 2487 conie-

209 2509 286 2551 sed
341 2510 468 2563 urbs,
530 2524 668 2565 eaque
725 2513 946 2553 sexcentis
1002 2512 1075 2553 vel

211 2570 463 2626 quingentis
503 2570 653 2611 stadiis
695 2584 718 2611 a
751 2571 920 2625 proelio
965 2572 1078 2612 inter

210 2627 503 2671 Alexandrum
548 2635 591 2671 ct
628 2629 804 2670 Darium
858 2635 1076 2685 postremo

211 2687 420 2730 distabat:
471 2701 514 2729 v.
567 2688 735 2730 Arrian.
789 2689 954 2743 Exped.
1007 2690 1076 2731 Al.

215 2747 288 2793 Vl,
318 2749 385 2789 11.
442 2747 579 2790 Strab.
630 2748 725 2789 XVI
771 2750 852 2790 13
895 2761 936 2802 p.
976 2750 1075 2791 737.

213 2805 346 2846 Multo
397 2808 575 2860 propius
628 2813 749 2848 erant
798 2807 1078 2862 Gauqamela,

213 2863 290 2906 sed
323 2866 446 2906 vicus
488 2866 525 2906 is
568 2865 673 2918 fuit,
716 2878 803 2906 non
836 2866 1078 2908 castellum.

217 2922 426 2976 Copulam
458 2925 659 2965 omissam
703 2938 799 2966 esse
835 2939 859 2966 a
902 2926 1080 2967 librario

215 2981 316 3023 inde
357 2988 503 3036 patet,
547 2983 662 3038 quod
707 2983 824 3025 urbis
865 2983 964 3026 Nini
1008 2998 1083 3026 ca-

217 3039 416 3093 stellum,
462 3042 498 3083 si
531 3055 717 3097 unquam
753 3044 917 3096 extitit,
964 3050 1083 3085 certe

218 3112 305 3140 non
350 3101 393 3141 in
435 3099 534 3142 loco
585 3102 743 3155 proelii
791 3101 911 3144 illius
953 3105 1081 3145 situm

173 3195 177 3201 ,.
218 3163 333 3209 erat,
376 3171 520 3215 neque
551 3162 762 3214 aptiorem
797 3163 966 3203 restitui
1000 3175 1083 3216 po-

219 3218 355 3258 tuisse
388 3217 528 3273 liquet
560 3232 685 3273 quam
711 3221 964 3274 particulam
991 3235 1083 3274 que,

219 3276 271 3317 ab
305 3275 599 3331 subsequente
631 3280 798 3333 insigne
832 3278 1085 3333 (considera

216 3336 425 3389 scriptum
458 3335 896 3393 castellumqinsiqne)
931 3338 1086 3378 absor-

218 3400 348 3448 ptam.
413 3393 648 3436 Castellum
684 3394 791 3437 illud
823 3409 847 3436 a
879 3395 1085 3437 Macedo-

218 3453 345 3494 nibus
392 3455 436 3494 in
474 3460 620 3495 monte
659 3454 880 3495 Nicatorio
914 3456 955 3495 in
989 3468 1085 3496 nie-

218 3514 395 3554 moriam
417 3513 629 3555 victoriae
649 3516 956 3570 cognominato
973 3525 1084 3554 con-

218 3570 352 3613 ditum
393 3572 531 3614 fuisse
575 3574 791 3615 coniicioz
845 3587 886 3615 v.
931 3573 1082 3615 Strabo

219 3629 318 3672 xv1
353 3634 373 3674 1
406 3629 448 3675 4.

1163 2516 1286 2551 etura
1329 2508 1552 2550 Adiabene
1593 2506 1883 2548 membrorum
1924 2517 2033 2546 con-

1163 2569 1361 2610 cinnitati
1417 2566 1643 2622 praeclare
1692 2564 1906 2615 consulit,
1957 2563 2035 2606 sed

1164 2642 1258 2670 eam
1293 2627 1633 2669 concinnitatem
1666 2637 1799 2678 saepe
1831 2637 1856 2664 a
1884 2621 2033 2664 Tacito

1165 2687 1419 2729 variationis
1474 2698 1604 2727 causa
1659 2684 1787 2724 vitari
1848 2688 2032 2724 constat.

1167 2746 1272 2788 Cum
1330 2746 1440 2787 duce
1487 2744 1713 2786 Adiabeno
1759 2742 2035 2796 popularium

1167 2813 1384 2847 catervam
1418 2804 1546 2845 simul
1578 2803 1860 2853 abscessisse,
1894 2800 1938 2841 id
1958 2813 2037 2854 per

1167 2878 1214 2906 se
1246 2863 1475 2919 probabile
1507 2863 1681 2905 videtur
1714 2868 1757 2903 et
1791 2874 1845 2902 ex
1876 2859 2035 2901 adiun-

1169 2925 1249 2966 ctis
1281 2923 1479 2966 Acbarus
1511 2922 1702 2966 Arabum
1723 2934 1816 2963 cum
1845 2920 2036 2962 exercitu

1169 2984 1323 3039 Hqueh

1256 3101 1471 3143 obversis.-
1504 3111 1619 3141 nove
1653 3098 1736 3139 hoc
1768 3110 1927 3138 nomen
1951 3109 2034 3151 po-

1169 3162 1254 3202 suit
1286 3173 1363 3213 pro
1398 3158 1594 3199 hostibus
1635 3158 1679 3196 in
1724 3155 1907 3196 adversa
1939 3157 2035 3196 acie

1171 3219 1433 3260 constitutis.
1496 3215 1767 3269 Praepositio
1800 3214 1850 3254 ob
1885 3212 2035 3255 eadem

1169 3279 1211 3318 vi
1250 3278 1448 3332 fungitur
1480 3287 1563 3329 qua
1596 3273 1790 3327 praedita
1814 3277 2037 3326 comparet

1171 3338 1214 3377 in
1246 3336 1516 3389 obequitare,
1551 3333 1755 3384 obsidere,
1789 3345 2033 3373 occurrere.

1171 3394 1295 3446 Quod
1327 3393 1523 3448 sequitur
1556 3399 1764 3442 evectum,
1813 3402 1865 3431 eo
1898 3401 2036 3431 voca-

1170 3453 1271 3494 bulo
1315 3452 1524 3493 Carenem
1559 3463 1654 3491 cum
1699 3451 1787 3491 suis
1831 3462 1855 3490 a
1888 3454 2034 3490 cetero

1170 3511 1365 3554 exercitu
1405 3510 1639 3552 discretum
1682 3515 1725 3550 et
1756 3507 1868 3550 ultra
1906 3520 2035 3562 prae-

1169 3572 1303 3615 latum
1334 3568 1596 3628 designavit.
