2280 4004
249 279 340 328 100
1022 280 1315 329 ANNAme
1821 288 1862 326 a·
1886 285 1940 326 1.
1969 276 2077 327 812.

249 414 491 486 Anguem·
537 417 687 470 enixa
725 417 932 484 mulier,
989 423 1039 471 et
1078 418 1180 472 alia
1228 419 1282 471 in
1331 420 1605 475 concubitu
1655 421 1823 477 mariti
1863 421 2073 478 fulmine

251 508 552 563 exanimata.
625 510 730 561 Iam
766 509 846 562 sol
886 515 1096 577 repente
1135 511 1466 580 obscuratuS,
1525 518 1576 566 et
1621 518 1787 567 tactae
1826 514 1892 568 de
1928 514 2075 568 caelo

250 600 652 667 quattuordecim
699 601 841 654 urbis
891 603 1152 672 regiones.
1246 605 1389 667 Quae
1428 605 1559 658 adeo
1602 606 1715 659 sine
1763 621 1886 658 cura
1926 605 2076 660 deum

248 689 582 757 eveniebant,
641 698 696 746 ut
730 693 911 746 multos
948 700 1063 763 post
1099 710 1262 774 annos
1301 697 1437 750 Nero
1494 697 1757 766 imperium
1789 703 1840 751 et
1877 697 2076 751 scelera

209 783 637 836 ‘continuaverit
711 784 946 837 Ceterum
985 801 1084 854 quo
1125 770 1367 855 gravaret
1407 789 1651 842 invidiam
1699 789 1874 842 matris
1912 799 2076 858 eaque

247 871 448 926 demota
476 879 673 927 auctam
712 875 968 929 lenitatem
1007 892 1149 930 suam
1186 879 1556 945 testificaretur,
1587 880 1802 932 feminas
1836 879 2075 934 inlustres

244 963 437 1018 Iuniam
477 970 527 1018 et
566 966 916 1035 Calpurniam,
973 975 1211 1036 praetura
1250 971 1451 1024 functos
1483 971 1739 1024 Valerium
1774 971 2070 1039 Capitonem

245 1060 297 1110 et
331 1055 576 1109 Licinium
615 1059 861 1112 Gabolum
920 1061 1130 1114 sedibus
1166 1063 1342 1129 patriis
1389 1062 1639 1129 reddidit,
1692 1063 1763 1114 ab.
1788 1062 2074 1132 Agrippina

247 1146 366 1200 olim
407 1149 597 1215 pulsoS.
669 1150 833 1204 Etiam
868 1152 1060 1205 Lolliae
1093 1154 1331 1206 Paulinae
1369 1154 1569 1208 cineres
1608 1154 1862 1222 reportari
1897 1153 2076 1222 sepul-

180 1251 232 1294 ιο
248 1254 488 1308 crumque
541 1242 706 1294 extrui
762 1244 1021 1310 permisit3
1083 1259 1312 1313 quosque
1359 1246 1470 1313 ipse
1523 1261 1684 1313 nuper
1733 1246 2074 1317 relegaverat,

244 1331 451 1384 Iturium
479 1337 529 1385 et
552 1333 825 1386 Calvisium
852 1350 1017 1402 poena
1044 1336 1260 1389 exolvit:
1284 1352 1400 1390 nam
1423 1337 1594 1392 Silana
1616 1337 1721 1390 fato
1746 1338 1918 1390 functa
1945 1342 2073 1404 erat,

241 1421 524 1490 longinquo
565 1425 628 1476 ab
667 1425 821 1477 exilio
841 1427 1109 1478 Tarentum
1144 1442 1386 1495 regressa
1417 1427 1622 1480 labante
1651 1427 1752 1479 iam
1771 1426 2073 1496 Agrippina,

241 1515 384 1569 cuius
423 1515 700 1569 inimicitiis
740 1518 1055 1584 conciderat,
1093 1518 1175 1571 vel
1211 1519 1416 1572 tandem
1453 1519 1699 1588 mitigata.

383 1607 620 1660 Cunctari
654 1609 706 1660 in
745 1610 946 1677 oppidis
986 1611 1290 1678 Campaniae
1329 1626 1547 1680 quonam
1584 1610 1738 1664 modo
1775 1609 1954 1664 urbem
1989 1609 2075 1663 in-
2090 1616 2159 1665 13

175 1708 224 1749 ιε
238 1697 560 1770 graderetur,
600 1715 664 1752 an
705 1702 1004 1770 obsequium
1040 1708 1277 1769 senatuS,
1318 1718 1382 1756 an
1419 1703 1585 1756 studia
1623 1702 1786 1770 plebis
1824 1701 2076 1770 reperiret

1274 1872 1448 1915 daecelo
1481 1872 1562 1916 Ma.
1673 1872 1716 1915 ὅ.
1753 1870 1823 1913 dm
1857 1883 1956 1913 cum
1987 1869 2067 1914 lin.

327 1984 335 1996 ι
885 1934 926 1976 7.
961 1939 1177 1989 praetura
1210 1931 1405 1987 Lipsius:
1441 1932 1618 1975 codices
1647 1932 1945 1988 praefectura.
2026 1930 2071 1974 9.

234 1984 389 2028 soltzae
415 1985 499 2030 Ma.
620 1991 690 2033 11.
724 1992 926 2046 tyturium
957 1991 1039 2045 Ma,
1076 1993 1279 2034 Titurium
1303 1990 1406 2034 AG:
1439 1994 1573 2034 tacite
1612 1991 1805 2034 correxit
1835 1988 2074 2032 Rhenanus

237 2059 294 2089 ex
323 2047 378 2089 13
407 2046 459 2090 19
483 2050 615 2092 et22.
702 2063 850 2106 paena
882 2051 1039 2094 exolvit
1059 2050 1141 2094 Ma.
1237 2052 1305 2095 13.
1339 2051 1512 2094 tandem
1527 2050 1772 2103 Bekkerus,
1806 2054 1909 2092 ante
1943 2059 2074 2105 quom

238 2109 332 2149 erat
363 2112 474 2149 lum.-
509 2107 576 2149 Ma
609 2115 695 2150 lam
728 2123 825 2152 cum
858 2110 959 2167 lin.‚
1018 2111 1063 2153 id
1094 2117 1161 2153 est
1203 2118 1370 2165 tamen,
1406 2111 1439 2154 G
1471 2119 1571 2154 tum.
1632 2108 1975 2165 Bezzenberger
2002 2107 2072 2150 ccl

235 2165 446 2221 mitiqata.
512 2167 724 2211 cunctari
753 2176 910 2213 tamen.
994 2171 1063 2215 14.
1097 2172 1368 2214 cunctari—
1389 2172 1537 2213 ansius
1568 2168 1657 2213 Max
1689 2168 1827 2226 vulgo
1852 2167 2075 2211 cunctam·

237 2227 459 2284 -anaeio‚
493 2226 526 2271 G
546 2229 742 2272 comanti
772 2229 846 2289 (ab
879 2230 956 2275 alt.
981 2244 1038 2274 m.
1073 2232 1389 2292 οοηειαηιὶλ-
1411 2231 1560 2273 anxio.
1630 2230 1699 2272 15.
1722 2228 1963 2286 repperiret
1988 2225 2072 2272 Ma.

355 1869 397 1912 2.
432 1874 570 1911 tactas
604 1869 696 1914 Ma:
732 1871 1010 1914 emendatum
1042 1872 1087 1913 in
1120 1872 1168 1915 G.

235 1924 318 1970 Ma.
410 1927 454 1970 6.
488 1928 675 1972 illustres
710 1930 790 1974 Ma.

322 2371 495 2414 Iuniam
512 2380 551 2415 et
565 2373 875 2431 Calpurniam.-
912 2375 966 2417 de
982 2374 1108 2417 Iunia

236 2429 420 2474 Calvina
452 2433 590 2475 Silani
631 2447 783 2477 sorore
815 2448 858 2477 v.
891 2434 971 2477 XII
1003 2438 1033 2478 4
1065 2440 1109 2477 et

231 2490 276 2545 8,
311 2490 365 2533 de
399 2491 635 2547 Calpurnia
669 2508 706 2537 c.
742 2497 814 2539 22.

317 2559 531 2607 praetura
560 2553 731 2608 functos
774 2553 993 2595 Valerium
1015 2552 1106 2594 Ca-

227 2611 419 2668 pitonem
451 2619 491 2653 et
519 2612 735 2654 Licinium
758 2612 988 2654 Gabolum:
1022 2624 1106 2652 no-

1193 2373 1410 2431 quomodo
1441 2370 1495 2415 ab
1522 2372 1676 2415 eodem
1707 2371 1838 2414 etiam
1867 2368 2072 2413 cunctat·

1191 2436 1416 2476 invectum
1444 2445 1542 2474 esse
1564 2428 1883 2486 probabimus?
1923 2429 2072 2472 Acco-

1193 2493 1257 2535 dit
1290 2492 1405 2549 quod
1423 2493 1488 2534 sic
1508 2490 1725 2546 particula
1746 2491 1901 2532 eonem
1926 2500 2072 2531 ennu-

1193 2555 1346 2594 tiatum
1379 2552 1628 2605 oppositum
1672 2548 1898 2603 producit,
1949 2547 2071 2590 etin

1192 2611 1407 2666 principio
1445 2612 1539 2651 eius
1577 2608 1793 2651 collocata
1813 2618 1942 2650 aures
1971 2618 2070 2648 me-

232 2683 333 2713 men
360 2677 575 2726 praetura
605 2685 630 2712 a
662 2671 809 2726 Lipsio
853 2672 1107 2712 coniectura

234 2729 513 2772 emendatum
544 2732 710 2784 recepi,
745 2731 873 2785 quia,
906 2731 942 2771 si
973 2743 1110 2784 prae-

231 2792 445 2846 fecturam
466 2789 639 2832 Tacitus
670 2789 879 2842 dedisset,
906 2788 1109 2830 adiectu-

233 2860 307 2890 rus
339 2848 422 2890 fuit
456 2851 525 2891 cui
558 2850 623 2891 rei
669 2849 884 2904 praefecti
916 2848 1108 2889 fuerint:

234 2921 332 2950 nam
381 2908 686 2962 praefecturae
726 2907 891 2949 multae
932 2913 1032 2947 aunt
1068 2912 1112 2948 et

236 2969 403 3010 variae.
470 2967 534 3009 De
576 2966 756 3022 reliquis
812 2980 852 3008 v.
900 2966 994 3007 Xlll
1038 2969 1110 3017 22,

236 3029 290 3071 dc
323 3027 537 3081 particula
569 3038 671 3068 nam
695 3031 798 3068 ante
823 3026 1000 3068 Silanae
1026 3037 1110 3065 no-

241 3096 342 3128 men
377 3085 430 3129 ad
467 3085 568 3129 xlv
597 3085 640 3129 8.

329 3204 434 3259 Cap.
473 3207 543 3248 13.
607 3204 809 3247 cunctari
840 3225 896 3236 --
928 3202 1111 3244 aazias:

240 3271 394 3306 contra
437 3265 689 3306 deterrimus
731 3264 903 3318 quisquc
933 3285 990 3295 --
1023 3262 1114 3303 dis-

239 3331 420 3366 serunt.-
452 3336 564 3378 quae
599 3323 862 3378 legebantur
894 3321 1116 3364 cunctanti

241 3408 296 3415 --
329 3383 488 3433 aazia,
524 3390 680 3424 contra
709 3382 962 3424 deterrimus
996 3380 1114 3434 quis-

242 3455 320 3496 quc
361 3466 416 3473 —
459 3441 697 3494 disserunt,
745 3450 797 3483 ea
840 3441 953 3483 duce
999 3439 1113 3481 libro

241 3498 308 3542 Ma
341 3500 542 3542 deserui:
590 3513 691 3543 nam
735 3506 783 3541 ut
824 3499 1114 3542 concedamus

243 3561 401 3601 anxins
458 3559 516 3601 ob
571 3570 876 3615 praegressum
933 3557 1116 3600 verbnm

243 3620 455 3673 reperiret
486 3630 510 3660 a
539 3619 720 3661 llbrario
754 3619 828 3661 vel
866 3623 1117 3660 correctore

247 3686 325 3735 pro
368 3677 500 3719 anxio
539 3676 695 3721 inferri
736 3677 870 3720 facile
901 3676 1114 3733 potuisse,

1194 2670 1280 2711 lius
1326 2668 1499 2722 explet,
1559 2679 1689 2722 quam
1742 2667 1778 2708 si
1832 2667 1877 2707 in
1923 2665 2069 2707 media

1194 2729 1415 2771 sententia
1447 2729 1590 2781 posita
1621 2727 1676 2768 ad
1717 2725 1900 2768 verbum
1933 2724 2072 2767 disse-

1195 2796 1298 2830 runt
1327 2786 1558 2839 referatur,
1592 2791 1641 2826 ut
1674 2798 1729 2827 ex
1756 2783 1824 2826 his
1841 2782 2071 2826 vocabulis

1197 2853 1283 2889 tam
1329 2846 1534 2887 diiunctis
1575 2844 1711 2886 dativi
1758 2843 1982 2886 cunctanti
2027 2847 2075 2884 ct

1198 2907 1331 2947 anxio
1365 2904 1601 2959 pendeant.
1667 2903 1797 2946 Certe
1839 2914 1952 2958 quae
1984 2900 2073 2944 alia

1200 2964 1414 3008 eiusmodi
1447 2969 1693 3005 structurae
1726 2961 1929 3016 exempla
1957 2959 2072 3014 apud

1199 3025 1315 3066 hunc
1356 3029 1551 3066 nostrum
1599 3023 1662 3076 (ll
1693 3021 1774 3073 46,
1808 3019 1866 3062 xl
1895 3021 1948 3076 3)
1995 3031 2072 3061 re-

1196 3084 1451 3137 periuntur,
1496 3084 1540 3123 in
1582 3082 1637 3122 iis
1669 3080 1779 3122 nihil
1811 3078 1959 3121 simile
1989 3076 2072 3120 tle-

1197 3141 1473 3197 prehendere
1504 3141 1624 3183 licet.
1731 3138 1876 3180 obuias
1907 3137 2069 3180 tribus:

1197 3215 1240 3244 v.
1276 3206 1425 3243 annot.
1459 3201 1513 3242 ad
1542 3199 1595 3241 H.
1632 3197 1688 3240 111
1719 3197 1790 3240 58.

1308 3258 1414 3314 Gap.
1467 3259 1534 3301 14.
1602 3266 1720 3300 vetus
1768 3256 1838 3298 itti
1882 3254 2070 3311 cupido.-

1199 3325 1403 3374 corrupta
1433 3319 1647 3372 scriptura
1672 3316 1796 3371 copia
1819 3315 1885 3356 sic
1902 3314 2070 3356 evasit:

1200 3379 1352 3435 cupido
1386 3383 1487 3420 ante
1519 3384 1615 3419 erat
1650 3381 1910 3431 postremam
1944 3372 2069 3414 litte-

1198 3450 1288 3480 ram
1321 3438 1506 3489 abiecit,
1541 3449 1685 3491 eoque
1717 3433 1843 3489 cupid
1887 3437 1931 3472 et
1969 3441 2071 3471 mox

1199 3498 1328 3554 capia
1358 3496 1432 3540 vel
1464 3497 1590 3552 copia
1609 3495 1724 3536 facta
1752 3497 1831 3534 est.
1876 3489 2070 3544 Longius

1199 3557 1291 3598 abit
1309 3555 1540 3598 Puteolani
1573 3565 1694 3606 cura,
1727 3561 1871 3605 neque
1889 3551 2070 3589 senten-

1200 3616 1288 3659 tiae
1324 3616 1558 3666 convenit,
1594 3626 1690 3656 cum
1721 3611 1835 3653 Nero
1868 3605 2010 3650 adhuc
2045 3618 2071 3648 a

1201 3675 1422 3732 quadrigis
1454 3671 1729 3716 abstinuerit.
