2280 4004
231 284 270 326 af
292 281 340 326 C.
377 282 444 327 16.

847 278 1012 323 LIBER
1042 276 1092 322 11.
1157 277 1264 323 Cn.
1297 280 1458 324 8—10.
1998 277 2061 325 93

232 430 379 478 aucta
419 425 701 492 stipendia,
752 429 982 491 torquem
1031 427 1080 475 et
1119 436 1361 475 coronam
1402 419 1600 489 aliaque
1652 421 1887 473 militaria
1923 420 2058 474 dona

149 521 218 568 10
230 522 493 582 memorat,
534 517 790 567 inridente·
812 516 1043 568 Arminio
1070 515 1188 567 vili-a
1215 514 1412 566 servitii
1444 511 1622 580 pretia.

1696 509 1826 564 Exin
1867 512 2058 565 diversi

235 610 518 673 ordiuntur,
542 608 624 658 hic
647 606 1044 675 magnitudinem
1070 609 1363 672 Romanam,
1403 618 1527 673 opes
1555 605 1790 657 Caesaris
1827 609 1877 656 et
1908 604 2057 656 victis

233 715 420 768 graves
453 714 673 765 poenaS,
736 699 788 748 in
827 699 1135 750 deditionem
1172 698 1397 750 venienti
1445 702 1671 764 paratam
1712 696 2058 760 clementiam3

234 806 397 858 neque
423 791 691 856 coniugem
723 794 772 841 et
799 789 952 840 filium
976 786 1085 841 eius
1108 790 1359 841 hostiliter
1382 789 1589 842 haberi:
1627 788 1713 840 ille
1743 788 1820 840 fas
1843 788 2054 855 patriae,
2075 802 2098 842 s

233 882 515 934 libertatem
548 880 748 944 avitam,
788 880 1063 946 penetralis
1087 880 1391 932 Germaniae
1422 881 1564 945 dem,
1607 884 1830 947 mfiffem-
1851 894 2064 948 precum,

233 965 454 1037 wdaffl;
515 986 579 1023 ne
616 971 1014 1037 propinquorum
1062 977 1111 1023 et
1158 971 1421 1037 adfinium,
1480 972 1700 1038 denique
1734 971 1900 1039 gentis
1938 986 2061 1023 suae

231 1029 283 1042 ,κ’
286 1027 352 1037 *⁴⁸*-

233 1065 466 1116 desertor
500 1061 550 1114 et
596 1062 831 1128 proditor
870 1077 1017 1128 quam
1069 1063 1347 1128 imperator
1400 1077 1517 1114 esse
1563 1063 1746 1114 mallet.

1820 1062 2060 1114 Paulatim

231 1155 352 1206 inde
390 1154 454 1205 ad
491 1153 658 1221 iurgia
703 1153 926 1220 prolapsi
966 1168 1063 1219 quo
1106 1155 1271 1205 minus
1317 1168 1538 1220 pugnam
1589 1159 1954 1219 consererent,
1995 1167 2060 1204 ne

230 1245 434 1297 flumine
459 1245 662 1312 quidem
699 1245 964 1296 interiecto
991 1240 1374 1310 cohibebantur,
1406 1245 1457 1294 ni
1484 1245 1751 1297 Stertinius
1784 1258 2058 1297 accurrens
2074 1252 2125 1291 1⁰

205 1325 426 1403 'plenum
467 1338 574 1389 irae
611 1350 851 1403 armaque
886 1341 935 1388 et
974 1349 1154 1403 equum
1187 1341 1482 1403 poscentem
1516 1336 1718 1388 Flavum
1759 1337 2056 1390 attinuisset.

352 1506 394 1550 2.
429 1506 606 1562 praetia
636 1504 691 1547 M.
793 1505 834 1548 9.
869 1506 1024 1561 quryia
1054 1504 1108 1547 M.

235 1646 434 1702 exhibet,
476 1654 518 1690 et
559 1647 673 1689 infra
703 1646 760 1690 XI
795 1647 873 1702 16,
923 1646 996 1690 ubi
1038 1648 1102 1691 Ma

232 1709 368 1751 semel
412 1707 567 1761 Flavo,
615 1720 715 1748 mox
766 1709 926 1750 vitiose
968 1709 1100 1764 stabii.

235 1768 406 1810 Flavius
437 1780 524 1809 non
559 1773 624 1809 est
657 1775 992 1823 coqnomentum,
1026 1769 1103 1810 sed

233 1841 386 1869 ”oveten
419 1826 708 1884 gentilicium.

321 1894 406 1928 tum
445 1887 718 1943 permissum,
747 1899 1102 1941 propressusque:

228 1944 334 1988 ‘tum
365 1947 609 1987 transitioni
628 1946 786 1998 servit3
821 1945 941 1986 alibi’
968 1945 1105 2000 (apud

234 2003 424 2046 Tacitum
458 2009 699 2061 nunquam)
733 2004 806 2045 ‘ibi
838 2011 924 2045 tum
964 2011 1007 2045 et
1041 2006 1105 2046 si-

234 2063 382 2105 milia'.
403 2065 628 2106 Wonrius.
666 2063 825 2105 Nescio
850 2070 955 2118 quot
970 2063 1106 2105 Taciti

238 2122 475 2179 lectoribus
495 2123 605 2164 haec
623 2122 865 2164 sufficiant:
899 2122 1003 2163 mihi
1023 2130 1107 2163 tum

237 2181 290 2222 ab
323 2183 415 2223 eius
438 2195 518 2223 usu
537 2195 662 2237 quam
684 2183 869 2222 maxime
887 2181 1106 2222 abhorret.

240 2241 398 2282 Verum
446 2241 590 2283 deleta
634 2241 815 2293 vocula,
867 2246 915 2280 ut
972 2242 1109 2282 suasit

237 2300 452 2354 Muretus,
496 2299 605 2341 nihil
647 2299 912 2341 lucrabimur
945 2302 1028 2342 nisi
1062 2305 1109 2339 ut

233 2360 484 2415 permissum
506 2359 645 2414 magis
665 2358 824 2415 frigeat
843 2372 970 2413 quam
994 2372 1109 2400 nunc

238 2425 322 2459 tum
362 2420 633 2474 permissum3
681 2418 758 2459 sed
798 2424 1024 2474 utramque
1072 2420 1109 2460 si

237 2479 505 2530 removeris,
559 2477 760 2519 narrandi
811 2479 922 2519 ratio
978 2478 1109 2532 plane

238 2536 430 2579 'l‘acitina
461 2535 628 2592 prodit:
672 2549 770 2578 nam
803 2549 914 2591 quae
953 2543 1109 2591 sponte

241 2601 283 2637 et
324 2596 458 2638 facile
499 2610 552 2637 ex
595 2597 754 2639 ceteris
785 2596 1108 2653 intelliguntur,

239 2654 394 2696 additis
440 2655 587 2697 vei-his
639 2655 793 2696 efferre
846 2667 934 2696 non
980 2656 1108 2709 solet,

241 2719 285 2756 et
314 2727 390 2768 que
422 2714 633 2768 particula
663 2715 828 2756 nomini
867 2721 941 2756 aut
974 2715 1109 2757 verbo

240 2773 387 2814 iuncta
438 2786 572 2827 saepe
621 2773 734 2827 apud
792 2787 889 2815 eum
948 2787 1109 2816 novum

242 2833 506 2872 enuntiatum
529 2835 589 2873 ita
611 2833 779 2886 incipit,
811 2839 857 2873 ut
879 2833 993 2874 idem
1015 2834 1109 2875 fere

241 2890 385 2931 valcat
437 2890 551 2945 quod
595 2893 736 2945 itaque
781 2897 824 2932 et
863 2893 1110 2934 transitioni

243 2950 416 2990 serviat.
480 2949 599 2990 Hanc
645 2950 884 3003 particulae
916 2952 1003 2992 vim
1037 2953 1110 3007 qui

244 3019 328 3048 non
346 3009 581 3061 perspexit,
606 3009 643 3049 is
662 3008 826 3063 aliquid
845 3008 1111 3052 desideravit

245 3071 288 3107 et
319 3067 361 3107 in
394 3067 588 3122 margine
630 3069 729 3109 sive·
765 3080 894 3123 supra
937 3082 1109 3111 versum

243 3124 341 3166 libri
373 3126 501 3179 prisci
538 3126 702 3168 addidit
732 3133 818 3169 tum
843 3130 1108 3183 permissum.

243 3183 399 3225 uatmii
461 3185 676 3239 (Symbol.
738 3187 834 3228 crit.
884 3192 928 3228 et
981 3200 1110 3244 exeg.

245 3242 396 3295 Spirae
427 3255 465 3283 a.
497 3243 633 3300 1846)
666 3251 834 3287 oratum
860 3248 1112 3300 permissum

244 3312 420 3354 prorsus
453 3300 647 3343 alienum·
681 3309 749 3343 est
787 3316 813 3344 a
842 3303 978 3345 Taciti
1010 3304 1110 3346 stilo

245 3365 288 3401 et
306 3365 402 3413 post
411 3360 653 3412 proximum
666 3361 805 3402 oravit
817 3363 1111 3404 intolerabile.

339 3417 443 3472 Cap.
492 3418 559 3461 10.
641 3418 796 3461 diversi
853 3421 1110 3462 ordiuntur.-

243 3478 441 3533 ‘uterque
489 3488 640 3519 causas
689 3489 787 3519 suas
840 3485 883 3519 et
930 3479 1114 3520 consilia

245 3537 442 3592 proferre
473 3537 633 3591 coepit,
667 3535 839 3578 diversa
863 3539 977 3579 inter
997 3550 1043 3579 se
1071 3542 1114 3579 et

245 3596 489 3639 contraria'.
534 3596 760 3638 Wourms.
807 3594 1111 3639 Conf.xln9:

247 3668 324 3717 quo
362 3661 629 3716 componeret
670 3656 871 3701 diversos.
933 3655 1111 3716 Proprie

1205 1505 1274 1549 10.
1308 1504 1404 1547 ade.
1437 1503 1492 1547 Μ.

1188 1646 1242 1689 de
1275 1646 1373 1689 loco
1408 1660 1535 1702 quem
1577 1647 1672 1703 quis
1716 1648 1948 1702 occupavit
1991 1644 2060 1691 di·-

1185 1721 1330 1749 versus
1362 1708 1563 1761 ponitur,
1611 1712 1658 1748 ut
1699 1706 1797 1748 XVI
1828 1708 1887 1750 30
1931 1714 2062 1749 stete-
2118 1716 2121 1718 '

1186 1774 1365 1821 runtque
1399 1767 1568 1808 diversi.
1634 1766 1719 1809 Sed
1749 1766 1869 1808 aliud
1897 1773 1961 1808 est
1992 1768 2062 1809 di-

1185 1841 1327 1868 versos
1337 1833 1452 1867 stare
1463 1832 1506 1867 et
1520 1826 1706 1868 diversos
1719 1827 1868 1868 ordiri.
1881 1826 2063 1868 Accedit

1188 1886 1302 1941 quod
1336 1887 1464 1927 statio
1498 1886 1683 1927 Arminii
1725 1891 1768 1928 et
1808 1884 1933 1928 Flavi
1976 1886 2062 1927 iam

1188 1946 1406 2000 descripta
1449 1951 1528 1987 est.
1592 1945 1829 1987 ordiuntur
1867 1946 2064 1988 breviter

1189 2004 1350 2045 dictum
1383 2017 1460 2058 pro
1500 2005 1707 2046 disserere
1740 2005 1835 2046 sive
1865 2007 2064 2060 proferre

1191 2064 1430 2105 ordiuntur.
1473 2063 1600 2105 Conf.
1635 2064 1710 2105 XII
1735 2065 1787 2106 5:
1819 2064 2064 2119 orditurque

1190 2124 1462 2178 gravissimos
1470 2124 1683 2178 principis
1695 2123 1863 2164 labores
1873 2149 1927 2155 —-
1939 2137 2067 2179 egere

1192 2182 1465 2224 adminiculis
1484 2197 1499 2234 ,-
1545 2182 1624 2223 XV
1677 2183 1766 2226 26:
1819 2182 2066 2237 orditurque

1191 2243 1421 2296 magnifica
1453 2242 1502 2283 de
1526 2243 1731 2297 auspiciis
1765 2243 2066 2298 imperator-⁴535

1193 2300 1297 2341 ibid.
1333 2301 1418 2343 51:
1471 2302 1617 2342 omnia
1660 2301 1827 2343 scelera
1853 2303 2066 2358 principis

1195 2360 1373 2401 orditur.
1439 2359 1612 2402 Diversi
1642 2360 1845 2402 similiter
1874 2362 2066 2415 positum

1192 2418 1229 2459 11
1264 2420 1344 2461 73:
1378 2419 1535 2461 diversi
1564 2420 1975 2475 interpretabantur.

1283 2519 1416 2560 neque
1458 2508 1679 2561 coniuqem
1719 2513 1758 2547 et
1794 2506 1931 2561 silium
1978 2508 2068 2550 eius

1195 2563 1405 2607 hostiliter
1438 2565 1614 2606 haberi:
1657 2564 1794 2607 habiti
1838 2572 1938 2608 sunt
1976 2567 2067 2609 Ra-

1193 2637 1365 2673 vennae
1415 2624 1555 2667 libera
1603 2625 1822 2679 custodia,
1876 2632 1923 2667 ut
1966 2638 2069 2668 mox

1193 2683 1483 2726 Maroboduus
1519 2684 1576 2741 (11
1608 2683 1704 2741 63),
1740 2684 1854 2740 quod
1881 2683 2067 2728 relatum

1192 2740 1314 2786 158.
1375 2743 1471 2785 Non
1517 2745 1650 2800 igitur
1690 2744 1926 2798 premenda
1968 2749 2068 2786 sunt

1193 2801 1328 2843 verba
1377 2802 1417 2857 (Ι
1447 2803 1526 2860 59)
1570 2802 1814 2845 Arminium
1853 2828 1908 2835 —
1939 2810 2070 2860 rapta

1192 2875 1318 2914 uxor,
1343 2862 1552 2903 subiectus
1571 2863 1743 2903 servitio
1760 2864 1909 2904 uxoris
1922 2870 2068 2905 uterus

1192 2920 1416 2962 vecordem
1438 2922 1636 2976 agebant,
1655 2927 1728 2962 aut
1750 2935 1862 2977 quae
1889 2923 2069 2965 iactavit
2112 2929 2114 2931 “

1194 2980 1345 3035 iniqua
1398 2979 1688 3022 Maroboduus
1742 2980 1783 3022 11
1830 2980 1916 3035 46,
1975 2997 2069 3024 eum

1195 3041 1376 3091 coniuoe,
1430 3054 1524 3082 cum
1565 3039 1679 3094 filius
1721 3041 1810 3081 eius
1852 3043 2070 3083 servitium

1193 3097 1334 3139 adhuc
1363 3096 1557 3140 tolerent.
1618 3098 1724 3140 Nam
1757 3112 1782 3139 a
1812 3099 1902 3140 suis
1931 3101 2070 3142 arceri

1195 3162 1239 3197 et
1268 3156 1475 3198 custodiri
1508 3170 1607 3211 pars
1640 3163 1706 3198 est
1739 3159 1933 3198 servitii:
1966 3158 2069 3199 hinc

1197 3213 1407 3256 Cherusci
1462 3216 1581 3269 apud.
1631 3215 1824 3256 Tacitum
1875 3215 1933 3256 Xl
1984 3217 2065 3258 16:

1196 3275 1313 3314 cuius
1355 3272 1586 3330 (Arminii)
1631 3276 1669 3315 si
1702 3273 1816 3326 filius
1847 3273 1991 3316 hostili.
2021 3275 2069 3316 in

1194 3331 1284 3373 solo
1332 3331 1501 3373 adultus
1552 3334 1599 3373 in
1644 3345 1823 3387 regnum
1872 3334 2068 3387 venisset,

1191 3404 1314 3446 posse
1347 3390 1584 3442 extimesci,
1626 3391 1832 3446 infectum
1861 3391 2067 3434 alimonio

1196 3449 1368 3490 servitio
1402 3447 1529 3501 cultu,
1562 3449 1754 3492 omnibus
1785 3453 1987 3494 externis.

1194 3589 1197 3592 ¹
1281 3535 1517 3592 penetralis
1532 3536 1790 3579 Germmiae
1811 3537 1935 3579 deos:
1960 3538 2067 3581 deos

1196 3594 1250 3697 {³12¹
1254 3596 1426 3699 1waimis
1444 3595 1700 3640 Germaniae
1718 3596 1843 3641 silvis
1868 3597 2068 3668 lucisque
