2280 4004
40 109 68 130 Aa

22 138 36 156 „5

7 157 71 181 ,ἶ’“·,>ι“
98 132 164 186 C
186 185 189 189 v

253 111 357 184 ΕΝ
417 93 580 179 ἕω...
954 87 1145 185 gf&
1186 54 1285 155 229
1308 60 1463 157 (ξιιμ
1404 53 1560 113 ac<
1554 171 1582 240 l

243 286 332 339 fis
1016 280 1306 338 ANNALIV‘M
1822 313 1861 343 a.
1888 281 1938 344 ‘uss
1973 283 2079 349 ida

241 439 489 491 victurum
520 438 573 489 in
606 437 774 504 aliquo
809 435 982 488 abdito
1021 441 1071 487 et
1104 436 1384 504 longinquo
1414 450 1550 502 rure,
1589 438 1895 506 testabatur-3
1927 441 2076 497 simul

247 531 439 582 curiam
493 528 827 594 relinquebat.
902 527 1195 579 Commotus
1248 533 1326 579 est
1364 527 1622 594 Tiberius,
1676 535 1726 581 et
1777 536 2075 600 quamquam

243 620 446 673 mitibus
481 620 655 672 verbis
689 619 925 669 Pisonem
965 618 1333 684 permulsisset,
1370 619 1682 685 propinquos
1720 635 1924 688 quoque
1960 625 2077 676 eius

244 711 437 779 impulit
469 715 524 761 ut
561 711 828 761 abeuntem
869 709 1170 761 auctoritate
1209 709 1292 761 vel
1333 709 1572 776 precibus
1608 716 1855 764 tenerent.
1928 713 2075 766 Haud

207 804 409 856 sminus
443 801 590 852 liberi
628 801 823 852 doloris
856 800 1211 852 documentum
1246 801 1382 852 idem
1415 801 1529 853 Piso
1567 817 1686 854 mox
1716 803 1855 855 dedit
1892 810 2076 858 vocata

242 893 296 943 in
333 893 411 944 ius
451 889 755 959 Urgulania,
810 907 956 958 quam
1005 905 1155 958 supra
1199 892 1342 960 leges
1379 893 1597 945 amicitia
1632 895 1895 963 Augustae
1930 891 2078 948 extu-

242 984 386 1035 lerat.
462 984 570 1036 Nec
606 987 690 1034 aut
726 983 1004 1050 Urgulania
1043 983 1437 1049 obtemperavit,
1493 985 1546 1035 in
1597 985 1798 1036 domum
1839 986 2077 1040 Caesaris

243 1078 418 1139 spreto
452 1074 637 1124 Pisone
677 1077 841 1137 vecta,
885 1077 969 1123 aut
1006 1072 1091 1123 ille
1128 1073 1394 1138 abscessit,
1433 1088 1731 1141 quamquam
1755 1075 1984 1144 Augusta
2018 1092 2076 1130 se

242 1163 424 1213 violari
476 1168 525 1214 et
561 1163 787 1213 imminui
834 1166 1148 1228 quereretur.
1234 1163 1464 1214 Tiberius
1511 1164 1759 1217 hactenus
1806 1166 2075 1235 indulgere

182 1269 230 1307 10
244 1254 391 1305 matri
430 1252 580 1305 civile
611 1258 750 1305 ratus
779 1259 834 1304 ut
854 1268 911 1305 se
936 1254 1119 1304 iturum
1145 1253 1207 1304 ad
1233 1256 1485 1319 praetoris
1514 1255 1749 1321 tribunal,
1788 1257 2075 1308 adfuturum

243 1344 551 1411 Urgulaniae
590 1344 801 1409 diceret,
830 1344 1083 1410 processit
1120 1343 1328 1409 Palatio,
1364 1346 1542 1411 procul
1577 1347 1721 1412 sequi
1751 1347 1907 1399 iussis
1941 1347 2080 1399 mili-

241 1436 391 1486 tibus.
451 1435 785 1501 Spectabatur
822 1439 1126 1486 occursante
1151 1435 1337 1501 populo
1378 1438 1686 1503 compositus
1724 1453 1832 1502 ore,
1873 1442 1923 1489 et
1962 1453 2078 1490 ser-

242 1524 477 1577 monibus
513 1524 672 1576 variis
713 1530 907 1592 tempus
947 1531 1097 1592 atque
1137 1527 1235 1577 iter
1292 1526 1514 1592 d‘ucenS,
1572 1528 1738 1579 donec
1778 1529 2076 1596 propinquis

241 1618 476 1668 Pisonem
514 1617 700 1667 frustra
742 1618 1100 1668 coercentibus
1138 1618 1328 1670 deferri
1359 1619 1589 1685 Augusta
1625 1620 1908 1685 pecuniam,
1947 1634 2078 1687 quae

182 1719 227 1756 ιε
241 1708 524 1774 petebatur,
562 1708 775 1758 iuberet.
851 1709 1000 1773 Isque
1033 1707 1147 1759 finis
1184 1711 1258 1760 rei
1271 1726 1285 1771 3
1329 1725 1392 1759 ex
1429 1723 1526 1774 qua
1565 1724 1730 1774 neque
1754 1709 1867 1761 Piso
1903 1710 2077 1778 inglo-

240 1798 347 1848 rius
385 1803 434 1849 et
460 1799 651 1850 Caesar
672 1798 867 1849 maiore
905 1798 1037 1849 fama
1066 1798 1173 1849 fuit.
1250 1799 1483 1849 Ceterum
1511 1799 1819 1865 Urgulaniae
1853 1801 2076 1866 potentia

241 1889 372 1940 adeo
406 1889 560 1940 nimia
597 1890 787 1940 civitati
817 1895 942 1953 erat,
983 1895 1037 1939 ut
1066 1890 1210 1940 testis
1246 1890 1297 1939 in
1335 1901 1486 1941 causa
1510 1889 1742 1956 quadam,
1779 1905 1908 1957 quae
1943 1891 2075 1958 apud

241 1986 469 2032 senatum
506 1980 849 2045 tractabatur,
889 1980 1068 2032 venire
1107 1981 1499 2047 dedignaretur:
1536 1981 1720 2032 missus
1759 1985 1836 2033 est
1869 1987 2077 2048 praetor

238 2073 322 2137 qui
359 2070 496 2122 domi
532 2072 891 2138 interrogaret,
931 2087 1042 2122 cum
1077 2071 1308 2138 virgines
1325 2072 1558 2124 Vestales
1595 2074 1646 2123 in
1668 2073 1783 2124 foro
1807 2077 1858 2124 et
1881 2060 2074 2125 iudicio

176 2161 433 2227 aoaudiri,
474 2163 708 2230 quotiens
749 2161 1091 2214 testimonium
1127 2163 1386 2227 dicerent,
1423 2169 1568 2215 vetus
1606 2179 1716 2215 mos
1753 2164 1920 2216 suerit.

402 2256 505 2306 Res
539 2269 600 2305 eo
646 2269 778 2305 anno
816 2254 1041 2320 prolatas
1079 2254 1212 2304 haud
1247 2254 1525 2319 referrem,
1575 2256 1627 2305 ni
1673 2255 1888 2321 pretium
1942 2252 2160 2306 fore335

47 2349 60 2369 ²
236 2312 400 2398 Gnaei
433 2345 632 2397 Pisonis
672 2350 722 2396 et
757 2344 926 2396 Asinii
963 2343 1092 2397 Galli
1136 2360 1289 2410 super
1331 2359 1392 2397 eo
1432 2347 1641 2413 negotio
1681 2345 1912 2398 diversas
1951 2359 2075 2398 sen·-

357 2516 399 2555 4.
430 2512 579 2569 pcibus
615 2524 712 2555 cum
745 2513 849 2566 lin.,
885 2514 915 2555 i.
951 2527 990 2555 e.
1019 2513 1249 2569 praecibus
1280 2510 1334 2554 M.
1397 2512 1441 2556 8.
1474 2510 1542 2555 illi
1568 2513 1623 2555 Μ.
1696 2513 1899 2556 abscessit
1928 2513 2072 2557 Erne-

240 2573 377 2613 stius:
411 2569 451 2613 M
474 2571 682 2623 abscissit,
705 2569 841 2613 Aldus
875 2572 1048 2614 abstitit.
1118 2574 1184 2615 10.
1215 2572 1451 2628 praetoriis
1482 2583 1533 2627 pr
1555 2572 1609 2614 M.
1676 2572 1740 2616 16.
1774 2579 1991 2616 caeterum
2015 2573 2070 2616 M.

244 2631 312 2672 17.
347 2637 450 2685 aput
480 2630 535 2671 M.
603 2630 671 2672 19.
704 2629 857 2672 iudicii
887 2643 1104 2685 superscr.
1140 2645 1162 2671 ο
1195 2631 1249 2674 Μ.
1314 2633 1385 2674 22.
1423 2629 1470 2672 C.
1507 2631 1560 2673 Ν.
1594 2630 1649 2673 Μ.

328 2770 431 2826 Cap.
475 2773 547 2815 34.
612 2773 780 2814 curiam
818 2774 1113 2829 relinquebm:

238 2836 359 2873 reete
391 2832 614 2886 accipiunt
660 2833 733 2887 qui
773 2834 1116 2888 interpretantur

1291 2774 1396 2830 Cap.
1417 2776 1490 2818 35.
1537 2789 1608 2818 res
1639 2789 1688 2817 eo
1709 2789 1824 2818 anno
1852 2776 2075 2833 prolatas:

1201 2841 1301 2876 sunt
1332 2847 1491 2877 causae
1516 2835 1721 2889 publicae
1751 2849 1776 2877 a
1798 2836 2074 2890 praetoribus

238 2890 481 2945 relinquere
509 2891 724 2945 parabat.-
768 2905 856 2934 non
892 2894 1007 2935 enim
1038 2907 1114 2935 re-

239 2949 421 3005 liquisse
456 2950 692 2991 ostendunt
723 2964 836 3006 quae
867 2954 1013 2994 statim
1043 2953 1115 2995 le-

239 3009 407 3064 gimus,
457 3022 710 3064 quamquam
760 3011 926 3052 mitibus
975 3012 1114 3053 verbis

238 3066 434 3109 Pisonem
461 3068 764 3124 permulsisset.
807 3068 933 3111 Conf
958 3070 1112 3112 1V62:

238 3128 311 3180 qui
353 3141 435 3183 per
489 3127 598 3168 diem
644 3129 765 3180 visu,
816 3142 897 3183 per
950 3137 1114 3170 noctem

235 3185 468 3228 ululatibus
513 3193 552 3227 et
595 3187 752 3242 yemitu
793 3189 994 3243 coniuyes
1041 3195 1114 3229 aut

236 3240 392 3287 liberos
413 3245 661 3288 noscebant.
712 3247 844 3288 Vll:
877 3247 1015 3288 ille—
1028 3261 1116 3288 non

235 3304 359 3345 modo
421 3305 594 3346 rettudit
653 3305 890 3374 colleqam,
947 3308 1021 3348 secl
1068 3314 1114 3347 ut

234 3365 411 3404 noxium
454 3365 766 3406 coniurationis
810 3365 867 3406 ad
913 3366 1113 3421 disquisi-

236 3422 392 3463 tionem
443 3423 653 3465 trahebat.
718 3424 841 3475 Quod
896 3437 995 3466 mox
1038 3438 1113 3466 se-

236 3482 381 3533 quitur
414 3482 656 3535 abeuntem,
705 3491 769 3525 est
811 3488 857 3526 in
901 3498 974 3526 rus
998 3485 1116 3526 abire

231 3548 472 3593 parantem.

326 3606 480 3642 vocata
503 3601 634 3641 iuius
663 3601 930 3656 Urgulania:
962 3610 1117 3646 vocata

239 3663 305 3698 est
334 3659 386 3699 ad
419 3660 631 3712 praetoris
664 3660 817 3701 urbani
849 3663 1056 3705 tribunal.

1200 2893 1389 2951 singulis
1439 2894 1704 2951 iudiciisque
1752 2894 2071 2938 decernendae.

1198 2952 1305 2995 Nam
1347 2967 1460 3009 quae
1489 2953 1543 2996 de
1588 2960 1809 2996 conventu
1840 2953 1993 2998 Italiae
2029 2961 2076 2998 et

1199 3011 1480 3054 affluentibus
1522 3015 1762 3068 provinciis
1813 3016 1957 3056 statim
1999 3014 2071 3057 di-

1202 3078 1370 3123 cuntur,
1406 3086 1457 3113 ea
1490 3071 1543 3114 de
1575 3074 1758 3127 privatis
1782 3073 1956 3115 iudiciis
1975 3073 2016 3114 h.
2039 3074 2068 3116 1.

1201 3143 1285 3185 quo
1320 3131 1459 3171 minus
1493 3132 1737 3185 cogitemus
1772 3131 2027 3185 impediunt.

1287 3197 1480 3231 senatum
1512 3197 1551 3230 et
1585 3191 1773 3245 equites-⁹
1803 3190 1910 3232 duas
1940 3203 2071 3246 prae-

1200 3249 1349 3302 cipuas
1386 3249 1578 3290 iudicum
1621 3249 1821 3291 decurias
1861 3251 2070 3300 nominat,

1200 3320 1295 3348 cum
1339 3314 1542 3362 quattuor
1589 3307 1670 3349 hae
1715 3314 1860 3351 aetate
1891 3309 2072 3360 suerint,

1197 3368 1326 3408 tertia
1337 3366 1604 3409 tribunorum
1618 3370 1904 3419 aerariorum,
1921 3373 2070 3423 quarta

1202 3426 1544 3469 ducenariorum.
1595 3426 1722 3469 Conf.
1755 3428 1931 3470 Sueton.
1954 3427 2066 3481 Aug.

1202 3481 1258 3528 32
1292 3491 1334 3527 et
1375 3487 1636 3540 interpretes
1674 3488 1768 3527 eius
1800 3485 1900 3526 loci.

1293 3543 1398 3599 Cap.
1431 3546 1503 3588 36.
1543 3559 1644 3587 nam
1675 3545 1836 3586 censuit
1864 3544 1910 3583 in
1940 3542 2068 3595 quin-

1203 3606 1432 3659 quennium
1462 3618 1586 3659 sqq.:
1639 3603 1749 3645 Galli
1790 3602 2066 3654 sententiam,

1202 3664 1475 3717 magistratus
1542 3674 1692 3703 omnes
1764 3664 2065 3716 (quaestor-ee,
