2280 4004
252 281 342 327 260
1036 278 1328 323 ANNALIVM
1708 295 1749 326 a.
1781 294 1826 326 u.
1857 282 2078 330 815—16.

250 422 420 473 cilium
458 421 713 473 sociorum
750 419 969 470 referret
1001 420 1230 486 agendas
1267 421 1397 488 apud
1418 428 1646 476 senatum
1668 427 2082 493 propraetoribus

249 520 409 572 prove
449 503 741 555 consulibus
775 508 976 570 grateS‚
1019 519 1117 556 neu
1155 506 1265 571 quis
1308 522 1367 558 ea
1404 507 1662 573 legatione
1702 510 2012 578 fungeretur.

389 595 552 646 Isdem
603 593 895 645 consulibus
938 596 1255 662 gymnasium
1310 596 1413 648 ictu
1454 598 1676 652 fulminis
1732 601 2080 669 conflagravit,

251 686 550 752 effigiesque
591 685 644 735 in
682 700 744 736 eo
765 669 1090 738 Neronis-ad
1126 687 1344 740 informe
1381 704 1468 740 aes
1505 689 1794 757 liquefacta.
1854 692 1917 744 Et
1947 697 2085 744 motu

213 782 421 836 sterrae
476 774 678 828 celebre
720 777 1028 844 Campaniae
1067 767 1302 844 oppidum
1341 780 1541 846 Pompei
1594 797 1777 850 magna
1828 798 1893 834 ex
1940 788 2084 849 parte

248 868 461 933 proruit.
537 867 888 934 Defunctaque
922 869 1071 935 virgo
1109 870 1328 922 Vestalis
1366 871 1570 937 Laelia,
1619 873 1671 923 in
1724 873 1865 925 cuius
1917 872 2084 925 locum

252 958 488 1010 Cornelia
529 974 593 1010 ex
631 959 817 1010 familia
859 959 1134 1011 Cossorum
1175 965 1318 1026 capta
1356 966 1449 1013 est.

389 1038 622 1103 Memmio
665 1050 860 1118 Regulo
904 1056 952 1102 et
990 1052 1235 1119 Verginio
1272 1053 1402 1104 Rufo
1443 1054 1736 1107 consulibus
1783 1061 1950 1108 natam
1987 1056 2085 1108 sibi
2100 1067 2171 1116 23

252 1157 317 1193 ex
340 1125 570 1207 Poppaea
610 1141 758 1193 filiam
787 1143 923 1194 Nero
962 1142 1090 1194 ultra
1131 1144 1342 1195 mortale
1379 1145 1619 1211 gaudium
1659 1147 1871 1213 accepit,
1912 1147 2088 1213 appel-

186 1233 472 1299 iolavitque
523 1233 834 1300 Augustam,
900 1234 1016 1285 dato
1073 1239 1122 1285 et
1176 1235 1438 1301 Poppaeae
1493 1237 1673 1288 eodem
1726 1243 2084 1305 cognomento.

251 1325 418 1377 Locus
455 1324 725 1390 puerperio
764 1324 966 1376 colonia
1003 1325 1207 1375 Antium
1243 1325 1350 1391 suit,
1390 1326 1477 1377 ubi
1509 1327 1619 1393 ipse
1657 1333 1931 1395 generatus
1962 1333 2086 1381 erat.

252 1417 354 1468 lam
394 1421 599 1467 senatus
634 1421 830 1467 uterum
844 1416 1107 1482 Poppaeae
1142 1417 1589 1469 commendaverat
1620 1418 1715 1483 dis,
1750 1424 1969 1486 votaque
1994 1434 2088 1486 pu-

252 1507 387 1558 blice
438 1511 734 1573 susceperat
749 1525 763 1571 3
820 1522 949 1573 quae
1003 1507 1330 1573 multiplicata
1381 1508 1700 1575 exolutaque.
1772 1510 1835 1561 Et
1885 1509 2090 1562 additae

259 1598 655 1664 supplicationes
690 1598 1028 1664 templumque
1059 1599 1392 1664 Fecunditati‚
1433 1605 1481 1651 et
1519 1606 1776 1652 certamen
1815 1600 1877 1652 ad
1915 1617 2092 1653 exem—

189 1691 363 1758 15plar
398 1691 644 1744 Actiacae
676 1690 945 1757 religionis
981 1690 1268 1756 decretum,
1316 1696 1470 1758 utque
1524 1693 1854 1744 Fortunarum
1893 1692 2089 1760 effigies

256 1798 442 1835 aureae
478 1783 530 1833 in
569 1782 700 1834 solio
730 1781 996 1848 Capitolini
1022 1783 1157 1834 Iovis
1197 1783 1489 1835 locarentur
1501 1801 1516 1848 ;
1552 1783 1801 1835 ludicrum
1838 1784 2088 1850 circense,

252 1880 307 1926 ut
344 1875 499 1926 Iuliae
534 1874 673 1942 genti
710 1873 840 1940 apud
877 1874 1129 1939 Bovillas,
1181 1875 1248 1926 ita
1297 1875 1538 1927 Claudiae
1571 1875 1924 1943 Domitiaeque
1959 1874 2090 1944 apud

253 1966 459 2017 Antium
498 1965 749 2017 ederetur.
825 1965 966 2027 Quae
1016 1965 1149 2018 fluxa
1197 1966 1370 2032 fuere,
1426 1971 1655 2032 quartum
1691 1966 1822 2018 intra
1865 1981 2088 2019 mensem
2274 2028 2280 2039 .

255 2057 495 2109 defuncta
546 2057 756 2109 infante.
832 2057 1127 2123 Rursusque
1176 2062 1385 2109 exortae
1425 2057 1743 2110 adulationes
1781 2057 2093 2110 censentium
2271 2060 2280 2128 ᾗ

349 2215 391 2256 4.
431 2213 593 2267 effigies
625 2214 692 2268 (in
725 2211 812 2255 fine
844 2216 1022 2269 versus)
1056 2226 1186 2267 usque
1216 2212 1263 2253 in
1297 2211 1424 2254 GMa:
1460 2213 1651 2254 correxit
1681 2211 1963 2255 Puteolanus.
2048 2213 2091 2255 5.

254 2273 426 2330 pompei
455 2271 537 2324 Ma,
571 2284 659 2314 non
692 2271 895 2328 Pompeii.
989 2272 1031 2315 6.
1068 2271 1172 2313 lelia
1205 2269 1283 2313 Ma.
1375 2271 1418 2314 8.
1463 2272 1663 2328 Verqinio
1700 2270 1780 2324 Ma,
1814 2271 2008 2327 Vir-pinio
2041 2270 2090 2314 G.
2278 2319 2280 2322 ¹

259 2331 430 2375 consule
463 2329 543 2374 Ma.
636 2331 677 2374 9.
712 2345 878 2388 poppea
911 2330 988 2373 Ma.
1094 2332 1162 2375 10.
1196 2338 1378 2386 anqusta
1409 2329 1490 2373 Ma.
1593 2345 1787 2388 poppeae
1817 2330 1898 2374 Ma.
2023 2332 2092 2374 11.
2273 2337 2280 2384 1

258 2393 420 2434 colinia
451 2389 532 2433 Ma.
611 2393 679 2433 12.
706 2405 900 2447 poppeae
931 2389 1012 2433 Ma.
1087 2390 1286 2446 publicae
1308 2389 1399 2432 Ma·
1435 2389 1468 2432 G
1494 2389 1679 2446 publice.
1758 2391 1828 2434 13.
1862 2389 1992 2434 exsul.
2019 2389 2092 2433 Or.
2268 2391 2269 2394 ’

257 2453 399 2494 addite
415 2449 494 2493 Ma.
595 2451 663 2494 15.
698 2456 840 2491 utrum
873 2452 918 2492 in
931 2448 997 2492 Ma
1027 2452 1195 2492 actiace
1228 2463 1281 2491 an
1315 2450 1503 2491 actiecce
1536 2449 1747 2506 distingui
1778 2451 1946 2506 nequit.
2023 2448 2093 2493 16.

255 2512 363 2554 iobis
394 2509 474 2553 Ma.
573 2511 640 2552 17.
675 2510 778 2552 iulia
806 2508 887 2553 Ma.
979 2509 1162 2552 uobiltas
1193 2508 1273 2552 Ma.
1371 2509 1438 2552 19.
1471 2516 1617 2551 exorte
1648 2509 1729 2553 Ma.

267 2649 461 2704 ‘reperio
494 2650 578 2690 iam
611 2654 712 2691 ante
745 2651 944 2691 sanxisse
976 2649 1020 2691 id
1050 2650 1146 2691 Au-
1231 2663 1324 2692 eam
1361 2650 1489 2691 nonis
1523 2649 1772 2693 Februariis
1804 2650 1906 2692 anni
1937 2647 2097 2692 subse-

268 2716 466 2766 gustum‚
503 2708 556 2750 de
589 2721 675 2764 quo
708 2708 864 2751 Dionis
895 2709 1031 2751 velba
1063 2709 1145 2750 ista
1231 2708 1406 2763 quentis
1463 2708 1596 2766 (816)
1641 2710 1883 2765 assignavit
1930 2710 2098 2752 Seneca

260 2769 355 2811 LVl
390 2769 566 2824 25·1ῷ
599 2768 787 2827 ὑπηκόῳ
822 2782 1076 2827 προσπαρι,
1070 2770 1141 2825 ’γ-
1231 2768 1409 2819 Quaest.
1458 2767 1555 2810 Nat.
1605 2768 1662 2810 VI
1712 2771 1734 2811 1
1778 2768 1873 2812 init.
1934 2767 2098 2810 Eadem

261 2831 384 2902 γειλε
402 2826 681 2901 μηδενὶτων
698 2834 1143 2902 προρτασσομέγων
1230 2827 1331 2869 urbs
1379 2825 1527 2869 deleta
1573 2834 1639 2870 est
1684 2827 1888 2870 incendio
1939 2827 2099 2869 montis

265 2888 430 2936 αὐτοῖς
462 2887 711 2956 α’ρχόντων
742 2889 859 2961 μήτε
890 2890 967 2943 τῆς
998 2887 1142 2945 α’ρχῆς
1232 2887 1416 2929 Vesuvii
1449 2899 1488 2928 a.
1525 2887 1582 2930 79
1614 2886 1708 2928 Tito
1741 2887 1997 2942 imperante.

260 2947 419 3006 χρόνῳ
455 2946 591 3015 μήτε
611 2942 739 2993 ἐντὸς
776 2946 999 2999 ἑξὶκονια
1033 2947 1141 3006 ἡμε-
1320 2945 1425 3001 Cap.
1478 2947 1550 2990 23.
1617 2947 1814 2989 Memmio
1856 2965 1923 2979 -’
1958 2946 2100 3001 Rufo:

269 3024 373 3079 ρων
395 3004 515 3063 μετὰ
549 3000 599 3049 τὸ
651 3006 979 3079 ἀπαλλαγῆναι
1015 3021 1084 3064 oq
1075 3023 1147 3054 ας
1231 3018 1498 3060 praenomen
1522 3006 1719 3062 Verginii
1743 3005 1916 3058 Βασίας,
1941 3004 2100 3061 Reguli

266 3065 407 3124 uurjv
469 3081 572 3110 τινα
627 3065 839 3141 διδόναι,
901 3064 971 3108 ὅτι
1027 3066 1147 3114 τιιὲς
1234 3066 1366 3107 Gaius
1386 3066 1428 3105 in
1454 3064 1582 3106 titulo
1600 3066 1806 3120 antiquo:
1838 3065 2100 3119 v.lnscript.

265 3130 536 3186 μαρτυρίας
567 3125 681 3184 παρ’
711 3124 867 3168 αὐτων
905 3127 983 3168 καὶ
1010 3127 1146 3170 ἑιιαί-
1231 3124 1323 3166 Lat.
1367 3123 1520 3166 Orellii
1564 3137 1606 3166 n.
1651 3124 1778 3167 1683.
1841 3122 2101 3166 Particulam

269 3202 382 3234 γους
404 3183 1018 3256 προσπαρασκευαζόμενοι
1031 3187 1146 3228 710).-
1234 3182 1462 3225 consulum
1505 3183 1754 3224 nominibus
1801 3183 2101 3238 interpositam

267 3239 323 3288 λα
353 3244 430 3286 (1ιά
464 3243 644 3288 τούτων
667 3246 1003 3302 ἐκακούργουν.
1056 3242 1147 3286 Sed
1233 3242 1416 3284 seclusit
1439 3241 1646 3294 Orelltus,
1682 3243 1778 3285 sine
1808 3243 1923 3285 iusta
1946 3254 2102 3284 causa:

269 3305 493 3346 diversum
541 3309 684 3344 tamen
729 3303 813 3345 hoc
852 3304 1146 3346 Neionianum
1236 3302 1352 3344 conf.
1400 3307 1548 3344 annot.
1595 3302 1647 3343 ad
1692 3302 1753 3344 lv
1795 3301 1866 3345 68.
1986 3300 2103 3343 ultra

272 3363 538 3415 consultum,
574 3363 777 3417 quoniam
818 3363 926 3405 illud
959 3363 1147 3419 Augusti
1233 3361 1414 3404 mortale
1460 3361 1690 3415 gaudium.-
1744 3360 1858 3403 ultra
1896 3360 2100 3417 gaudium

274 3423 505 3478 postdiem
529 3421 1147 3475 permittitlaudationes‚h0c
1234 3434 1319 3475 quo
1352 3420 1557 3461 mortales
1590 3420 1706 3462 affici
1740 3419 1899 3462 solent.

271 3482 403 3536 plane
438 3486 481 3522 et
513 3480 647 3535 plene
686 3481 832 3522 tollit.'
892 3482 1084 3524 stnus.
1303 3487 1342 3521 et
1374 3487 1591 3521 certamen
1623 3480 1681 3521 ad
1712 3475 2103 3535 eaeemplarAch'a-

360 3548 474 3582 motu
518 3547 663 3581 terrae
696 3566 750 3573 —
779 3543 978 3596 proruit:
1021 3553 1147 3596 quam
1235 3554 1311 3580 cae
1337 3538 1585 3594 reliqionis:
1614 3545 1832 3580 certamen
1851 3534 2103 3590 apudActi-

271 3599 441 3640 cladem
486 3599 658 3640 Tacitus
705 3605 899 3642 extremo
946 3612 1059 3642 anno
1092 3599 1149 3643 62
1236 3612 1305 3639 um
1339 3598 1394 3639 ob
1428 3598 1655 3640 victoriam
1688 3597 1748 3639 ibi
1780 3596 1832 3638 ab
1860 3594 2101 3637 Octaviano

273 3670 299 3698 a
332 3655 432 3698 Chr.
465 3664 567 3700 nato
605 3659 682 3714 (ab
715 3659 808 3702 urb.
842 3659 952 3718 815)
988 3659 1148 3715 posuit,
1236 3657 1512 3713 Caesaiep‘n
1518 3664 1598 3699 tam
1615 3663 1714 3713 post
1731 3655 1925 3712 quintum
1944 3665 2101 3710 quem-
