2280 4004
201 280 232 323 α’
259 276 308 322 G.
339 277 413 323 36.
772 275 936 320 LIBER
970 275 1041 319 vl.
1109 274 1214 318 Car.
1245 276 1438 320 42—44.

1944 277 2036 320 35?

201 417 495 486 petivisset,
549 431 792 484 oppressa
832 416 1172 469 cunctantium
1211 416 1455 469 dubitatio
1494 421 1545 469 et
1580 431 1757 470 omnes
1794 416 1847 469 in
1881 431 2033 470 unum

205 510 482 561 cedebant:
521 508 803 561 adsidendo
839 507 1127 572 castellum,
1169 507 1221 557 in
1260 507 1394 574 quod
1430 507 1697 574 pecuniam
1738 513 1787 560 et
1821 508 2032 575 pellices

203 599 491 651 Artabanus
544 598 851 663 contulerat,
914 598 1054 649 dedit
1108 598 1323 663 spatium
1373 599 1592 650 exuendi
1648 603 1813 666 pacta.
1907 599 2033 651 Nam

202 691 440 742 Phraates
475 695 523 740 et
559 689 732 753 Hiero,
775 695 826 740 et
859 689 903 740 si
952 690 1036 754 qui
1074 688 1158 739 alii
1194 688 1444 740 delectum
1471 689 1721 756 capiendo
1759 689 2033 741 diademati

203 780 336 831 diem
374 779 506 830 haud
546 779 1066 843 concelebraverant,
1122 793 1241 844 pars
1282 784 1448 845 metu,
1511 779 1714 846 quidam
1753 779 1946 831 invidia
1980 780 2072 839 in5

200 869 562 937 Abdagaesen,
603 869 686 935 qui
723 874 826 920 tum
865 869 979 920 aula
1018 873 1068 920 et
1103 883 1239 920 novo
1277 884 1404 937 rege
1439 870 1742 936 potiebatur,
1779 870 1845 922 ad
1878 870 2032 922 Arta-

201 964 386 1015 banum
421 968 639 1014 vertere.
714 963 862 1028 Isque
900 962 952 1012 in
990 963 1242 1029 Hyrcanis
1275 968 1506 1028 repertus
1543 968 1649 1028 est,
1706 964 1898 1016 inluvie
1937 964 2035 1015 ob-
2113 998 2115 1000 -

201 1054 326 1107 situs
363 1059 414 1106 et
450 1053 691 1127 alimenta
727 1068 850 1103 arcu
888 1053 1182 1118 expediens.
1267 1052 1346 1104 Ac
1394 1053 1557 1119 primo
1596 1058 1848 1120 tamquam
1885 1054 2032 1106 dolus

199 1150 487 1212 pararetur,
450 1116 783 1208 territuS,
846 1143 933 1194 ubi
989 1144 1104 1194 data
1156 1126 1282 1195 fides
1338 1143 1634 1195 reddendae
1695 1144 2030 1196 dominationi

198 1236 419 1299 venisse,
447 1235 712 1286 adlevatur
743 1234 978 1299 animum,
1010 1239 1060 1286 et
1096 1247 1226 1300 quae
1263 1235 1526 1299 repentina
1553 1235 1760 1287 mutatio
1793 1236 2028 1302 exquirit.
2049 1248 2095 1286 ιο

197 1327 319 1378 Tum
356 1326 511 1377 Hiero
561 1326 826 1392 pueritiam
861 1325 1097 1377 Tiridatis
1145 1325 1403 1391 increpat,
1461 1340 1627 1392 neque
1671 1341 1829 1392 penes
1867 1325 2033 1377 Arsa-

205 1417 355 1468 ciden
408 1417 698 1483 imperium,
752 1417 842 1468 sed
893 1416 1045 1468 inane
1097 1430 1284 1467 nomen
1335 1415 1464 1482 apud
1515 1416 1769 1468 imbellem
1823 1421 2033 1470 externa

117 1513 186 1562 44
201 1508 443 1573 mollitia,
491 1508 592 1558 vim
631 1508 683 1558 in
720 1507 1045 1575 Abdagaesis
1081 1506 1252 1558 domo.

203 1602 360 1652 salsos
392 1600 444 1650 in
467 1614 707 1675 amore=
696 1599 814 1650 odia
849 1613 952 1650 non
991 1598 1203 1674 fingere.

1364 1506 1534 1559 Sensit
1584 1512 1730 1559 vetus
1778 1509 2060 1575 regnandi
2063 1517 2097 1559 6
2273 1515 2280 1523 ·

1277 1599 1385 1650 Nec
1421 1597 1551 1649 ultra
1585 1603 1843 1664 moratus,
1884 1589 2091 1666 quamf:

202 1691 316 1742 dum
358 1667 654 1757 Scytharum
712 1670 911 1742 auxilia
952 1681 1208 1753 conciret,
1264 1688 1433 1755 pergit
1479 1703 1729 1754 properus
1773 1694 1824 1740 et
1878 1705 2032 1756 prae-
2049 1661 2231 1757 ἦ
2268 1688 2272 1691 ’

198 1781 411 1834 veniens
459 1781 778 1832 inimicorum
838 1784 1003 1844 astuS,
1075 1779 1352 1831 amicorum
1404 1778 1790 1844 paenitentiam3
1865 1794 2031 1846 neque
2067 1761 2153 1850 'ff

200 1877 409 1924 exuerat
454 1870 730 1938 paedorem
780 1875 835 1920 ut
887 1870 1093 1937 vulgum
1145 1869 1476 1921 miseratione
1520 1869 1825 1921 adverteret.
1917 1870 2031 1922 Non

201 1963 372 2026 srauS,
436 1977 540 2013 non
586 1976 801 2027 preceS,
867 1960 991 2011 nihil
1044 1959 1285 2012 omissum
1324 1974 1423 2026 quo
1462 1959 1729 2027 ambiguos
1781 1960 2029 2025 inliceret,

200 2053 414 2119 prompti
442 2052 775 2103 firmarentur.
851 2052 1054 2116 Iamque
1093 2050 1245 2102 multa
1267 2065 1418 2100 manu
1454 2050 1735 2116 propinqua
1762 2050 2028 2103 Seleuciae

203 2143 533 2206 adventabat,
597 2158 708 2192 cum
745 2141 995 2193 Tiridates
1045 2140 1192 2192 simul
1240 2140 1373 2192 fama
1423 2145 1572 2206 atque
1615 2141 1726 2206 ipso
1764 2141 2092 2192 Artabanoao

325 2296 362 2337 1.
396 2308 484 2336 oms
516 2306 612 2335 cum
646 2293 724 2336 lin.
757 2294 813 2336 M.
902 2295 944 2337 2.
979 2293 1200 2334 adsitendo
1232 2293 1300 2335 M:
1333 2293 1526 2335 correxit
1542 2291 1799 2335 Beroaldus.
1886 2293 2030 2350 paeli-

203 2368 271 2395 ces
303 2354 358 2396 M.
450 2354 492 2396 3.
527 2353 733 2394 eaesuendi
762 2352 828 2395 M.·
921 2351 963 2394 5.
997 2352 1115 2393 haud
1152 2351 1368 2394 Pichena:
1412 2352 1452 2394 Μ
1484 2353 1612 2404 huoi,
1655 2352 1894 2394 Rhenanus
1924 2367 2028 2394 non.

202 2413 244 2456 6.
288 2413 558 2454 abdacaesen
590 2411 642 2454 Μ.
753 2413 822 2455 12.
858 2410 946 2452 inb.
980 2410 1034 2452 M.
1148 2413 1215 2453 14.
1251 2424 1376 2466 quam
1407 2411 1505 2453 dum
1535 2412 1669 2453 tacite
1701 2410 1960 2453 Rhenanus:
1991 2411 2031 2453 M

203 2485 328 2526 quam
359 2479 469 2523 tum,
504 2471 745 2512 Beroaldus
781 2476 996 2525 quantum.
1094 2470 1161 2512 17.

202 2530 405 2572 Beroaldi
437 2530 653 2586 pedorem.

206 2590 320 2632 rexit
350 2588 607 2631 Beroaldus.

1196 2477 1396 2512 etz-suerat
1427 2470 1482 2512 M.

1581 2470 1815 2526 paedorem
1844 2471 1907 2523 M,
1943 2483 2030 2511 non

756 2529 824 2572 18.
863 2543 966 2585 pces
999 2542 1095 2571 eum
1125 2528 1205 2571 lin.
1239 2529 1294 2572 M.

1388 2530 1461 2572 20.
1495 2529 1785 2571 adventabant
1818 2529 1883 2572 M:
1929 2541 2030 2571 cor-

295 2708 399 2763 Gap.
423 2709 495 2751 43.
559 2709 791 2751 adsidendo
825 2708 1071 2751 castellum.-

186 2767 565 2822 -quemadmodum
626 2768 819 2809 obsidere
864 2769 1073 2810 infestum

205 2827 392 2866 animum
419 2839 620 2867 acremve
639 2826 872 2882 significat,
895 2826 1074 2868 eadem-

207 2897 292 2938 que
335 2886 401 2925 vis
438 2886 692 2940 agnoscitur
732 2885 776 2925 in
812 2885 1073 2939 obequitare,

207 2941 463 2997 obstrepere,
485 2956 729 2994 occurrere,
753 2943 952 2995 obiicere,
971 2949 1073 2995 cet„

208 3001 271 3039 sic
295 3001 490 3041 adsidere
523 3001 658 3043 solam
677 3003 968 3054 praesentiam
1001 3002 1073 3043 in-

209 3058 354 3109 dicat,
402 3072 487 3114 quo
531 3060 577 3100 fit
618 3066 665 3101 ut
698 3060 913 3102 interdum
945 3061 1074 3103 simul

208 3117 313 3156 insit
343 3117 535 3159 desidiae
583 3125 627 3159 et
669 3119 853 3161 inertiae
900 3119 1074 3176 signiti-

210 3176 350 3225 catio,
399 3176 440 3216 id
471 3177 585 3231 quod
620 3178 660 3220 h.
696 3177 724 3219 l.
766 3191 847 3219 usu
879 3179 1001 3219 venit
1032 3183 1076 3219 et

208 3232 265 3273 lv
317 3234 396 3275 58:
458 3236 627 3276 moenia
683 3237 800 3277 urbis
858 3237 1072 3277 adsidens.

208 3291 346 3332 Abest
381 3305 429 3332 ea
464 3294 584 3334 notio
618 3307 641 3333 a
677 3294 850 3349 Virgilii
885 3294 995 3336 Aen.
1021 3293 1075 3335 xl

207 3350 319 3393 3042
353 3364 446 3390 cmn
473 3364 616 3391 ηιτινοε
647 3351 811 3393 adsidet
842 3353 985 3393 hostis.

299 3409 503 3449 alivnenta
546 3423 653 3450 arcu
697 3410 949 3465 expediens:
995 3423 1076 3451 ex-

210 3467 346 3521 pediri
377 3469 550 3521 proprie
570 3468 728 3508 dicitur
752 3468 792 3508 id
816 3468 929 3522 quod
955 3467 1076 3508 adest

211 3531 254 3566 et
298 3528 507 3579 promitur
551 3527 726 3582 (hervor
776 3526 981 3581 lanqen),
1031 3532 1076 3565 ut

212 3583 262 3625 H.
294 3584 332 3626 ll
363 3587 442 3628 21:
477 3585 712 3627 Othoniani
743 3585 1075 3639 sudes—expe-

214 3641 359 3684 diunt-
411 3645 568 3701 virgil.
599 3645 710 3686 Aen.
743 3644 760 3686 1
794 3645 904 3687 705:
941 3644 1075 3687 Cere-

1158 2722 1328 2764 remque
1351 2709 1554 2751 canistris
1577 2709 1819 2765 eaepediunt.
1879 2708 2031 2764 ltaque

1159 2768 1452 2823 significatum
1500 2773 1567 2810 est
1608 2781 1634 2810 a
1675 2767 1825 2809 Tacito
1868 2773 2031 2809 tantam

1159 2828 1330 2880 copiam
1385 2827 1575 2868 ferarum
1639 2827 1684 2868 in
1732 2827 2030 2881 Hyrcanorum

1159 2885 1286 2926 silvis
1315 2885 1469 2938 fuisse,
1501 2892 1548 2926 ut
1572 2897 1644 2927 eas
1669 2898 1773 2927 arcu
1801 2899 1881 2927 suo
1907 2887 2031 2941 quasi

1160 2943 1369 2998 expedire
1391 2944 1484 2986 sibi
1515 2944 1762 2986 Artabanus
1795 2950 1959 3000 posset.

1257 3001 1363 3057 Cap.
1407 3004 1479 3046 44.
1561 3005 1692 3045 sensit
1724 3028 1779 3035 —-
1809 3004 1945 3059 falsos
1985 3003 2032 3043 in

1158 3074 1304 3102 amore
1337 3062 1437 3104 odia
1456 3075 1545 3102 non
1568 3064 1757 3116 fingere.-
1789 3061 1928 3103 sensit
1943 3061 2029 3102 Ar-

1159 3122 1341 3162 tabanus
1362 3121 1498 3162 falsos
1526 3121 1570 3160 in
1589 3133 1737 3161 amore
1762 3120 1898 3172 ipsius
1932 3131 2030 3159 esse

1161 3184 1306 3219 tamen
1338 3179 1536 3219 sinceros
1567 3177 1769 3218 Tiridatis
1804 3182 1847 3217 et
1878 3176 2029 3218 Abda-

1161 3236 1305 3291 gaesis
1338 3248 1514 3286 osoreS,
1546 3241 1677 3290 atque
1711 3235 1794 3275 hoc
1827 3235 1869 3275 ei
1901 3234 2030 3275 sufli-

1161 3306 1261 3334 cere
1307 3294 1551 3334 videbatur.
1622 3293 1765 3333 Sensit
1810 3294 1851 3333 vi
1900 3305 2030 3345 prae-

1163 3352 1293 3404 cipua
1335 3351 1577 3405 praeditum
1626 3351 1808 3391 verbum
1851 3349 1950 3392 ideo
1987 3352 2029 3390 in

1162 3411 1377 3462 principio
1430 3411 1643 3450 enuntiati
1699 3410 1885 3463 positum
1936 3414 2029 3460 est;

1161 3467 1401 3509 'l'heodisce
1419 3468 1538 3508 dicas
1565 3467 1622 3508 da
1641 3467 1816 3509 merkte.
1858 3467 1922 3508 De
1946 3481 2030 3522 ge-

1161 3527 1301 3567 nitivo
1317 3528 1439 3568 vetus*
1454 3526 1667 3581 reynandi
1677 3526 1838 3567 dictum
1856 3525 1938 3567 adl
1956 3527 2028 3569 20.

1249 3599 1343 3627 cum
1379 3585 1578 3627 Tiridatis
1599 3610 1652 3620 —
1670 3583 1876 3628 distrahi:
1911 3585 2026 3627 conf.

1162 3650 1309 3686 annot.
1345 3643 1396 3685 ad
1424 3642 1461 3685 11
1490 3645 1561 3688 31.
