2280 4004
1041 290 1334 337 ANNALIVM

254 291 347 347 228
1829 309 1869 342 a·
1892 307 1946 355 >:ib
1976 297 2081 356 81⁵.
2107 350 2115 355 .

256 433 376 496 inde
413 435 832 500 adsentientibus,
871 434 1051 487 Paetus
1090 435 1332 503 Thrasea,
1370 435 1524 493 multo
1563 451 1676 498 cum
1714 436 1912 493 honore
1948 439 2085 502 Gaei-

255 526 386 584 saris
423 531 472 581 et
523 525 775 582 acerrime
823 524 1074 595 increpito
1122 525 1376 592 Antisti0,
1430 541 1536 581 non
1594 527 1837 596 quicquid
1889 544 2083 589 nocens

255 601 374 674 reus
408 616 509 687 pati
549 621 846 683 mereretur,
885 616 936 672 id
978 617 1195 685 egregio
1238 617 1332 671 sub
1370 618 1599 686 principe
1634 624 1685 672 et
1720 619 1857 678 nulla
1896 635 2085 681 neces-

255 707 402 759 sitate
441 706 689 759 obstricto
742 706 942 759 senatui
997 707 1316 781 statuendum
1366 707 1619 765 disseruit.
1694 710 1997 773 Carnificem.
2030 716 2098 768 et.

217 797 487 871 5laqueum
537 798 734 865 pridem
790 799 1008 863 abolita;
1060 787 1129 852 et=¹
1149 814 1265 853 esse
1298 814 1493 869 poenas
1527 800 1729 870 legibus
1765 804 2080 870 constitutam,

255 890 437 957 quibus
476 888 589 942 sine
636 889 859 945 iudicum
897 889 1110 943 saevitia
1166 895 1216 943 et
1256 896 1536 959 temporum
1590 892 1797 950 infamia
1835 894 2081 961 supplicia

254 980 669 1037 decernerentur.
745 981 878 1043 Quin
912 981 964 1034 in
998 979 1180 1047 insula,
1222 982 1490 1050 publicatis
1528 984 1705 1051 bonis,
1744 1000 1844 1053 quo
1878 985 2082 1054 longius

257 1077 454 1127 sontem
492 1073 646 1127 vitam
682 1073 955 1139 traxisset,
1017 1088 1078 1125 eo
1114 1073 1347 1139 privatim
1388 1074 1709 1131 miseriorem
1761 1080 1811 1128 et
1849 1076 2083 1143 publicae

255 1163 554 1221 clementiae
596 1164 865 1219 maximum
913 1164 1193 1231 exemplum
1229 1165 1464 1221 futurum.
1561 1167 1791 1220 Libertas
1827 1167 2083 1222 Thraseae
2098 1172 2168 1223 49

187 1279 239 1322 ²0
259 1257 519 1312 servitium
572 1257 786 1312 aliorum
840 1258 1002 1325 rupit,
1063 1262 1113 1308 et
1168 1262 1434 1325 postquam
1484 1258 1854 1311 discessionem
1895 1259 2083 1315 consul

251 1348 571 1425 permiserat,
609 1347 823 1414 pedihus
855 1348 908 1399 in
945 1348 1246 1401 sententiam
1287 1348 1396 1400 eius
1435 1349 1561 1415 iere,
1597 1351 1774 1416 paucis
1811 1351 2084 1418 exemptis3

250 1439 304 1496 in
345 1440 525 1509 quibus
567 1439 860 1492 adulatione
900 1440 1304 1509 promptissimus
1341 1440 1434 1494 suit
1465 1441 1627 1496 Aulus
1662 1440 1909 1508 Vitellius,
1949 1442 2085 1511 optir-

249 1547 383 1598 mum
430 1547 678 1602 quemque
726 1532 894 1599 iurgio
934 1531 1200 1587 lacessens
1252 1537 1302 1584 et
1349 1521 1680 1604 respondenti
1732 1533 1993 1600 reticens,
2030 1539 2086 1588 ut

248 1623 433 1691 pavida
458 1623 665 1691 ingenia
687 1623 869 1675 solent.
943 1622 1012 1678 At
1042 1624 1278 1677 consules
1309 1624 1558 1691 perficere
1589 1624 1848 1680 decretum
1876 1629 2084 1681 senatus

185 1735 233 1776 ¹⁵
250 1730 354 1772 non
390 1715 517 1782 ausi,
559 1715 624 1769 de
660 1730 917 1768 consensu
952 1717 1209 1783 scripsere
1250 1715 1475 1769 Caesari.
1549 1716 1638 1769 Ille
1673 1716 1805 1768 inter
1837 1717 2083 1785 pudorem

250 1813 300 1862 et
335 1808 462 1862 iram
501 1812 792 1874 cunctatus,
845 1812 1133 1874 prostremo
1185 1808 1453 1877 rescripsit
1492 1807 1629 1860 nulla
1669 1808 1854 1860 iniuria
1887 1824 2084 1876 provo-

251 1903 415 1951 catum
440 1899 712 1951 Antistium
739 1899 1072 1967 gravissimas
1100 1899 1153 1950 in
1188 1899 1466 1966 principem
1499 1899 1832 1951 contumelias
1864 1899 2056 1952 dixisse
2066 1916 2081 1964 ;

250 2006 423 2049 earum
459 1991 702 2043 ultionem
754 2007 783 2045 a
831 1991 1056 2057 patribus
1104 1991 1437 2057 postulatam,
1495 1988 1556 2044 'et
1602 2007 1695 2058 pro
1733 1992 2083 2060 magnitudine

250 2081 422 2140 delicti
453 2097 669 2149 poenam
706 2083 857 2135 statui
894 2098 985 2149 par
1004 2082 1180 2136 fuisse.
1257 2072 1493 2135 Ceterum
1522 2097 1598 2148 se,
1639 2083 1723 2149 qui
1761 2068 2083 2137 severitatem

182 2187 232 2225 πο
250 2174 631 2229 decernentium
665 2173 996 2240 impediturus
1031 2173 1200 2243 suerit,
1228 2174 1631 2231 moderationem
1651 2187 1756 2227 non
1780 2173 2079 2243 prohibere:

367 2315 405 2356 1.
440 2327 524 2356 ass.
560 2311 631 2356 Or.
725 2314 767 2356 5.
796 2327 934 2371 penas
965 2311 1046 2355 Ma.
1131 2312 1173 2356 6.
1206 2314 1328 2356 seuit.
1362 2311 1443 2356 Ma.
1537 2313 1578 2356 7.
1612 2312 1684 2368 qui
1713 2310 1804 2356 Ma:
1838 2317 2080 2357 correctum

244 2372 290 2419 in
325 2373 417 2424 AG,
450 2374 523 2431 qui
555 2373 756 2419 insulam.
849 2373 893 2416 8.
929 2373 1152 2416 transisset
1187 2372 1314 2417 Gltia:
1349 2372 1600 2421 emendavit
1631 2371 1911 2416 Puteolanus.
1978 2374 2079 2431 pri-

243 2434 338 2480 uati
367 2432 449 2477 Ma.
567 2434 767 2477 miserior
799 2431 927 2478 GMa:
962 2431 1214 2477 emendavit
1243 2432 1432 2488 Lipsius.
1555 2431 1596 2479 9.
1632 2431 1801 2477 thrasee
1833 2430 1914 2476 Ma.
2008 2432 2078 2476 10.

547 2494 614 2535 11.
649 2493 757 2535 ieret
780 2491 868 2534 Ma:
904 2491 938 2534 G
970 2493 1077 2534 iere.

245 2566 347 2598 ccccc
378 2553 446 2597 tis.
548 2554 617 2596 12.
651 2551 704 2594 A.
740 2550 819 2595 Ma.
931 2552 1000 2595 13.
1035 2565 1224 2607 qaenqae
1255 2550 1336 2595 Ma.
1437 2551 1655 2595 lacescens
1685 2549 1767 2595 Ma.

244 2623 295 2672 pr
329 2567 395 2654 Nlla
504 2611 647 2654 cesari
668 2610 748 2653 Ma.
845 2610 914 2655 19.
937 2624 1127 2670 paenam
1155 2612 1302 2653 statuit
1325 2608 1416 2653 Ma:
1450 2609 1484 2655 G
1507 2623 1694 2667 poenam
1724 2610 1867 2653 statui.

243 2684 338 2716 rum
370 2670 489 2726 sequi
519 2684 563 2713 se
593 2670 819 2716 ueritatem
851 2667 931 2715 Ma.

245 2507 332 2538 cos.
367 2491 448 2537 Ma.
1162 2494 1322 2549 acceptis
1353 2491 1433 2548 Ma,
1467 2491 1583 2547 quod
1614 2490 1808 2535 Pichena
1841 2489 2080 2546 explicavit

1865 2551 1934 2595 15.
1967 2550 2080 2595 ausit

1962 2616 2078 2661 σεῖε-

1204 2795 1380 2839 Tacitus
1410 2797 1651 2852 praeterire
1694 2795 1873 2842 silentio
1916 2796 2075 2851 voluit,

1205 2856 1322 2913 quod
1347 2858 1383 2897 is
1403 2869 1503 2898 mox
1528 2858 1756 2911 imperium
1778 2857 1962 2912 adeptus
1994 2863 2075 2900 est.

1310 2914 1416 2971 Cap.
1451 2917 1523 2960 50.
1606 2917 1832 2962 Fabricius
1873 2916 2075 2959 Veiento.-

1206 2977 1243 3017 is
1293 2988 1390 3017 cum
1442 2981 1689 3030 praeturam
1739 2976 2074 3028 administravit,

1207 3047 1338 3078 canes
1385 3035 1429 3075 in
1481 3033 1763 3078 Circensibus
1815 3034 2076 3077 adiunxerat

1209 3094 1436 3137 curribus:
1485 3094 1569 3136 Dio
1603 3094 1695 3140 LXI
1726 3094 1768 3138 6.
1831 3093 2073 3140 Domitiani

1203 3152 1473 3196 adulatorem
1526 3153 1696 3196 inducit
1744 3153 1968 3196 luvenalis
2017 3153 2074 3196 ΠΙ

1208 3211 1305 3264 185,
1337 3211 1399 3253 IV
1436 3213 1518 3255 113
1539 3219 1582 3253 et
1605 3212 1851 3265 123—129,
1888 3213 1944 3257 vl
1973 3213 2072 3266 113,

364 2806 403 2842 et
449 2797 574 2842 nulla
618 2800 873 2845 necessitate
917 2797 1118 2842 obstricto

243 2860 442 2902 senatui.-
491 2860 601 2901 mire
644 2858 836 2905 Orellius
884 2865 925 2901 et
966 2856 1119 2903 valere

246 2920 374 2961 etiam
422 2919 750 2973 pronuntiavit,
806 2917 1119 2963 Doederlinius

243 2985 421 3031 senatu,
469 2985 516 3020 ut
552 2985 619 3020 est
652 2980 695 3021 in
731 2978 787 3031 G,
825 2977 1118 3020 desideravit:

245 3036 322 3080 sed
364 3037 478 3080 bene
519 3048 567 3079 se
609 3037 740 3080 habet
782 3037 978 3079 melioris
1016 3035 1117 3077 libri

245 3099 486 3152 scriptura,
559 3097 792 3140 dummodo
856 3096 967 3139 haec
1031 3094 1115 3137 duo

245 3157 438 3200 membra
463 3169 561 3200 esse
588 3156 814 3213 intelligas
839 3155 1009 3211 eyrcqic
1041 3154 1116 3198 sub

241 3217 442 3274 principe
459 3241 512 3250 —-
538 3217 806 3263 statuendum
826 3214 892 3271 (h.
905 3228 945 3256 e.
963 3214 1112 3255 omni-

246 3275 326 3319 bus
379 3277 452 3332 qui
497 3274 720 3319 iudicandi
775 3287 929 3320 munus
981 3273 1117 3315 susti-

246 3340 403 3392 nent),
438 3341 568 3391 atque
600 3335 724 3377 nulla
755 3336 1007 3380 necessitate
1039 3332 1116 3374 ob-

247 3397 394 3438 stricto
427 3396 598 3437 senatui
628 3395 911 3441 statuendam.

336 3456 584 3508 carnificem
632 3462 672 3497 et
711 3454 907 3509 laqueum
953 3452 1118 3510 pridem

249 3512 439 3567 abolita3
472 3527 515 3556 v.
549 3513 603 3556 ad
633 3512 651 3558 1
681 3514 753 3557 46.

332 3628 438 3683 Cap.
458 3629 530 3673 49.
571 3629 707 3672 Aulus
729 3630 944 3674 Vitellius:
968 3642 1115 3686 plom-

249 3692 369 3749 ptam
400 3690 496 3734 eius
536 3689 832 3736 adulationem
880 3703 933 3736 co
975 3694 1118 3738 minus

1202 3270 1374 3314 Nervae
1396 3272 1603 3315 'amicum
1635 3271 1802 3315 Plinius
1835 3271 1978 3326 Epist.
2011 3270 2072 3314 lv

1203 3333 1275 3374 22.
1338 3330 1499 3374 Probra
1532 3343 1610 3375 sua
1651 3331 1695 3373 in
1739 3336 1885 3386 patres
1911 3335 1962 3374 -et
1996 3343 2071 3373 na-

1205 3389 1405 3432 cerdotes
1436 3391 1499 3431 ita
1531 3395 1865 3444 composuerat,
1914 3395 1962 3432 ut
1993 3389 2070 3432 lit-

1204 3455 1319 3491 teras
1352 3451 1530 3494 nomine
1564 3450 1779 3504 principis
1811 3447 2068 3506 (codicillos)

1204 3509 1256 3551 ad
1296 3508 1496 3565 singulos
1545 3509 1780 3562 scriberet,
1829 3509 1874 3549 in
1926 3508 2069 3561 iisque

1203 3567 1392 3610 honores
1425 3574 1468 3610 et
1508 3567 1745 3624 dignitates
1775 3578 1854 3609 suo
1887 3565 2067 3607 arbitrio

1203 3628 1448 3670 ambitiosis
1478 3627 1686 3670 deferret.
1766 3623 1891 3677 Quod
1923 3625 2068 3669 statim

1200 3689 1420 3747 sequitur,
1465 3686 1685 3734 venditata
1716 3685 1772 3729 ab
1810 3696 1858 3729 eo
1887 3696 2070 3739 munera
