2280 4004
249 289 338 331 264

1030 283 1238 327 ANNALI
1245 283 1325 326 VM

1820 298 1860 327 a.
1891 278 1940 329 11.
1969 286 2074 331 816.

248 431 455 494 litenen,
497 444 592 495 qua
630 422 907 478 tramittere
925 420 1214 491 Euphraten
1249 425 1477 491 parabat.
1533 425 1654 476 Tum
1685 422 1950 478 ‘lustratum
1983 417 2082 479 rite

250 522 524 573 exercitum
565 518 628 569 ad
672 517 958 568 contionem
996 522 1170 582 vocat,
1231 517 1525 583 orditurque
1568 514 1837 585 magnifica
1875 517 1940 569 de
1990 533 2086 569 au-

250 612 423 678 spiciis
464 609 782 675 imperatoris
821 609 1075 675 rebusque
1114 625 1142 659 a
1179 611 1249 661 se'
1272 608 1451 676 gestiS,
1490 608 1707 660 adversa
1744 609 1798 659 in
1827 599 2083 662 'inscitiam

249 702 385 753 Paeti
421 701 699 764 declinans,
739 700 889 751 multa
932 699 1266 764 auctoritate,
1306 715 1435 766 quae
1473 700 1585 752 viro
1631 700 1832 753 militari
1873 715 1967 767 pro
2008 702 2089 753 fa-

214 803 235 838 5
253 792 434 843 cundia
489 795 612 843 erat.

685 791 804 842 Mox
854 790 952 841 iter
1002 779 1157 841 Lucio
1211 789 1418 841 Lucullo
1457 785 1709 857 quondam
1754 798 2085 859 penetratum,
2103 802 2173 850 27

252 884 438 950 apertis
476 876 605 949 quae
641 887 866 934 vetustas
909 882 1255 948 obsaepserat,
1293 882 1475 949 pergit.

1548 883 1610 934 Et
1654 875 1918 936 venientes
1955 884 2089 935 Tiri-

253 975 382 1026 datis
420 974 794 1042 Vologesisque
836 973 898 1024 de
938 988 1063 1039 pace
1102 973 1301 1041 legatos
1342 973 1475 1024 haud
1508 979 1823 1040 aspernatus,
1859 968 2090 1043 adiungit

253 1067 316 1117 iis
361 1066 685 1117 centuriones
725 1081 835 1115 cum
876 1064 1123 1115 mandatis
1163 1079 1266 1115 non
1297 1064 1596 1116 immitibus:
1634 1080 1732 1117 nec
1768 1066 1899 1118 enim
1925 1066 2091 1118 adhuc

253 1172 315 1208 eo
353 1162 555 1208 ventum
594 1161 648 1207 ut
686 1156 962 1207 certamine
997 1160 1224 1207 extremo
1264 1169 1389 1222 opus
1429 1160 1581 1208 esset.

1655 1156 1806 1208 Multa
1847 1157 2089 1209 Romanis

191 1244 475 1300 wsecunda
496 1287 509 1313 ,
568 1247 815 1314 quaedam
850 1246 1044 1298 Parthis
1076 1247 1340 1311 evenisse,
1380 1246 1683 1299 documento
1721 1247 1966 1300 adversus
2000 1263 2093 1301 su-

252 1340 494 1407 perbiam.
548 1339 766 1390 Proinde
792 1345 841 1391 et
865 1339 1074 1390 Tiridati
1117 1339 1408 1390 conducere
1443 1339 1684 1390 intactum
1722 1340 2090 1392 vastationibus

253 1447 467 1498 regnum
504 1431 639 1482 dono
679 1431 932 1496 accipere,
979 1435 1028 1481 et
1064 1430 1359 1497 Vologesen
1393 1430 1572 1482 melius
1595 1430 1844 1482 societate
1865 1431 2092 1483 Romana

257 1537 404 1588 quam
458 1521 654 1572 damnis
724 1521 907 1572 mutuis
969 1520 1107 1588 genti
1167 1520 1463 1571 Parthorum
1514 1521 1874 1572 consulturum.
1948 1519 2094 1575 Scire

259 1617 496 1678 quantum
533 1612 666 1663 intus
688 1612 1076 1676 discordiarum,
1118 1627 1365 1678 quamque
1390 1611 1660 1664 indomitas
1687 1617 1737 1663 et
1762 1612 2092 1678 praeferoces

193 1717 239 1754 ¹5
257 1704 490 1755 nationes
548 1708 769 1771 regeret.

846 1704 1030 1755 Contra
1087 1703 1381 1769 imperatori
1434 1718 1527 1755 suo
1588 1704 1844 1755 immotam
1905 1703 2093 1770 ubique

255 1810 431 1861 pacem
472 1799 521 1845 et
554 1809 706 1844 unum
744 1793 794 1844 id
838 1793 1021 1844 bellum
1065 1809 1197 1845 esse.
1256 1794 1411 1846 Simul
1445 1794 1661 1845 consilio
1695 1799 1945 1846 terrorem
1978 1794 2095 1845 adi-

259 1901 395 1949 cere,
436 1890 486 1936 et
521 1887 832 1953 megistanas
871 1885 1174 1949 ArmeniOS,
1216 1885 1300 1951 qui
1337 1885 1482 1951 primi
1520 1902 1548 1936 a
1585 1885 1734 1937 nobis
1777 1885 2090 1950 defecerant,

254 1977 392 2043 pellit
428 1976 664 2040 sedibus,
718 1976 925 2028 castella
963 1991 1138 2027 eorum
1174 1976 1428 2040 excindit,
1480 1975 1630 2042 plana
1669 1976 1804 2028 edita
1831 2014 1846 2042 ,
1891 1975 2094 2029 validos

254 2068 609 2134 invalidosque
670 2068 781 2134 pari
829 2072 964 2119 metu
1022 2068 1252 2134 complet.

378 2223 416 2264 1.
450 2221 686 2263 tramittere
717 2220 798 2274 Μ3,

257 2294 368 2321 nem.

258 2338 602 2382 Freinshemius.

259 2398 339 2440 1113.
423 2400 489 2442 10.

674 2342 714 2383 5.
753 2340 801 2382 L.
838 2338 914 2382 1113.

526 2400 760 2440 clocimento
797 2398 873 2440 Ma.

260 2458 303 2498 id
338 2463 403 2499 est
435 2459 641 2513 perinde:
674 2458 707 2500 G
740 2458 936 2514 proinde.

260 2531 434 2571 qessem.
532 2520 599 2560 14.
645 2531 838 2571 quanque
874 2516 952 2560 1113.

261 2583 377 2617 mota
408 2574 489 2618 Ma.
588 2575 654 2617 18.
684 2576 837 2631 pelluit
869 2576 948 2619 Ma.

264 2712 472 2753 civitate:
518 2711 648 2750 immo
695 2709 904 2751 Melitene
946 2711 1132 2751 Susiana

263 2772 387 2826 regio
415 2769 520 2822 fuit,
555 2781 641 2809 non
675 2768 790 2811 urbs.
854 2768 1133 2841 Ptolemaeus

267 2829 323 2871 Vl
355 2831 381 2872 3
413 2831 457 2881 ἓ.
478 2830 529 2872 3:
564 2831 767 2872 καλεῖται
800 2828 846 2870 δὲ
882 2834 956 2872 καὶ
990 2828 1014 2882 ἢ
1043 2830 1134 2900 μὲν

269 2905 402 2946 παρα
437 2889 517 2932 τὸν
547 2893 714 2944 Τίγριν
734 2884 1131 2945 χώραΜελιιηνι.

354 2948 403 2988 de
443 2948 646 3015 auspiciis
683 2948 980 3002 imperatoris:
1029 2947 1136 2988 dicit

266 3007 462 3061 auspicia
495 3008 590 3048 eius
623 3006 696 3060 qui
729 3007 827 3048 κατ’
857 3000 1017 3062 ἐξοχὴν
1049 3008 1133 3047 im.-

266 3072 441 3119 perator
498 3071 563 3107 est
623 3064 912 3120 omnibusque
978 3067 1136 3106 ceteris

273 3126 551 3179 imperatoria
583 3123 780 3177 praebet,
814 3123 854 3165 b.
898 3138 935 3165 e.
971 3125 1137 3177 princi-

269 3188 336 3238 pis
370 3186 465 3225 sive
491 3185 765 3237 imperatoris
800 3183 998 3224 Romani.
1053 3183 1137 3225 Or.-

270 3243 383 3283 ditur
418 3244 551 3299 igitur
584 3243 636 3285 ab
671 3243 880 3296 auspiciis
913 3243 994 3283 sibi
1028 3256 1138 3284 con-

270 3304 405 3343 cessis
438 3317 459 3343 a
493 3303 682 3353 Nerone,
718 3302 925 3355 deinceps
961 3302 1138 3343 devenit-

269 3361 319 3402 ad
363 3374 432 3402 res
475 3361 542 3401 his
584 3362 792 3414 auspiciis
833 3374 854 3401 a
902 3374 949 3402 se
983 3363 1134 3416 gestis,

269 3419 396 3460 Falso
431 3421 565 3475 igitur
587 3419 827 3460 Beroaldus
849 3421 1137 3476 imperatori-is

269 3480 459 3534 scripsit,
495 3493 518 3520 a
551 3478 695 3520 multis
722 3478 959 3520 editoribus
981 3479 1136 3534 cupide

269 3544 510 3591 acceptum.

358 3595 461 3650 Cap.
496 3597 565 3639 27.

271 3651 323 3691 ad
354 3653 410 3695 111
450 3655 513 3696 17.

625 3597 833 3652 proinde:
885 3596 939 3638 ef.
985 3604 1132 3639 annot.

637 3655 773 3697 scire.-
824 3667 862 3697 v.
900 3660 1046 3699 annot.
1083 3656 1135 3699 ad

833 2222 1124 2263 transmittere
1157 2219 1204 2263 G.

494 2282 537 2322 3.
573 2280 870 2336 Imperator-iis
902 2279 1156 2323 Beroaldus.

1002 2340 1043 2383 6.
1081 2340 1322 2395 obsepserat
1360 2339 1439 2382 1113.

973 2401 1038 2441 11.
1071 2400 1200 2455 piade
1237 2412 1333 2439 cum
1366 2398 1443 2441 lin.
1481 2405 1726 2441 transversa
1761 2401 1806 2440 in
1839 2399 1922 2442 litt.
1954 2415 1981 2456 p
2012 2398 2093 2453 1113,

1031 2459 1157 2514 tyr-id.
1194 2457 1273 2500 Ma.

1049 2520 1116 2561 15.
1156 2520 1290 2574 imper
1293 2520 1426 2560 atoris
1459 2518 1551 2560 1113·

1327 2068 1441 2119 Non
1494 2067 1778 2133 infensum,
1834 2083 1932 2120 neo
1982 2077 2178 2124 cum28

1290 2222 1332 2264 2.
1367 2223 1607 2264 contionem
1639 2220 1756 2272 (ΞΜ3,
1788 2234 1878 2264 non
1912 2223 2095 2265 concio-

1273 2281 1460 2322 adverset
1491 2282 1707 2323 inscitiam
1739 2280 1868 2323 GMa:
1903 2283 2095 2324 correxit

1543 2341 1582 2383 7.
1617 2340 1705 2381 laad
1739 2338 1815 2382 1113.
1911 2340 1956 2384 8.
1988 2343 2091 2387 inm

1400 2461 1466 2500 12.
1513 2459 1733 2514 uoloyeses
1765 2457 1849 2500 Ma·
1895 2459 1929 2501 G
1965 2432 2094 2502 Volo:

1586 2517 1619 2560 G
1649 2519 1886 2574 imperator
1886 2519 1915 2559 i.
2009 2519 2093 2560 im-

1218 2709 1273 2751 111
1320 2710 1391 2753 40.
1531 2711 1793 2765 meyistanas
1836 2710 2091 2754 Armenios:

1219 2775 1319 2812 sunt
1351 2769 1524 2811 nobiles
1541 2770 1861 2822 Armeniorum,
1887 2777 1935 2811 ut
1954 2771 2093 2827 liquet

1221 2843 1274 2870 ex
1307 2830 1515 2883 proximis
1556 2830 1702 2871 verbis
1736 2829 1916 2871 castella
1947 2845 2093 2873 eorum

1220 2888 1422 2930 eaecindit.
1465 2889 1509 2929 ln
1540 2889 1662 2930 Zencl
1685 2889 1844 2931 Acesta
1874 2891 2089 2933 nominari

1221 2948 1447 2989 Mekestan
1478 2954 1631 2989 auctor
1661 2948 1869 3004 Anquetil
1899 2949 2049 2991 refert.

1313 3007 1453 3062 plana
1486 3008 1620 3061 edita,
1653 3007 1819 3049 validos
1853 3009 2092 3051 invalidos-

1224 3079 1328 3120 que:
1369 3079 1410 3107 v.
1445 3073 1592 3109 annot.
1627 3066 1680 3108 ad
1714 3067 1769 3108 xt
1800 3066 1843 3109 6.

1327 3125 1431 3179 Cap.
1486 3126 1556 3168 28.
1621 3126 1739 3167 locus
1784 3150 1839 3157 -—
1893 3125 2093 3168 barbaris

1225 3184 1407 3225 delectus
1441 3192 1526 3226 est:
1562 3185 1743 3227 Medicei
1766 3188 1977 3239 scriptura
1999 3199 2092 3226 eum

1224 3244 1421 3284 barbaris
1472 3250 1564 3284 orta
1611 3251 1675 3285 est
1727 3258 1780 3286 ex
1825 3245 2092 3299 repetitione

1224 3304 1561 3356 praepositionis
1595 3318 1688 3345 eum
1719 3304 1762 3343 in
1796 3316 1927 3346 versu
1961 3316 2091 3357 prae-

1224 3362 1408 3403 cedente
1453 3363 1575 3419 (cum
1619 3363 1800 3420 Paeto),
1853 3364 1924 3418 qui
1969 3374 2089 3404 error

1223 3427 1442 3461 auctorem
1477 3422 1640 3462 codicis
1672 3423 1704 3462 G
1724 3422 1892 3463 induxit
1919 3429 1965 3463 ut
1985 3427 2090 3462 esset

1223 3480 1531 3534 interpolaret:
1565 3481 1640 3522 sed
1666 3483 1728 3522 sic
1757 3481 1881 3523 deest
1909 3481 2087 3522 verbum

1223 3547 1281 3580 est
1315 3546 1409 3593 post
1442 3541 1610 3592 vitatus,
1644 3554 1668 3581 a
1700 3540 1922 3595 plerisque
1942 3539 2086 3581 edito-

1223 3597 1339 3639 ribus
1397 3598 1639 3641 liberaliter
1684 3599 1888 3640 additum.
1952 3598 2086 3638 l’rae-

1222 3663 1339 3699 terea
1384 3656 1640 3710 Corbuloni,
1684 3661 1729 3698 ut
1773 3661 1837 3698 est
1884 3657 1926 3697 in
1962 3656 1999 3697 A
2032 3669 2086 3698 ex
