2280 4004
226 300 252 338 δ
281 286 331 332 Ο.
368 289 437 332 14.

840 285 1004 331 LIBER
1034 286 1068 331 1.
1125 283 1238 332 Gar.
1269 285 1460 329 40-42.
1990 285 2050 328 4¹!

223 448 341 502 pars
367 432 680 501 Agrippinae
706 436 1058 496 occursanteS,
1092 430 1291 497 plurimi
1333 429 1397 481 ad
1424 426 1778 482 Germanicum
1804 428 2049 495 regressi.

227 527 377 592 Isque.
401 530 455 578 ut
484 530 593 577 erat
617 539 801 577 recens
833 523 1013 576 dolore
1041 527 1092 575 et
1117 523 1209 587 ira,
1239 521 1370 588 apud
1402 520 1737 573 circumfusos
1763 520 1833 572 ita
1866 519 2049 586 coepit.

141 615 354 670 42‘Non
390 616 512 667 mihi
547 630 679 667 uxor
716 620 800 666 aut
845 614 975 667 iilius
1010 617 1154 680 patre
1206 617 1255 665 et
1302 628 1359 664 re
1394 611 1596 678 publica
1640 611 1868 663 cariores
1907 615 2049 662 sunt:

225 710 317 761 sed
362 709 499 762 illum
540 706 742 773 quidem
799 721 890 758 sua
939 706 1207 770 maiestaS,
1262 704 1526 770 imperium
1563 705 1841 756 Romanum
1893 702 2050 754 ceteri

226 799 480 852 exercitus
519 797 810 850 defendent.

886 797 1165 864 Coniugem
1220 800 1270 847 et
1318 795 1508 847 liberos
1559 809 1731 860 meos,
1794 808 1921 862 quos
1954 803 2090 861 pros

225 889 392 957 gloria
423 894 594 942 vestra
623 889 787 940 libens
821 889 886 941 ad
920 888 1124 941 exitium
1151 886 1404 952 offerrem,
1441 901 1576 938 nunc
1595 887 1773 953 procul
1807 902 1836 938 a
1875 887 2053 939 suren-

225 980 358 1034 tibus
403 994 729 1045 summoveO,
783 984 838 1030 ut
893 978 1137 1046 quidquid
1179 979 1309 1030 istuc
1359 978 1570 1030 sceleris
1625 978 1879 1043 imminet,
1937 978 2051 1029 meo

227 1055 415 1133 tantum
445 1072 697 1139 sanguine
726 1071 908 1137 pietur,
944 1086 1075 1122 neve
1109 1070 1311 1121 occisus
1332 1070 1550 1136 Augusti
1583 1084 1857 1136 pronepoS,
1892 1070 2056 1121 inter-

228 1165 363 1216 fecta
398 1163 587 1215 Tiberii
645 1178 800 1215 nurus
851 1161 1181 1213 nocentiores
1218 1174 1313 1211 vos
1367 1160 1539 1211 saciat.

148 1239 152 1242 Δ
226 1254 322 1307 hos
372 1255 482 1307 dies
532 1255 763 1306 inausum
807 1253 1224 1305 intemeratumve
1275 1250 1460 1301 vobis?

1615 1160 1746 1221 Quid
1795 1161 1925 1211 enim
1962 1175 2055 1226 per

1532 1249 1676 1312 Quod
1715 1265 1902 1302 nomen
1936 1251 2118 1304 huicw

229 1347 396 1403 coetui
436 1345 605 1398 dabo?
640 1345 893 1399 Militesne
927 1343 1189 1410 appellem,
1232 1343 1316 1409 qui
1351 1342 1503 1393 filium
1540 1342 1860 1408 imperatoris
1897 1343 2055 1394 vestri

226 1438 362 1492 vallo
403 1443 453 1489 et
489 1437 643 1490 armis
683 1434 1108 1499 circumsedistis,
1152 1449 1217 1485 an
1258 1434 1428 1498 civeS,
1478 1432 1657 1498 quibus
1692 1438 1792 1485 tam
1827 1434 2055 1499 proiecta

228 1533 436 1582 senatus
477 1527 796 1581 auctoritas?
862 1527 1093 1579 Hostium
1136 1540 1338 1592 quoque
1376 1526 1454 1607 ius
1502 1532 1552 1578 et
1597 1541 1746 1579 sacra
1783 1525 2055 1592 legationis

230 1625 280 1673 et
335 1620 412 1672 sas
464 1619 690 1687 gentium
744 1618 967 1684 rupistis.

1049 1618 1208 1669 Divus
1242 1617 1394 1669 Iulius
1447 1617 1750 1669 seditionem
1802 1616 2056 1668 exercitus

228 1711 390 1763 verbo
440 1725 543 1764 uno
595 1709 932 1775 compescuit,
999 1707 1223 1769 Quirites
1274 1707 1510 1758 vocando
1557 1708 1641 1774 qui
1687 1711 2056 1760 sacramentum
2074 1719 2123 1758 n

231 1802 341 1854 eius
383 1801 751 1855 detractabant.

229 1893 462 1961 legiones
495 1892 755 1947 exterruit.

826 1800 984 1853 Divus
1022 1801 1283 1866 Augustus
1321 1798 1459 1850 vultu
1499 1803 1548 1850 et
1585 1803 1792 1865 aspectu
1817 1798 2058 1850 Actiacas

828 1891 934 1945 Nos
966 1895 1020 1944 ut
1055 1890 1279 1943 nondum
1315 1890 1541 1956 eosdem,
1581 1891 1649 1941 ita
1688 1907 1752 1942 ex
1788 1890 1887 1941 illis
1920 1895 2060 1942 ortos

229 1985 275 2036 si
312 1984 588 2051 Hispaniae
625 1983 868 2050 Syriaeve
920 1982 1065 2036 miles
1115 1987 1505 2048 aspernaretur,
1562 1987 1730 2033 tamen
1781 1982 1959 2032 mirum
2012 1984 2061 2032 et

227 2073 487 2141 indignum
542 2077 665 2125 erat.

352 2227 395 2269 2.
428 2233 532 2282 aput
562 2225 617 2268 M.
680 2226 724 2269 8.
754 2238 971 2282 pronepus
1000 2224 1055 2267 M.

233 2285 411 2328 etabant
440 2286 497 2340 M,
531 2285 609 2328 scd
641 2298 680 2328 c.
711 2285 769 2328 45
802 2285 1072 2332 detrectetur.

322 2413 509 2466 Quirites
541 2411 762 2457 vocando.-
805 2412 967 2455 accidit
997 2410 1107 2453 illud

231 2484 344 2513 anno
381 2473 481 2525 707,
516 2484 612 2514 cum
635 2470 796 2514 Caesar
827 2485 880 2513 ex
902 2472 1107 2528 Aegypto

231 2531 420 2574 Romam
439 2531 595 2573 rediit:
613 2530 698 2573 Dio
711 2529 822 2584 XLII
834 2531 905 2574 53.
925 2531 1107 2574 Sueton.

233 2587 363 2633 Caes.
397 2591 468 2634 70.
531 2590 757 2646 Appianus
797 2590 847 2633 B.
883 2587 932 2632 C.
964 2589 1001 2632 ΙΙ
1034 2589 1105 2633 93.

217 2648 454 2693 Plutarch.
505 2648 617 2692 Caes
672 2663 710 2692 c.
762 2650 835 2693 51.
896 2648 1106 2704 Polyaen.

233 2709 502 2766 Strategem.
538 2707 634 2752 v111
665 2710 737 2754 23.
770 2708 954 2751 Frontin
985 2709 1108 2753 Stra-

231 2773 324 2824 teg.
360 2768 378 2810 1
410 2767 452 2813 9.
484 2767 647 2811 Lucan.
684 2768 721 2810 V
753 2768 869 2811 357:
903 2769 1107 2811 discedite

234 2829 406 2881 castris,
439 2828 596 2870 tradite
637 2835 789 2870 nostra
821 2828 927 2870 viris
959 2828 1109 2884 iynavi

233 2887 361 2942 signa
395 2886 596 2939 Quirites.
660 2886 852 2938 Quirites
893 2892 994 2928 sunt
1033 2888 1107 2941 qui

237 2944 352 2986 domi
387 2944 542 2986 civilia
572 2951 776 2998 tractant,
810 2951 992 2988 eatenus
1025 2957 1108 2998 op-

234 3004 368 3056 positi
394 3003 620 3056 militibus,
646 3010 689 3046 et
711 3004 795 3046 hac
815 3016 926 3047 voce
946 3004 1108 3046 milites

234 3062 458 3104 turbantes
491 3076 542 3105 ac
564 3062 679 3104 dona
701 3063 784 3105 sibi
808 3065 1000 3118 promitti
1028 3077 1108 3106 ex-

236 3127 464 3175 pectantes
481 3122 650 3165 solutos
669 3136 766 3166 esse
777 3123 935 3166 militia
948 3122 1110 3166 Caesar

237 3181 497 3225 declaravit.

323 3239 438 3282 vultu
470 3247 508 3282 et
539 3249 712 3298 aspectu
733 3240 939 3285 Actiacas
971 3240 1109 3296 189ἰο-

236 3311 311 3340 nes
364 3301 598 3341 exterruit.-
663 3299 781 3342 vultu
833 3308 872 3342 et
937 3307 1110 3355 aspectu

238 3356 462 3399 rhetorice
484 3357 616 3410 addit,
649 3365 694 3399 ut
710 3361 766 3400 sit
787 3358 902 3413 quod
922 3371 1109 3412 respon-

239 3415 338 3457 deat
385 3416 513 3458 verbo
554 3429 668 3457 uno.-
713 3423 832 3459 certe
873 3417 956 3458 Dio
988 3416 1040 3458 LI
1081 3418 1109 3458 3

240 3475 384 3529 (conf.
430 3475 665 3518 Suetonius
706 3476 820 3532 Aug.
871 3476 947 3532 17)
1001 3475 1110 3516 alias

238 3533 427 3590 Augusti
460 3541 575 3576 artes
606 3534 788 3576 rettulit.

316 3595 470 3636 mirum
492 3601 531 3636 et
551 3594 641 3635 iud.
665 3600 785 3635 erat.-
820 3591 971 3634 eadem
992 3597 1110 3634 stru-

242 3655 365 3696 ctura
387 3651 480 3697 fl.1
511 3651 588 3697 16:
620 3653 658 3697 si
678 3654 923 3699 immensum
943 3649 1113 3711 imperii

737 2071 968 2127 Primane
1022 2075 1072 2123 et
1104 2071 1349 2126 vicesima
1388 2071 1646 2140 legioneS,
1698 2072 1782 2124 illa
1833 2072 1995 2139 signis
2031 2086 2060 2121 a

1146 2224 1187 2267 9.
1217 2238 1346 2281 peros
1377 2237 1594 2279 superscr.
1629 2225 1656 2268 h
1687 2225 1742 2268 M.
1810 2225 1877 2268 16.
1912 2226 2061 2269 detra-

1150 2284 1216 2327 19.
1249 2286 1479 2327 vicessima
1503 2286 1558 2327 M.

1194 2425 1347 2467 corpus
1378 2418 1495 2453 stare
1519 2426 1573 2455 ac
1597 2412 1753 2455 librari
1774 2414 1865 2457 sine
1896 2419 2063 2455 rectore

1187 2478 1341 2527 posset,
1375 2471 1527 2527 diguus
1564 2486 1683 2513 eram
1713 2486 1742 2514 a
1771 2487 1850 2527 quo
1881 2487 1951 2515 res
1980 2488 2063 2529 pa-

1193 2530 1306 2572 blica
1340 2530 1574 2587 inciperem
1626 2531 1781 2575 similis
1819 2538 1885 2574 est
1928 2532 2062 2576 135:

1191 2592 1356 2645 ferrum
1388 2615 1444 2623 —
1474 2591 1693 2646 deferebat
1722 2592 1769 2633 in
1798 2598 1970 2648 pectus,
2017 2592 2066 2633 ni

1187 2649 1378 2705 prooe'vni
1419 2651 1704 2693 detinuissent.
1783 2650 1850 2694 Of.
1882 2650 1901 2692 l
1932 2650 1989 2694 63
2022 2656 2066 2692 et

1193 2708 1264 2761 65,
1287 2707 1383 2749 XIII
1405 2711 1447 2752 2.
1502 2710 1573 2752 Sic
1595 2710 1647 2751 A.
1674 2712 1696 2755 1
1715 2724 1725 2751 ε
1759 2725 1861 2767 opus
1880 2711 1961 2765 suit
1985 2723 2064 2764 pro

1193 2781 1295 2824 opus
1326 2769 1506 2822 ficisset,-
1540 2768 1592 2811 H.
1611 2768 1668 2810 111
1687 2771 1768 2813 22:
1813 2768 2065 2813 Vitellianus

1193 2828 1419 2879 exercitus,
1438 2829 1507 2868 cui
1527 2830 1799 2881 acquiescere
1826 2829 2064 2871 Cremonae

1192 2910 1249 2919 -·-
1270 2887 1384 2927 ratio
1407 2887 1503 2941 fuit.
1551 2887 1888 2944 Bezzenberger
1910 2889 2065 2930 conie-

1194 2945 1253 2986 cit
1283 2952 1404 2987 esset.
1470 2946 1599 2988 Nunc
1623 2948 1782 3005 prima.
1862 2955 1901 2990 et
1946 2948 2064 2990 vice-

1191 3004 1301 3045 sima
1333 3004 1521 3060 le9iones
1552 3031 1608 3039 —-
1630 3008 1819 3062 qratiam
1852 3007 2066 3062 refertis?

1192 3063 1436 3106 'l'heodisce
1468 3066 1787 3119 interpretare:
1820 3067 1912 3107 seid
1931 3066 2002 3107 ilir
2022 3079 2065 3108 es

1192 3123 1313 3164 nicht
1344 3130 1453 3165 erste
1492 3125 1582 3165 und
1617 3126 1867 3181 zwanziyste
1901 3126 2065 3180 Leqion

1195 3206 1250 3213 -
1269 3182 1336 3222 die
1361 3182 1433 3223 ilar
1464 3197 1607 3224 eurem
1632 3184 1798 3226 Falarem·
1830 3185 1955 3225 einen
1990 3184 2064 3224 be-

1193 3240 1382 3281 sondern
1414 3241 1545 3282 Dante
1577 3243 1808 3284 abstattet?
1858 3243 2064 3297 Vulgaris

1194 3304 1411 3340 structura
1454 3300 1703 3352 postulabat
1745 3302 1887 3356 prima
1927 3308 1965 3342 et
1995 3302 2064 3343 vi-

1196 3359 1354 3399 cesima
1395 3356 1585 3414 legiones
1616 3385 1670 3392 —
1704 3361 1975 3416 eqreyiamne
2007 3383 2064 3397 -ι

1194 3415 1404 3471 refertis?

1282 3474 1362 3515 illa
1402 3476 1535 3530 siquis
1581 3489 1609 3517 a
1646 3476 1809 3518 Tiberio
1848 3478 2062 3533 acceptis:

1197 3533 1280 3574 hoc
1313 3533 1476 3575 factum
1521 3541 1587 3577 est
1618 3536 1732 3577 haud
1780 3536 1910 3578 dubie
1943 3543 2062 3589 tunc,

1197 3605 1294 3634 cum
1314 3593 1510 3636 Tiberius
1543 3594 1690 3637 audita
1723 3595 1847 3638 clade
1874 3597 2063 3639 Variana

1195 3653 1330 3697 missu
1341 3653 1528 3712 Augusti
1548 3655 1774 3699 contendit
1793 3655 1846 3698 ad
1864 3655 2062 3702 Rhenum
