<?xml version="1.0" encoding="UTF-8"?>
<!DOCTYPE html PUBLIC "-//W3C//DTD XHTML 1.0 Transitional//EN"
    "http://www.w3.org/TR/xhtml1/DTD/xhtml1-transitional.dtd">
<html xmlns="http://www.w3.org/1999/xhtml" xml:lang="en" lang="en">
 <head>
  <title>
</title>
<meta http-equiv="Content-Type" content="text/html;charset=utf-8" />
  <meta name='ocr-system' content='tesseract 3.04.00' />
  <meta name='ocr-capabilities' content='ocr_page ocr_carea ocr_par ocr_line ocrx_word'/>
</head>
<body>
  <div class='ocr_page' id='page_1' title='image "./operaadcodicesan01taciuoft_0404.png"; bbox 0 0 2280 4004; ppageno 0'>
   <div class='ocr_carea' id='block_1_1' title="bbox 212 237 2038 297">
    <p class='ocr_par' dir='ltr' id='par_1_1' title="bbox 212 237 2038 297">
     <span class='ocr_line' id='line_1_1' title="bbox 212 237 2038 297; baseline -0.001 -10"><span class='ocrx_word' id='word_1_1' title='bbox 212 252 303 297; x_wconf 62' lang='lat' dir='ltr'><strong>m</strong></span> <span class='ocrx_word' id='word_1_2' title='bbox 977 240 1266 287; x_wconf 77' lang='lat' dir='ltr'>ANNALIVM</span> <span class='ocrx_word' id='word_1_3' title='bbox 1786 254 1828 285; x_wconf 78' lang='lat' dir='ltr'><strong>a.</strong></span> <span class='ocrx_word' id='word_1_4' title='bbox 1851 242 1904 285; x_wconf 66' lang='grc'><strong>’1.</strong></span> <span class='ocrx_word' id='word_1_5' title='bbox 1937 237 2038 288; x_wconf 70' lang='grc'><strong>785.</strong></span> 
     </span>
    </p>
   </div>
   <div class='ocr_carea' id='block_1_2' title="bbox 144 376 2132 1362">
    <p class='ocr_par' dir='ltr' id='par_1_2' title="bbox 144 376 2132 1362">
     <span class='ocr_line' id='line_1_2' title="bbox 354 376 2043 447; baseline 0 -9"><span class='ocrx_word' id='word_1_6' title='bbox 354 387 449 438; x_wconf 87' lang='lat' dir='ltr'><strong>Per</strong></span> <span class='ocrx_word' id='word_1_7' title='bbox 492 382 626 437; x_wconf 88' lang='lat' dir='ltr'><strong>idem</strong></span> <span class='ocrx_word' id='word_1_8' title='bbox 674 386 866 447; x_wconf 83' lang='lat' dir='ltr'><strong>tempus</strong></span> <span class='ocrx_word' id='word_1_9' title='bbox 905 376 1089 432; x_wconf 88' lang='lat' dir='ltr'><strong>Lucius</strong></span> <span class='ocrx_word' id='word_1_10' title='bbox 1125 376 1241 429; x_wconf 89' lang='lat' dir='ltr'><strong>Piso</strong></span> <span class='ocrx_word' id='word_1_11' title='bbox 1280 376 1535 444; x_wconf 82' lang='lat' dir='ltr'><strong>pontifex,</strong></span> <span class='ocrx_word' id='word_1_12' title='bbox 1591 393 1761 435; x_wconf 82' lang='lat' dir='ltr'><strong>rarum</strong></span> <span class='ocrx_word' id='word_1_13' title='bbox 1803 381 1858 436; x_wconf 84' lang='lat' dir='ltr'><strong>in</strong></span> <span class='ocrx_word' id='word_1_14' title='bbox 1899 387 2043 439; x_wconf 71' lang='lat' dir='ltr'><strong>tanta</strong></span> 
     </span>
     <span class='ocr_line' id='line_1_3' title="bbox 219 468 2040 542; baseline -0.002 -11"><span class='ocrx_word' id='word_1_15' title='bbox 219 475 538 539; x_wconf 81' lang='lat' dir='ltr'>claritudine,</span> <span class='ocrx_word' id='word_1_16' title='bbox 563 472 666 525; x_wconf 92' lang='lat' dir='ltr'><strong>fato</strong></span> <span class='ocrx_word' id='word_1_17' title='bbox 708 470 849 536; x_wconf 88' lang='lat' dir='ltr'><strong>obiit,</strong></span> <span class='ocrx_word' id='word_1_18' title='bbox 888 469 1074 523; x_wconf 90' lang='lat' dir='ltr'><strong>nullius</strong></span> <span class='ocrx_word' id='word_1_19' title='bbox 1102 468 1305 522; x_wconf 88' lang='lat' dir='ltr'><strong>servilis</strong></span> <span class='ocrx_word' id='word_1_20' title='bbox 1327 470 1609 523; x_wconf 89' lang='lat' dir='ltr'><strong>sententiae</strong></span> <span class='ocrx_word' id='word_1_21' title='bbox 1645 478 1825 540; x_wconf 83' lang='lat' dir='ltr'><strong>sponte</strong></span> <span class='ocrx_word' id='word_1_22' title='bbox 1846 478 2040 542; x_wconf 57' lang='lat' dir='ltr'><strong>suetos,</strong></span> 
     </span>
     <span class='ocr_line' id='line_1_4' title="bbox 217 560 2043 635; baseline -0.001 -14"><span class='ocrx_word' id='word_1_23' title='bbox 217 575 269 623; x_wconf 88' lang='lat' dir='ltr'><strong>et</strong></span> <span class='ocrx_word' id='word_1_24' title='bbox 305 567 538 635; x_wconf 84' lang='lat' dir='ltr'><strong>quotiens</strong></span> <span class='ocrx_word' id='word_1_25' title='bbox 570 562 854 616; x_wconf 82' lang='lat' dir='ltr'><strong>necessitas</strong></span> <span class='ocrx_word' id='word_1_26' title='bbox 879 561 1158 629; x_wconf 79' lang='lat' dir='ltr'><strong>ingrueret,</strong></span> <span class='ocrx_word' id='word_1_27' title='bbox 1196 560 1453 628; x_wconf 81' lang='lat' dir='ltr'><strong>sapienter</strong></span> <span class='ocrx_word' id='word_1_28' title='bbox 1487 563 1777 616; x_wconf 78' lang='lat' dir='ltr'><strong>moderans,</strong></span> <span class='ocrx_word' id='word_1_29' title='bbox 1848 564 2043 620; x_wconf 75' lang='lat' dir='ltr'><strong>Patrem</strong></span> 
     </span>
     <span class='ocr_line' id='line_1_5' title="bbox 218 652 2046 722; baseline -0.002 -11"><span class='ocrx_word' id='word_1_30' title='bbox 218 660 267 711; x_wconf 91' lang='lat' dir='ltr'><strong>ei</strong></span> <span class='ocrx_word' id='word_1_31' title='bbox 304 655 594 710; x_wconf 89' lang='lat' dir='ltr'><strong>censorium</strong></span> <span class='ocrx_word' id='word_1_32' title='bbox 635 654 797 708; x_wconf 87' lang='lat' dir='ltr'><strong>fuisse</strong></span> <span class='ocrx_word' id='word_1_33' title='bbox 831 652 1135 716; x_wconf 56' lang='lat' dir='ltr'><strong>memoravi,</strong></span> <span class='ocrx_word' id='word_1_34' title='bbox 1171 656 1312 704; x_wconf 87' lang='lat' dir='ltr'><strong>aetas</strong></span> <span class='ocrx_word' id='word_1_35' title='bbox 1352 652 1418 704; x_wconf 89' lang='lat' dir='ltr'><strong>ad</strong></span> <span class='ocrx_word' id='word_1_36' title='bbox 1457 653 1826 722; x_wconf 85' lang='lat' dir='ltr'><strong>octogesimum</strong></span> <span class='ocrx_word' id='word_1_37' title='bbox 1860 654 2046 713; x_wconf 73' lang='lat' dir='ltr'><strong>annum</strong></span> 
     </span>
     <span class='ocr_line' id='line_1_6' title="bbox 144 741 2048 817; baseline -0.003 -14"><span class='ocrx_word' id='word_1_38' title='bbox 144 741 500 817; x_wconf 59' lang='lat' dir='ltr'><strong>&#39;5proc&#39;essit3</strong></span> <span class='ocrx_word' id='word_1_39' title='bbox 538 747 697 799; x_wconf 89' lang='lat' dir='ltr'><strong>decus</strong></span> <span class='ocrx_word' id='word_1_40' title='bbox 734 743 1032 812; x_wconf 88' lang='lat' dir='ltr'><strong>triumphale</strong></span> <span class='ocrx_word' id='word_1_41' title='bbox 1070 742 1122 794; x_wconf 92' lang='lat' dir='ltr'><strong>in</strong></span> <span class='ocrx_word' id='word_1_42' title='bbox 1162 742 1375 796; x_wconf 88' lang='lat' dir='ltr'><strong>Thracia</strong></span> <span class='ocrx_word' id='word_1_43' title='bbox 1414 749 1682 798; x_wconf 87' lang='lat' dir='ltr'><strong>meruerat.</strong></span> <span class='ocrx_word' id='word_1_44' title='bbox 1756 746 1858 799; x_wconf 88' lang='lat' dir='ltr'><strong>Sed</strong></span> <span class='ocrx_word' id='word_1_45' title='bbox 1893 758 2048 814; x_wconf 62' lang='lat' dir='ltr'><strong>prae-</strong></span> 
     </span>
     <span class='ocr_line' id='line_1_7' title="bbox 221 835 2048 908; baseline 0.001 -16"><span class='ocrx_word' id='word_1_46' title='bbox 221 840 368 908; x_wconf 86' lang='lat' dir='ltr'><strong>cipua</strong></span> <span class='ocrx_word' id='word_1_47' title='bbox 403 856 467 893; x_wconf 88' lang='lat' dir='ltr'><strong>ex</strong></span> <span class='ocrx_word' id='word_1_48' title='bbox 515 854 578 892; x_wconf 88' lang='lat' dir='ltr'><strong>eo</strong></span> <span class='ocrx_word' id='word_1_49' title='bbox 613 837 813 906; x_wconf 85' lang='lat' dir='ltr'><strong>gloria,</strong></span> <span class='ocrx_word' id='word_1_50' title='bbox 874 835 1009 903; x_wconf 88' lang='lat' dir='ltr'><strong>quod</strong></span> <span class='ocrx_word' id='word_1_51' title='bbox 1050 835 1337 902; x_wconf 83' lang='lat' dir='ltr'><strong>praefectus</strong></span> <span class='ocrx_word' id='word_1_52' title='bbox 1373 835 1486 888; x_wconf 91' lang='lat' dir='ltr'><strong>urbi</strong></span> <span class='ocrx_word' id='word_1_53' title='bbox 1534 851 1718 890; x_wconf 86' lang='lat' dir='ltr'><strong>recens</strong></span> <span class='ocrx_word' id='word_1_54' title='bbox 1759 837 2048 893; x_wconf 84' lang='lat' dir='ltr'><strong>continuam</strong></span> 
     </span>
     <span class='ocr_line' id='line_1_8' title="bbox 219 926 2051 1000; baseline -0.001 -16"><span class='ocrx_word' id='word_1_55' title='bbox 219 935 521 1000; x_wconf 85' lang='lat' dir='ltr'><strong>potestatem</strong></span> <span class='ocrx_word' id='word_1_56' title='bbox 564 935 614 982; x_wconf 88' lang='lat' dir='ltr'><strong>et</strong></span> <span class='ocrx_word' id='word_1_57' title='bbox 652 928 924 982; x_wconf 86' lang='lat' dir='ltr'><strong>insolentia</strong></span> <span class='ocrx_word' id='word_1_58' title='bbox 960 926 1174 995; x_wconf 88' lang='lat' dir='ltr'><strong>parendi</strong></span> <span class='ocrx_word' id='word_1_59' title='bbox 1222 927 1515 995; x_wconf 86' lang='lat' dir='ltr'><strong>graviorem</strong></span> <span class='ocrx_word' id='word_1_60' title='bbox 1568 928 1695 982; x_wconf 86' lang='lat' dir='ltr'><strong>mire</strong></span> <span class='ocrx_word' id='word_1_61' title='bbox 1737 929 2051 997; x_wconf 73' lang='lat' dir='ltr'><strong>temperavit.-</strong></span> 
     </span>
     <span class='ocr_line' id='line_1_9' title="bbox 218 1018 2132 1089; baseline -0.004 -12"><span class='ocrx_word' id='word_1_62' title='bbox 218 1024 446 1089; x_wconf 81' lang='lat' dir='ltr'><strong>Namque</strong></span> <span class='ocrx_word' id='word_1_63' title='bbox 483 1026 649 1087; x_wconf 86' lang='lat' dir='ltr'><strong>antea,</strong></span> <span class='ocrx_word' id='word_1_64' title='bbox 688 1019 934 1087; x_wconf 89' lang='lat' dir='ltr'><strong>profectis</strong></span> <span class='ocrx_word' id='word_1_65' title='bbox 974 1019 1125 1071; x_wconf 91' lang='lat' dir='ltr'><strong>domo</strong></span> <span class='ocrx_word' id='word_1_66' title='bbox 1162 1018 1371 1087; x_wconf 79' lang='lat' dir='ltr'><strong>regibus</strong></span> <span class='ocrx_word' id='word_1_67' title='bbox 1405 1035 1467 1072; x_wconf 88' lang='lat' dir='ltr'><strong>ac</strong></span> <span class='ocrx_word' id='word_1_68' title='bbox 1502 1035 1622 1073; x_wconf 88' lang='lat' dir='ltr'><strong>mox</strong></span> <span class='ocrx_word' id='word_1_69' title='bbox 1655 1021 2132 1089; x_wconf 73' lang='lat' dir='ltr'><strong>inagistratibuS‚11</strong></span> 
     </span>
     <span class='ocr_line' id='line_1_10' title="bbox 224 1110 2051 1180; baseline -0.001 -13"><span class='ocrx_word' id='word_1_70' title='bbox 224 1130 291 1167; x_wconf 90' lang='lat' dir='ltr'><strong>ne</strong></span> <span class='ocrx_word' id='word_1_71' title='bbox 319 1114 441 1166; x_wconf 88' lang='lat' dir='ltr'><strong>urbs</strong></span> <span class='ocrx_word' id='word_1_72' title='bbox 483 1113 595 1166; x_wconf 89' lang='lat' dir='ltr'><strong>sine</strong></span> <span class='ocrx_word' id='word_1_73' title='bbox 641 1111 855 1179; x_wconf 90' lang='lat' dir='ltr'><strong>imperio</strong></span> <span class='ocrx_word' id='word_1_74' title='bbox 895 1111 1056 1176; x_wconf 89' lang='lat' dir='ltr'><strong>foret,</strong></span> <span class='ocrx_word' id='word_1_75' title='bbox 1118 1110 1169 1161; x_wconf 93' lang='lat' dir='ltr'><strong>in</strong></span> <span class='ocrx_word' id='word_1_76' title='bbox 1217 1115 1410 1178; x_wconf 90' lang='lat' dir='ltr'><strong>tempus</strong></span> <span class='ocrx_word' id='word_1_77' title='bbox 1463 1111 1782 1180; x_wconf 83' lang='lat' dir='ltr'><strong>deligebatur</strong></span> <span class='ocrx_word' id='word_1_78' title='bbox 1833 1113 1918 1180; x_wconf 88' lang='lat' dir='ltr'><strong>qui</strong></span> <span class='ocrx_word' id='word_1_79' title='bbox 1973 1113 2051 1165; x_wconf 88' lang='lat' dir='ltr'><strong>ius</strong></span> 
     </span>
     <span class='ocr_line' id='line_1_11' title="bbox 161 1201 2052 1268; baseline -0.002 -7"><span class='ocrx_word' id='word_1_80' title='bbox 161 1217 210 1254; x_wconf 78' lang='lat'><strong>¹0</strong></span> <span class='ocrx_word' id='word_1_81' title='bbox 225 1206 466 1262; x_wconf 87' lang='lat' dir='ltr'><strong>redderet</strong></span> <span class='ocrx_word' id='word_1_82' title='bbox 501 1222 562 1257; x_wconf 93' lang='lat' dir='ltr'><strong>ac</strong></span> <span class='ocrx_word' id='word_1_83' title='bbox 596 1203 775 1257; x_wconf 81' lang='lat' dir='ltr'><strong>subitis</strong></span> <span class='ocrx_word' id='word_1_84' title='bbox 810 1203 1099 1256; x_wconf 85' lang='lat' dir='ltr'><strong>mederetur</strong></span> <span class='ocrx_word' id='word_1_85' title='bbox 1110 1219 1124 1266; x_wconf 82' lang='lat'><em>3</em></span> <span class='ocrx_word' id='word_1_86' title='bbox 1162 1201 1429 1268; x_wconf 87' lang='lat' dir='ltr'><strong>feruntque</strong></span> <span class='ocrx_word' id='word_1_87' title='bbox 1466 1202 1528 1254; x_wconf 87' lang='lat' dir='ltr'><strong>ab</strong></span> <span class='ocrx_word' id='word_1_88' title='bbox 1564 1203 1776 1255; x_wconf 85' lang='lat' dir='ltr'><strong>Romulo</strong></span> <span class='ocrx_word' id='word_1_89' title='bbox 1812 1204 2052 1257; x_wconf 76' lang='lat' dir='ltr'><strong>Dentrem</strong></span> 
     </span>
     <span class='ocr_line' id='line_1_12' title="bbox 226 1293 2051 1362; baseline -0.003 -10"><span class='ocrx_word' id='word_1_90' title='bbox 226 1297 538 1361; x_wconf 87' lang='lat' dir='ltr'><strong>Romulium,</strong></span> <span class='ocrx_word' id='word_1_91' title='bbox 595 1300 711 1362; x_wconf 89' lang='lat' dir='ltr'><strong>post</strong></span> <span class='ocrx_word' id='word_1_92' title='bbox 767 1295 829 1346; x_wconf 89' lang='lat' dir='ltr'><strong>ab</strong></span> <span class='ocrx_word' id='word_1_93' title='bbox 872 1293 1012 1346; x_wconf 85' lang='lat' dir='ltr'><strong>Tullo</strong></span> <span class='ocrx_word' id='word_1_94' title='bbox 1065 1293 1281 1346; x_wconf 90' lang='lat' dir='ltr'><strong>Hostilio</strong></span> <span class='ocrx_word' id='word_1_95' title='bbox 1330 1294 1539 1345; x_wconf 84' lang='lat' dir='ltr'><strong>Numam</strong></span> <span class='ocrx_word' id='word_1_96' title='bbox 1589 1294 1831 1346; x_wconf 82' lang='lat' dir='ltr'><strong>Marcium</strong></span> <span class='ocrx_word' id='word_1_97' title='bbox 1889 1300 1939 1348; x_wconf 84' lang='lat' dir='ltr'><strong>et</strong></span> <span class='ocrx_word' id='word_1_98' title='bbox 1987 1295 2051 1358; x_wconf 75' lang='lat' dir='ltr'><strong>al}</strong></span> 
     </span>
    </p>
   </div>
   <div class='ocr_carea' id='block_1_3' title="bbox 225 1384 1683 1456">
    <p class='ocr_par' dir='ltr' id='par_1_3' title="bbox 225 1384 1683 1456">
     <span class='ocr_line' id='line_1_13' title="bbox 225 1384 1683 1456; baseline -0.006 -12"><span class='ocrx_word' id='word_1_99' title='bbox 225 1388 500 1456; x_wconf 85' lang='lat' dir='ltr'><strong>Tarquinio</strong></span> <span class='ocrx_word' id='word_1_100' title='bbox 539 1387 766 1454; x_wconf 88' lang='lat' dir='ltr'><strong>Superbo</strong></span> <span class='ocrx_word' id='word_1_101' title='bbox 806 1386 1038 1452; x_wconf 90' lang='lat' dir='ltr'><strong>Spurium</strong></span> <span class='ocrx_word' id='word_1_102' title='bbox 1076 1385 1360 1438; x_wconf 89' lang='lat' dir='ltr'><strong>Lucretium</strong></span> <span class='ocrx_word' id='word_1_103' title='bbox 1404 1384 1683 1451; x_wconf 87' lang='lat' dir='ltr'><strong>impositos.</strong></span> 
     </span>
    </p>
   </div>
   <div class='ocr_carea' id='block_1_4' title="bbox 226 1519 929 1626">
    <p class='ocr_par' dir='ltr' id='par_1_4' title="bbox 226 1519 929 1626">
     <span class='ocr_line' id='line_1_14' title="bbox 346 1519 929 1578; baseline -0.003 -15"><span class='ocrx_word' id='word_1_104' title='bbox 346 1524 384 1564; x_wconf 91' lang='lat'><strong>1.</strong></span> <span class='ocrx_word' id='word_1_105' title='bbox 419 1521 470 1563; x_wconf 89' lang='lat' dir='ltr'><strong>L.</strong></span> <span class='ocrx_word' id='word_1_106' title='bbox 504 1521 560 1563; x_wconf 83' lang='lat' dir='ltr'><strong>M.</strong></span> <span class='ocrx_word' id='word_1_107' title='bbox 654 1523 695 1563; x_wconf 88' lang='grc'><strong>2.</strong></span> <span class='ocrx_word' id='word_1_108' title='bbox 729 1519 844 1578; x_wconf 77' lang='lat' dir='ltr'><strong>obiid</strong></span> <span class='ocrx_word' id='word_1_109' title='bbox 875 1519 929 1561; x_wconf 99' lang='grc' dir='ltr'><strong>Μ.</strong></span> 
     </span>
     <span class='ocr_line' id='line_1_15' title="bbox 226 1579 803 1626; baseline -0.009 0"><span class='ocrx_word' id='word_1_110' title='bbox 226 1583 294 1626; x_wconf 82' lang='lat' dir='ltr'><strong>M:</strong></span> <span class='ocrx_word' id='word_1_111' title='bbox 329 1581 520 1624; x_wconf 84' lang='lat' dir='ltr'><strong>correxit</strong></span> <span class='ocrx_word' id='word_1_112' title='bbox 551 1579 803 1622; x_wconf 86' lang='lat' dir='ltr'><strong>Rhenanus.</strong></span> 
     </span>
    </p>
   </div>
   <div class='ocr_carea' id='block_1_5' title="bbox 228 1678 1110 3683">
    <p class='ocr_par' dir='ltr' id='par_1_5' title="bbox 228 1678 1099 2095">
     <span class='ocr_line' id='line_1_16' title="bbox 317 1678 1098 1739; baseline -0.003 -14"><span class='ocrx_word' id='word_1_113' title='bbox 317 1683 369 1726; x_wconf 89' lang='lat' dir='ltr'><strong>L.</strong></span> <span class='ocrx_word' id='word_1_114' title='bbox 392 1682 487 1724; x_wconf 78' lang='lat' dir='ltr'><strong>Piso</strong></span> <span class='ocrx_word' id='word_1_115' title='bbox 509 1681 732 1739; x_wconf 73' lang='lat' dir='ltr'><strong>pontifeoe:</strong></span> <span class='ocrx_word' id='word_1_116' title='bbox 761 1678 930 1722; x_wconf 82' lang='lat' dir='ltr'><strong>‘nescio</strong></span> <span class='ocrx_word' id='word_1_117' title='bbox 955 1693 1008 1722; x_wconf 84' lang='lat' dir='ltr'><strong>an</strong></span> <span class='ocrx_word' id='word_1_118' title='bbox 1043 1696 1098 1724; x_wconf 88' lang='lat' dir='ltr'><strong>ex</strong></span> 
     </span>
     <span class='ocr_line' id='line_1_17' title="bbox 228 1739 1095 1795; baseline -0.003 -9"><span class='ocrx_word' id='word_1_119' title='bbox 228 1745 345 1786; x_wconf 87' lang='lat' dir='ltr'><strong>notis</strong></span> <span class='ocrx_word' id='word_1_120' title='bbox 386 1754 527 1794; x_wconf 88' lang='lat' dir='ltr'><strong>error,</strong></span> <span class='ocrx_word' id='word_1_121' title='bbox 563 1739 929 1795; x_wconf 87' lang='lat' dir='ltr'><strong>scribendumque</strong></span> <span class='ocrx_word' id='word_1_122' title='bbox 961 1739 1006 1782; x_wconf 90' lang='lat' dir='ltr'><strong>P.</strong></span> <span class='ocrx_word' id='word_1_123' title='bbox 1044 1742 1095 1783; x_wconf 91' lang='lat' dir='ltr'><strong>V.</strong></span> 
     </span>
     <span class='ocr_line' id='line_1_18' title="bbox 229 1797 1097 1855; baseline -0.002 -11"><span class='ocrx_word' id='word_1_124' title='bbox 229 1803 273 1844; x_wconf 88' lang='lat' dir='ltr'><strong>id</strong></span> <span class='ocrx_word' id='word_1_125' title='bbox 307 1807 425 1844; x_wconf 82' lang='lat' dir='ltr'><strong>esset</strong></span> <span class='ocrx_word' id='word_1_126' title='bbox 460 1801 710 1855; x_wconf 84' lang='lat' dir='ltr'><strong>praefectus</strong></span> <span class='ocrx_word' id='word_1_127' title='bbox 743 1797 867 1840; x_wconf 68' lang='lat' dir='ltr'><strong>urbi?</strong></span> <span class='ocrx_word' id='word_1_128' title='bbox 905 1799 1097 1842; x_wconf 72' lang='lat' dir='ltr'><strong>stms.</strong></span> 
     </span>
     <span class='ocr_line' id='line_1_19' title="bbox 228 1858 1097 1915; baseline -0.003 -11"><span class='ocrx_word' id='word_1_129' title='bbox 228 1862 459 1915; x_wconf 80' lang='lat' dir='ltr'><strong>Inscriptio</strong></span> <span class='ocrx_word' id='word_1_130' title='bbox 477 1859 590 1914; x_wconf 86' lang='lat' dir='ltr'><strong>apud</strong></span> <span class='ocrx_word' id='word_1_131' title='bbox 601 1859 805 1900; x_wconf 72' lang='lat' dir='ltr'><strong>Mun-ator.</strong></span> <span class='ocrx_word' id='word_1_132' title='bbox 827 1858 954 1900; x_wconf 85' lang='lat' dir='ltr'><strong>Thes.</strong></span> <span class='ocrx_word' id='word_1_133' title='bbox 967 1859 1097 1902; x_wconf 84' lang='lat' dir='ltr'><strong>inser.</strong></span> 
     </span>
     <span class='ocr_line' id='line_1_20' title="bbox 230 1917 1098 1976; baseline -0.003 -12"><span class='ocrx_word' id='word_1_134' title='bbox 230 1935 274 1976; x_wconf 87' lang='lat' dir='ltr'><strong>p.</strong></span> <span class='ocrx_word' id='word_1_135' title='bbox 298 1921 409 1963; x_wconf 79' lang='lat'><strong>584:</strong></span> <span class='ocrx_word' id='word_1_136' title='bbox 443 1920 491 1960; x_wconf 85' lang='lat' dir='ltr'><strong>L.</strong></span> <span class='ocrx_word' id='word_1_137' title='bbox 529 1917 790 1974; x_wconf 80' lang='lat' dir='ltr'><strong>Calpurnius</strong></span> <span class='ocrx_word' id='word_1_138' title='bbox 819 1917 914 1959; x_wconf 83' lang='lat' dir='ltr'><strong>Piso</strong></span> <span class='ocrx_word' id='word_1_139' title='bbox 943 1920 1098 1974; x_wconf 77' lang='lat' dir='ltr'><strong>pontif.</strong></span> 
     </span>
     <span class='ocr_line' id='line_1_21' title="bbox 233 1977 1099 2022; baseline -0.003 0"><span class='ocrx_word' id='word_1_140' title='bbox 233 1994 318 2022; x_wconf 85' lang='lat' dir='ltr'><strong>cos.</strong></span> <span class='ocrx_word' id='word_1_141' title='bbox 382 1978 448 2019; x_wconf 81' lang='lat' dir='ltr'><strong>Ad</strong></span> <span class='ocrx_word' id='word_1_142' title='bbox 477 1977 591 2019; x_wconf 87' lang='lat' dir='ltr'><strong>filios</strong></span> <span class='ocrx_word' id='word_1_143' title='bbox 616 1977 743 2018; x_wconf 89' lang='lat' dir='ltr'><strong>huius</strong></span> <span class='ocrx_word' id='word_1_144' title='bbox 762 1977 931 2018; x_wconf 86' lang='lat' dir='ltr'><strong>Pisonis</strong></span> <span class='ocrx_word' id='word_1_145' title='bbox 952 1978 1099 2020; x_wconf 83' lang='lat' dir='ltr'><strong>Artem</strong></span> 
     </span>
     <span class='ocr_line' id='line_1_22' title="bbox 231 2036 1004 2095; baseline -0.003 -14"><span class='ocrx_word' id='word_1_146' title='bbox 231 2039 450 2095; x_wconf 83' lang='lat' dir='ltr'><strong>poeticam</strong></span> <span class='ocrx_word' id='word_1_147' title='bbox 482 2050 604 2078; x_wconf 87' lang='lat' dir='ltr'><strong>suam</strong></span> <span class='ocrx_word' id='word_1_148' title='bbox 637 2037 754 2078; x_wconf 81' lang='lat' dir='ltr'><strong>misit</strong></span> <span class='ocrx_word' id='word_1_149' title='bbox 786 2036 1004 2079; x_wconf 84' lang='lat' dir='ltr'><strong>Horatius.</strong></span> 
     </span>
    </p>

    <p class='ocr_par' dir='ltr' id='par_1_6' title="bbox 230 2096 1103 2210">
     <span class='ocr_line' id='line_1_23' title="bbox 262 2096 1103 2150; baseline -0.002 -11"><span class='ocrx_word' id='word_1_150' title='bbox 262 2115 264 2117; x_wconf 94' lang='lat'>·</span> <span class='ocrx_word' id='word_1_151' title='bbox 307 2098 548 2139; x_wconf 81' lang='lat' dir='ltr'><strong>censorium</strong></span> <span class='ocrx_word' id='word_1_152' title='bbox 570 2096 701 2150; x_wconf 82' lang='lat' dir='ltr'><strong>fuisse</strong></span> <span class='ocrx_word' id='word_1_153' title='bbox 723 2097 982 2137; x_wconf 70' lang='lat' dir='ltr'><strong>memoravi.-</strong></span> <span class='ocrx_word' id='word_1_154' title='bbox 1007 2109 1103 2137; x_wconf 89' lang='lat' dir='ltr'><strong>me-</strong></span> 
     </span>
     <span class='ocr_line' id='line_1_24' title="bbox 230 2155 1101 2210; baseline -0.002 -10"><span class='ocrx_word' id='word_1_155' title='bbox 230 2157 418 2200; x_wconf 82' lang='lat' dir='ltr'><strong>moravit</strong></span> <span class='ocrx_word' id='word_1_156' title='bbox 435 2158 478 2197; x_wconf 85' lang='lat' dir='ltr'><strong>in</strong></span> <span class='ocrx_word' id='word_1_157' title='bbox 498 2155 667 2210; x_wconf 84' lang='lat' dir='ltr'><strong>perdita</strong></span> <span class='ocrx_word' id='word_1_158' title='bbox 681 2161 803 2209; x_wconf 88' lang='lat' dir='ltr'><strong>parte</strong></span> <span class='ocrx_word' id='word_1_159' title='bbox 826 2155 926 2197; x_wconf 87' lang='lat' dir='ltr'><strong>libri</strong></span> <span class='ocrx_word' id='word_1_160' title='bbox 944 2156 1101 2210; x_wconf 77' lang='lat' dir='ltr'><strong>quinti.</strong></span> 
     </span>
    </p>

    <p class='ocr_par' dir='ltr' id='par_1_7' title="bbox 230 2214 1108 2742">
     <span class='ocr_line' id='line_1_25' title="bbox 319 2214 1102 2263; baseline -0.003 -6"><span class='ocrx_word' id='word_1_161' title='bbox 319 2217 367 2257; x_wconf 81' lang='lat' dir='ltr'><strong>in</strong></span> <span class='ocrx_word' id='word_1_162' title='bbox 396 2215 610 2256; x_wconf 81' lang='lat' dir='ltr'><strong>Thracia.-</strong></span> <span class='ocrx_word' id='word_1_163' title='bbox 645 2215 686 2256; x_wconf 87' lang='lat' dir='ltr'><strong>id</strong></span> <span class='ocrx_word' id='word_1_164' title='bbox 720 2215 883 2256; x_wconf 85' lang='lat' dir='ltr'><strong>factum</strong></span> <span class='ocrx_word' id='word_1_165' title='bbox 917 2228 955 2256; x_wconf 81' lang='lat' dir='ltr'><strong>a.</strong></span> <span class='ocrx_word' id='word_1_166' title='bbox 992 2214 1102 2263; x_wconf 79' lang='lat'>743:</span> 
     </span>
     <span class='ocr_line' id='line_1_26' title="bbox 231 2273 1105 2327; baseline -0.008 -10"><span class='ocrx_word' id='word_1_167' title='bbox 231 2276 316 2317; x_wconf 91' lang='lat' dir='ltr'><strong>Dio</strong></span> <span class='ocrx_word' id='word_1_168' title='bbox 337 2273 430 2316; x_wconf 88' lang='lat' dir='ltr'><strong>LIV</strong></span> <span class='ocrx_word' id='word_1_169' title='bbox 467 2276 539 2316; x_wconf 73' lang='lat'><strong>34.</strong></span> <span class='ocrx_word' id='word_1_170' title='bbox 589 2273 834 2327; x_wconf 81' lang='lat' dir='ltr'><strong>LiviiEpit.</strong></span> <span class='ocrx_word' id='word_1_171' title='bbox 860 2273 955 2316; x_wconf 79' lang='lat'><strong>¹38.</strong></span> <span class='ocrx_word' id='word_1_172' title='bbox 995 2273 1105 2314; x_wconf 86' lang='lat' dir='ltr'><strong>Vel-</strong></span> 
     </span>
     <span class='ocr_line' id='line_1_27' title="bbox 232 2331 1105 2376; baseline -0.002 -1"><span class='ocrx_word' id='word_1_173' title='bbox 232 2334 347 2376; x_wconf 89' lang='lat' dir='ltr'><strong>leius</strong></span> <span class='ocrx_word' id='word_1_174' title='bbox 379 2333 416 2374; x_wconf 88' lang='lat'><strong>11</strong></span> <span class='ocrx_word' id='word_1_175' title='bbox 451 2333 531 2376; x_wconf 83' lang='lat'><strong>98:</strong></span> <span class='ocrx_word' id='word_1_176' title='bbox 567 2340 695 2373; x_wconf 76' lang='lat' dir='ltr'><strong>atroae</strong></span> <span class='ocrx_word' id='word_1_177' title='bbox 725 2333 772 2373; x_wconf 76' lang='lat' dir='ltr'><strong>in</strong></span> <span class='ocrx_word' id='word_1_178' title='bbox 797 2332 984 2373; x_wconf 76' lang='lat' dir='ltr'><strong>Thracia</strong></span> <span class='ocrx_word' id='word_1_179' title='bbox 1015 2331 1105 2374; x_wconf 84' lang='lat' dir='ltr'><strong>bel-</strong></span> 
     </span>
     <span class='ocr_line' id='line_1_28' title="bbox 230 2392 1106 2446; baseline -0.001 -13"><span class='ocrx_word' id='word_1_180' title='bbox 230 2392 318 2435; x_wconf 86' lang='lat' dir='ltr'><strong>lum</strong></span> <span class='ocrx_word' id='word_1_181' title='bbox 343 2399 496 2443; x_wconf 86' lang='lat' dir='ltr'><strong>ortum,</strong></span> <span class='ocrx_word' id='word_1_182' title='bbox 518 2392 709 2433; x_wconf 82' lang='lat' dir='ltr'><strong>omnibus</strong></span> <span class='ocrx_word' id='word_1_183' title='bbox 732 2393 821 2433; x_wconf 79' lang='lat' dir='ltr'><strong>eius</strong></span> <span class='ocrx_word' id='word_1_184' title='bbox 852 2392 989 2446; x_wconf 73' lang='lat' dir='ltr'><strong>yentis</strong></span> <span class='ocrx_word' id='word_1_185' title='bbox 1020 2404 1106 2432; x_wconf 83' lang='lat' dir='ltr'><strong>na-</strong></span> 
     </span>
     <span class='ocr_line' id='line_1_29' title="bbox 232 2450 1106 2503; baseline -0.002 -9"><span class='ocrx_word' id='word_1_186' title='bbox 232 2452 416 2494; x_wconf 79' lang='lat' dir='ltr'><strong>tionibus</strong></span> <span class='ocrx_word' id='word_1_187' title='bbox 447 2452 494 2492; x_wconf 83' lang='lat' dir='ltr'><strong>in</strong></span> <span class='ocrx_word' id='word_1_188' title='bbox 525 2464 651 2492; x_wconf 86' lang='lat' dir='ltr'><strong>arma</strong></span> <span class='ocrx_word' id='word_1_189' title='bbox 682 2453 901 2503; x_wconf 81' lang='lat' dir='ltr'><strong>accensis,</strong></span> <span class='ocrx_word' id='word_1_190' title='bbox 947 2450 996 2493; x_wconf 91' lang='lat' dir='ltr'><strong>L.</strong></span> <span class='ocrx_word' id='word_1_191' title='bbox 1033 2450 1106 2492; x_wconf 85' lang='lat' dir='ltr'><strong>Pi-</strong></span> 
     </span>
     <span class='ocr_line' id='line_1_30' title="bbox 231 2510 1108 2565; baseline -0.002 -13"><span class='ocrx_word' id='word_1_192' title='bbox 231 2512 362 2562; x_wconf 86' lang='lat' dir='ltr'><strong>sonis,</strong></span> <span class='ocrx_word' id='word_1_193' title='bbox 382 2524 502 2564; x_wconf 83' lang='lat' dir='ltr'><strong>quem</strong></span> <span class='ocrx_word' id='word_1_194' title='bbox 519 2510 724 2564; x_wconf 78' lang='lat' dir='ltr'><strong>hodieque</strong></span> <span class='ocrx_word' id='word_1_195' title='bbox 742 2510 1108 2565; x_wconf 60' lang='lat' dir='ltr'><strong>diligentissimum</strong></span> 
     </span>
     <span class='ocr_line' id='line_1_31' title="bbox 230 2569 1107 2625; baseline -0.002 -14"><span class='ocrx_word' id='word_1_196' title='bbox 230 2576 359 2625; x_wconf 80' lang='lat' dir='ltr'><strong>atque</strong></span> <span class='ocrx_word' id='word_1_197' title='bbox 380 2569 558 2610; x_wconf 85' lang='lat' dir='ltr'><strong>eundem</strong></span> <span class='ocrx_word' id='word_1_198' title='bbox 585 2569 843 2610; x_wconf 72' lang='lat' dir='ltr'><strong>lenissimum</strong></span> <span class='ocrx_word' id='word_1_199' title='bbox 863 2569 1107 2610; x_wconf 76' lang='lat' dir='ltr'><strong>securitatis</strong></span> 
     </span>
     <span class='ocr_line' id='line_1_32' title="bbox 233 2627 1107 2679; baseline -0.001 -9"><span class='ocrx_word' id='word_1_200' title='bbox 233 2629 430 2670; x_wconf 87' lang='lat' dir='ltr'><strong>urbanae</strong></span> <span class='ocrx_word' id='word_1_201' title='bbox 463 2627 676 2669; x_wconf 77' lang='lat' dir='ltr'><strong>custodem</strong></span> <span class='ocrx_word' id='word_1_202' title='bbox 715 2627 939 2679; x_wconf 75' lang='lat' dir='ltr'><strong>habemus,</strong></span> <span class='ocrx_word' id='word_1_203' title='bbox 973 2628 1107 2669; x_wconf 81' lang='lat' dir='ltr'><strong>virtus</strong></span> 
     </span>
     <span class='ocr_line' id='line_1_33' title="bbox 234 2687 495 2742; baseline -0.008 -13"><span class='ocrx_word' id='word_1_204' title='bbox 234 2687 495 2742; x_wconf 81' lang='lat' dir='ltr'><strong>compressit.</strong></span> 
     </span>
    </p>

    <p class='ocr_par' dir='ltr' id='par_1_8' title="bbox 234 2744 1106 2924">
     <span class='ocr_line' id='line_1_34' title="bbox 323 2744 1104 2800; baseline 0 -13"><span class='ocrx_word' id='word_1_205' title='bbox 323 2744 428 2800; x_wconf 86' lang='lat' dir='ltr'><strong>Cap.</strong></span> <span class='ocrx_word' id='word_1_206' title='bbox 454 2746 520 2787; x_wconf 90' lang='lat'><strong>11.</strong></span> <span class='ocrx_word' id='word_1_207' title='bbox 585 2758 639 2786; x_wconf 89' lang='lat' dir='ltr'><strong>ac</strong></span> <span class='ocrx_word' id='word_1_208' title='bbox 660 2745 806 2787; x_wconf 76' lang='lat' dir='ltr'><strong>subitis</strong></span> <span class='ocrx_word' id='word_1_209' title='bbox 837 2746 1104 2788; x_wconf 79' lang='lat' dir='ltr'><strong>mederetur.-</strong></span> 
     </span>
     <span class='ocr_line' id='line_1_35' title="bbox 234 2804 1106 2860; baseline 0.001 -14"><span class='ocrx_word' id='word_1_210' title='bbox 234 2806 278 2846; x_wconf 92' lang='lat' dir='ltr'><strong>h.</strong></span> <span class='ocrx_word' id='word_1_211' title='bbox 323 2818 362 2847; x_wconf 90' lang='lat' dir='ltr'><strong>e.</strong></span> <span class='ocrx_word' id='word_1_212' title='bbox 414 2804 468 2845; x_wconf 85' lang='lat' dir='ltr'><strong>iis</strong></span> <span class='ocrx_word' id='word_1_213' title='bbox 510 2804 765 2846; x_wconf 82' lang='lat' dir='ltr'><strong>consuleret</strong></span> <span class='ocrx_word' id='word_1_214' title='bbox 807 2817 919 2860; x_wconf 83' lang='lat' dir='ltr'><strong>quae</strong></span> <span class='ocrx_word' id='word_1_215' title='bbox 961 2806 1106 2847; x_wconf 88' lang='lat' dir='ltr'><strong>subito</strong></span> 
     </span>
     <span class='ocr_line' id='line_1_36' title="bbox 234 2864 1104 2924; baseline 0.001 -19"><span class='ocrx_word' id='word_1_216' title='bbox 234 2864 404 2924; x_wconf 77' lang='lat' dir='ltr'><strong>agenda</strong></span> <span class='ocrx_word' id='word_1_217' title='bbox 415 2868 562 2906; x_wconf 84' lang='lat' dir='ltr'><strong>essent</strong></span> <span class='ocrx_word' id='word_1_218' title='bbox 574 2876 657 2908; x_wconf 88' lang='lat' dir='ltr'><strong>nec</strong></span> <span class='ocrx_word' id='word_1_219' title='bbox 666 2877 825 2905; x_wconf 84' lang='lat' dir='ltr'><strong>moram</strong></span> <span class='ocrx_word' id='word_1_220' title='bbox 839 2870 1104 2919; x_wconf 88' lang='lat' dir='ltr'><strong>paterentur.</strong></span> 
     </span>
    </p>

    <p class='ocr_par' dir='ltr' id='par_1_9' title="bbox 235 2923 1108 3084">
     <span class='ocr_line' id='line_1_37' title="bbox 325 2923 1108 2979; baseline 0.003 -15"><span class='ocrx_word' id='word_1_221' title='bbox 325 2923 509 2965; x_wconf 85' lang='lat' dir='ltr'><strong>Numam</strong></span> <span class='ocrx_word' id='word_1_222' title='bbox 552 2923 769 2965; x_wconf 82' lang='lat' dir='ltr'><strong>Marcium</strong></span> <span class='ocrx_word' id='word_1_223' title='bbox 811 2950 865 2955; x_wconf 88' lang='lat'>—</span> <span class='ocrx_word' id='word_1_224' title='bbox 906 2925 1108 2979; x_wconf 84' lang='lat' dir='ltr'><strong>Spurium</strong></span> 
     </span>
     <span class='ocr_line' id='line_1_38' title="bbox 235 2981 1103 3026; baseline 0.002 -3"><span class='ocrx_word' id='word_1_225' title='bbox 235 2981 510 3024; x_wconf 81' lang='lat' dir='ltr'><strong>Lucretium:</strong></span> <span class='ocrx_word' id='word_1_226' title='bbox 544 2982 661 3023; x_wconf 91' lang='lat' dir='ltr'><strong>conf.</strong></span> <span class='ocrx_word' id='word_1_227' title='bbox 691 2982 947 3024; x_wconf 81' lang='lat' dir='ltr'><strong>Plutarchus</strong></span> <span class='ocrx_word' id='word_1_228' title='bbox 979 2983 1103 3026; x_wconf 87' lang='lat' dir='ltr'><strong>Num.</strong></span> 
     </span>
     <span class='ocr_line' id='line_1_39' title="bbox 235 3040 669 3084; baseline 0 -2"><span class='ocrx_word' id='word_1_229' title='bbox 235 3054 273 3082; x_wconf 89' lang='lat' dir='ltr'><strong>c.</strong></span> <span class='ocrx_word' id='word_1_230' title='bbox 308 3041 380 3084; x_wconf 89' lang='grc'><strong>25.</strong></span> <span class='ocrx_word' id='word_1_231' title='bbox 415 3040 511 3083; x_wconf 88' lang='lat' dir='ltr'><strong>Liv.</strong></span> <span class='ocrx_word' id='word_1_232' title='bbox 547 3040 564 3082; x_wconf 89' lang='grc' dir='ltr'>Ι</span> <span class='ocrx_word' id='word_1_233' title='bbox 598 3041 669 3084; x_wconf 84' lang='grc'><strong>59.</strong></span> 
     </span>
    </p>

    <p class='ocr_par' dir='ltr' id='par_1_10' title="bbox 229 3099 1110 3683">
     <span class='ocr_line' id='line_1_40' title="bbox 327 3099 1108 3155; baseline 0.003 -15"><span class='ocrx_word' id='word_1_234' title='bbox 327 3099 536 3155; x_wconf 82' lang='lat' dir='ltr'><strong>duratque</strong></span> <span class='ocrx_word' id='word_1_235' title='bbox 566 3100 867 3142; x_wconf 82' lang='lat' dir='ltr'><strong>simulacrum:</strong></span> <span class='ocrx_word' id='word_1_236' title='bbox 914 3101 969 3142; x_wconf 86' lang='lat' dir='ltr'><strong>cf.</strong></span> <span class='ocrx_word' id='word_1_237' title='bbox 1019 3101 1046 3142; x_wconf 92' lang='lat' dir='ltr'><strong>l.</strong></span> <span class='ocrx_word' id='word_1_238' title='bbox 1082 3104 1108 3143; x_wconf 90' lang='grc'><strong>2</strong></span> 
     </span>
     <span class='ocr_line' id='line_1_41' title="bbox 233 3159 1107 3216; baseline -0.001 -15"><span class='ocrx_word' id='word_1_239' title='bbox 233 3162 279 3211; x_wconf 62' lang='grc'><strong>9.</strong></span> <span class='ocrx_word' id='word_1_240' title='bbox 316 3159 374 3201; x_wconf 80' lang='lat'><strong>33</strong></span> <span class='ocrx_word' id='word_1_241' title='bbox 405 3159 457 3201; x_wconf 88' lang='lat' dir='ltr'><strong>D.</strong></span> <span class='ocrx_word' id='word_1_242' title='bbox 504 3159 555 3200; x_wconf 86' lang='lat' dir='ltr'><strong>de</strong></span> <span class='ocrx_word' id='word_1_243' title='bbox 596 3159 764 3215; x_wconf 74' lang='lat' dir='ltr'><strong>oriyiue</strong></span> <span class='ocrx_word' id='word_1_244' title='bbox 802 3159 910 3201; x_wconf 78' lang='lat' dir='ltr'><strong>iuris</strong></span> <span class='ocrx_word' id='word_1_245' title='bbox 946 3159 986 3214; x_wconf 91' lang='grc' dir='ltr'><strong>(Ι</strong></span> <span class='ocrx_word' id='word_1_246' title='bbox 1029 3162 1107 3216; x_wconf 79' lang='grc'><strong>2);</strong></span> 
     </span>
     <span class='ocr_line' id='line_1_42' title="bbox 234 3218 1110 3276; baseline 0.001 -17"><span class='ocrx_word' id='word_1_247' title='bbox 234 3225 275 3260; x_wconf 90' lang='lat' dir='ltr'><strong>et</strong></span> <span class='ocrx_word' id='word_1_248' title='bbox 306 3218 416 3259; x_wconf 75' lang='lat' dir='ltr'><strong>haec</strong></span> <span class='ocrx_word' id='word_1_249' title='bbox 447 3218 606 3271; x_wconf 76' lang='lat' dir='ltr'><strong>omnia,</strong></span> <span class='ocrx_word' id='word_1_250' title='bbox 631 3219 792 3273; x_wconf 84' lang='lat' dir='ltr'><strong>quoties</strong></span> <span class='ocrx_word' id='word_1_251' title='bbox 824 3219 870 3259; x_wconf 83' lang='lat' dir='ltr'><strong>in</strong></span> <span class='ocrx_word' id='word_1_252' title='bbox 890 3218 1110 3276; x_wconf 79' lang='lat' dir='ltr'><strong>republica</strong></span> 
     </span>
     <span class='ocr_line' id='line_1_43' title="bbox 233 3278 1108 3333; baseline 0.001 -15"><span class='ocrx_word' id='word_1_253' title='bbox 233 3283 331 3318; x_wconf 84' lang='lat' dir='ltr'><strong>sunt</strong></span> <span class='ocrx_word' id='word_1_254' title='bbox 346 3278 637 3332; x_wconf 67' lang='lat' dir='ltr'><strong>magistratus,</strong></span> <span class='ocrx_word' id='word_1_255' title='bbox 663 3278 968 3331; x_wconf 82' lang='lat' dir='ltr'><strong>observantur,·</strong></span> <span class='ocrx_word' id='word_1_256' title='bbox 1002 3291 1108 3333; x_wconf 89' lang='lat' dir='ltr'><strong>quo-</strong></span> 
     </span>
     <span class='ocr_line' id='line_1_44' title="bbox 234 3337 1109 3392; baseline 0.002 -16"><span class='ocrx_word' id='word_1_257' title='bbox 234 3337 312 3376; x_wconf 84' lang='lat' dir='ltr'><strong>ties</strong></span> <span class='ocrx_word' id='word_1_258' title='bbox 343 3342 485 3378; x_wconf 82' lang='lat' dir='ltr'><strong>autem</strong></span> <span class='ocrx_word' id='word_1_259' title='bbox 511 3337 856 3392; x_wconf 76' lang='lat' dir='ltr'><strong>proficiscuntur,</strong></span> <span class='ocrx_word' id='word_1_260' title='bbox 894 3351 1005 3379; x_wconf 84' lang='lat' dir='ltr'><strong>unus</strong></span> <span class='ocrx_word' id='word_1_261' title='bbox 1035 3351 1109 3378; x_wconf 81' lang='lat' dir='ltr'><strong>re-</strong></span> 
     </span>
     <span class='ocr_line' id='line_1_45' title="bbox 234 3394 1110 3449; baseline 0.003 -15"><span class='ocrx_word' id='word_1_262' title='bbox 234 3394 443 3448; x_wconf 80' lang='lat' dir='ltr'><strong>linquitur</strong></span> <span class='ocrx_word' id='word_1_263' title='bbox 474 3396 546 3449; x_wconf 85' lang='lat' dir='ltr'><strong>qui</strong></span> <span class='ocrx_word' id='word_1_264' title='bbox 577 3396 644 3437; x_wconf 81' lang='lat' dir='ltr'><strong>ius</strong></span> <span class='ocrx_word' id='word_1_265' title='bbox 676 3396 816 3447; x_wconf 81' lang='lat' dir='ltr'><strong>dicat;</strong></span> <span class='ocrx_word' id='word_1_266' title='bbox 864 3397 900 3437; x_wconf 81' lang='lat' dir='ltr'><strong>is</strong></span> <span class='ocrx_word' id='word_1_267' title='bbox 931 3404 1110 3439; x_wconf 84' lang='lat' dir='ltr'><strong>vocatur</strong></span> 
     </span>
     <span class='ocr_line' id='line_1_46' title="bbox 229 3454 1110 3511; baseline 0.003 -18"><span class='ocrx_word' id='word_1_268' title='bbox 229 3456 477 3508; x_wconf 76' lang='lat' dir='ltr'><strong>praefectus</strong></span> <span class='ocrx_word' id='word_1_269' title='bbox 494 3454 604 3495; x_wconf 71' lang='lat' dir='ltr'><strong>urbi.</strong></span> <span class='ocrx_word' id='word_1_270' title='bbox 641 3456 722 3507; x_wconf 79' lang='lat' dir='ltr'><strong>Qui</strong></span> <span class='ocrx_word' id='word_1_271' title='bbox 741 3458 989 3511; x_wconf 78' lang='lat' dir='ltr'><strong>praefectus</strong></span> <span class='ocrx_word' id='word_1_272' title='bbox 1011 3455 1110 3497; x_wconf 73' lang='lat' dir='ltr'><strong>olim</strong></span> 
     </span>
     <span class='ocr_line' id='line_1_47' title="bbox 235 3513 1106 3569; baseline 0.007 -18"><span class='ocrx_word' id='word_1_273' title='bbox 235 3513 583 3563; x_wconf 82' lang='lat' dir='ltr'><strong>constituebatur,</strong></span> <span class='ocrx_word' id='word_1_274' title='bbox 612 3521 763 3568; x_wconf 81' lang='lat' dir='ltr'><strong>postea</strong></span> <span class='ocrx_word' id='word_1_275' title='bbox 793 3518 887 3569; x_wconf 84' lang='lat' dir='ltr'><strong>sere</strong></span> <span class='ocrx_word' id='word_1_276' title='bbox 920 3515 1106 3557; x_wconf 88' lang='lat' dir='ltr'><strong>Latina-</strong></span> 
     </span>
     <span class='ocr_line' id='line_1_48' title="bbox 234 3572 1106 3625; baseline 0.01 -17"><span class='ocrx_word' id='word_1_277' title='bbox 234 3582 329 3610; x_wconf 83' lang='lat' dir='ltr'><strong>rum</strong></span> <span class='ocrx_word' id='word_1_278' title='bbox 348 3572 559 3623; x_wconf 82' lang='lat' dir='ltr'><strong>feriarum</strong></span> <span class='ocrx_word' id='word_1_279' title='bbox 590 3585 724 3612; x_wconf 86' lang='lat' dir='ltr'><strong>causa</strong></span> <span class='ocrx_word' id='word_1_280' title='bbox 744 3574 1004 3616; x_wconf 81' lang='lat' dir='ltr'><strong>introductus</strong></span> <span class='ocrx_word' id='word_1_281' title='bbox 1034 3582 1106 3625; x_wconf 85' lang='lat' dir='ltr'><strong>est,</strong></span> 
     </span>
     <span class='ocr_line' id='line_1_49' title="bbox 237 3630 1107 3683; baseline 0.013 -16"><span class='ocrx_word' id='word_1_282' title='bbox 237 3633 277 3667; x_wconf 83' lang='lat' dir='ltr'><strong>et</strong></span> <span class='ocrx_word' id='word_1_283' title='bbox 295 3632 521 3682; x_wconf 75' lang='lat' dir='ltr'><strong>quotannis</strong></span> <span class='ocrx_word' id='word_1_284' title='bbox 540 3630 801 3674; x_wconf 75' lang='lat' dir='ltr'><strong>observatur,</strong></span> <span class='ocrx_word' id='word_1_285' title='bbox 842 3631 908 3683; x_wconf 77' lang='lat' dir='ltr'><strong>Eo</strong></span> <span class='ocrx_word' id='word_1_286' title='bbox 926 3645 1107 3681; x_wconf 75' lang='lat' dir='ltr'><strong>munere</strong></span> 
     </span>
    </p>
   </div>
   <div class='ocr_carea' id='block_1_6' title="bbox 931 1518 1441 1621">
    <p class='ocr_par' dir='ltr' id='par_1_11' title="bbox 931 1518 1441 1621">
     <span class='ocr_line' id='line_1_50' title="bbox 1039 1518 1441 1562; baseline -0.007 0"><span class='ocrx_word' id='word_1_287' title='bbox 1039 1519 1080 1562; x_wconf 86' lang='lat'><strong>5.</strong></span> <span class='ocrx_word' id='word_1_288' title='bbox 1134 1518 1341 1560; x_wconf 81' lang='lat' dir='ltr'><strong>Thraecia</strong></span> <span class='ocrx_word' id='word_1_289' title='bbox 1386 1518 1441 1560; x_wconf 91' lang='grc' dir='ltr'><strong>Μ.</strong></span> 
     </span>
     <span class='ocr_line' id='line_1_51' title="bbox 931 1577 1300 1621; baseline -0.003 0"><span class='ocrx_word' id='word_1_290' title='bbox 931 1580 998 1621; x_wconf 85' lang='grc'><strong>11.</strong></span> <span class='ocrx_word' id='word_1_291' title='bbox 1030 1591 1214 1620; x_wconf 87' lang='lat' dir='ltr'><strong>mumam</strong></span> <span class='ocrx_word' id='word_1_292' title='bbox 1245 1577 1300 1620; x_wconf 82' lang='lat' dir='ltr'><strong>M.</strong></span> 
     </span>
    </p>
   </div>
   <div class='ocr_carea' id='block_1_7' title="bbox 1757 1385 2055 1441">
    <p class='ocr_par' dir='ltr' id='par_1_12' title="bbox 1757 1385 2055 1441">
     <span class='ocr_line' id='line_1_52' title="bbox 1757 1385 2055 1441; baseline -0.01 -3"><span class='ocrx_word' id='word_1_293' title='bbox 1757 1385 1887 1439; x_wconf 90' lang='lat' dir='ltr'><strong>Dein</strong></span> <span class='ocrx_word' id='word_1_294' title='bbox 1925 1401 2055 1441; x_wconf 74' lang='lat' dir='ltr'><strong>con-</strong></span> 
     </span>
    </p>
   </div>
   <div class='ocr_carea' id='block_1_8' title="bbox 1429 1515 2054 1634">
    <p class='ocr_par' dir='ltr' id='par_1_13' title="bbox 1429 1515 2054 1634">
     <span class='ocr_line' id='line_1_53' title="bbox 1501 1515 2054 1577; baseline 0.005 -17"><span class='ocrx_word' id='word_1_295' title='bbox 1501 1539 1504 1542; x_wconf 90' lang='lat'><strong>·</strong></span> <span class='ocrx_word' id='word_1_296' title='bbox 1548 1518 1592 1560; x_wconf 88' lang='lat'><strong>8.</strong></span> <span class='ocrx_word' id='word_1_297' title='bbox 1621 1518 1858 1576; x_wconf 77' lang='lat' dir='ltr'><strong>praefectis</strong></span> <span class='ocrx_word' id='word_1_298' title='bbox 1891 1515 2054 1577; x_wconf 64' lang='lat' dir='ltr'><strong>demum</strong></span> 
     </span>
     <span class='ocr_line' id='line_1_54' title="bbox 1429 1577 1709 1634; baseline -0.004 -14"><span class='ocrx_word' id='word_1_299' title='bbox 1429 1578 1497 1620; x_wconf 84' lang='lat'><strong>12.</strong></span> <span class='ocrx_word' id='word_1_300' title='bbox 1531 1577 1620 1634; x_wconf 67' lang='lat' dir='ltr'><strong>inp.</strong></span> <span class='ocrx_word' id='word_1_301' title='bbox 1653 1577 1709 1620; x_wconf 82' lang='lat' dir='ltr'><strong>M.</strong></span> 
     </span>
    </p>
   </div>
   <div class='ocr_carea' id='block_1_9' title="bbox 1183 1677 2056 1853">
    <p class='ocr_par' dir='ltr' id='par_1_14' title="bbox 1183 1677 2056 1853">
     <span class='ocr_line' id='line_1_55' title="bbox 1183 1677 2056 1731; baseline 0 -10"><span class='ocrx_word' id='word_1_302' title='bbox 1183 1679 1358 1721; x_wconf 89' lang='lat' dir='ltr'><strong>functus</strong></span> <span class='ocrx_word' id='word_1_303' title='bbox 1392 1685 1458 1721; x_wconf 89' lang='lat' dir='ltr'><strong>est</strong></span> <span class='ocrx_word' id='word_1_304' title='bbox 1501 1679 1630 1720; x_wconf 84' lang='lat' dir='ltr'><strong>etiam</strong></span> <span class='ocrx_word' id='word_1_305' title='bbox 1675 1683 1763 1720; x_wconf 89' lang='lat' dir='ltr'><strong>tum</strong></span> <span class='ocrx_word' id='word_1_306' title='bbox 1799 1678 1860 1721; x_wconf 78' lang='lat' dir='ltr'><strong>M.</strong></span> <span class='ocrx_word' id='word_1_307' title='bbox 1887 1677 2056 1731; x_wconf 78' lang='lat' dir='ltr'><strong>Antius,</strong></span> 
     </span>
     <span class='ocr_line' id='line_1_56' title="bbox 1183 1737 2056 1795; baseline 0.001 -14"><span class='ocrx_word' id='word_1_308' title='bbox 1183 1741 1467 1793; x_wconf 85' lang='lat' dir='ltr'><strong>interemptus</strong></span> <span class='ocrx_word' id='word_1_309' title='bbox 1488 1752 1512 1780; x_wconf 89' lang='lat' dir='ltr'><strong>a</strong></span> <span class='ocrx_word' id='word_1_310' title='bbox 1522 1737 1758 1780; x_wconf 88' lang='lat' dir='ltr'><strong>Commodo</strong></span> <span class='ocrx_word' id='word_1_311' title='bbox 1769 1742 1832 1795; x_wconf 81' lang='lat' dir='ltr'><strong>(v.</strong></span> <span class='ocrx_word' id='word_1_312' title='bbox 1843 1738 2056 1794; x_wconf 83' lang='lat' dir='ltr'><strong>Lamprid.</strong></span> 
     </span>
     <span class='ocr_line' id='line_1_57' title="bbox 1185 1796 2056 1853; baseline 0.002 -14"><span class='ocrx_word' id='word_1_313' title='bbox 1185 1797 1421 1839; x_wconf 88' lang='lat' dir='ltr'><strong>Commodo</strong></span> <span class='ocrx_word' id='word_1_314' title='bbox 1438 1798 1505 1853; x_wconf 85' lang='lat'><strong>7),</strong></span> <span class='ocrx_word' id='word_1_315' title='bbox 1530 1796 1658 1838; x_wconf 90' lang='lat' dir='ltr'><strong>titulo</strong></span> <span class='ocrx_word' id='word_1_316' title='bbox 1682 1802 1794 1839; x_wconf 90' lang='lat' dir='ltr'><strong>teste</strong></span> <span class='ocrx_word' id='word_1_317' title='bbox 1809 1796 1906 1852; x_wconf 83' lang='lat' dir='ltr'><strong>(Or.</strong></span> <span class='ocrx_word' id='word_1_318' title='bbox 1921 1797 2056 1841; x_wconf 78' lang='lat' dir='ltr'><strong>lnscr.</strong></span> 
     </span>
    </p>
   </div>
   <div class='ocr_carea' id='block_1_10' title="bbox 1162 1855 2055 1914">
    <p class='ocr_par' dir='ltr' id='par_1_15' title="bbox 1162 1855 2055 1914">
     <span class='ocr_line' id='line_1_58' title="bbox 1162 1855 2055 1914; baseline 0.001 -15"><span class='ocrx_word' id='word_1_319' title='bbox 1162 1857 1276 1911; x_wconf 79' lang='lat' dir='ltr'><strong>¹Lat.</strong></span> <span class='ocrx_word' id='word_1_320' title='bbox 1315 1870 1356 1898; x_wconf 89' lang='lat' dir='ltr'><strong>n.</strong></span> <span class='ocrx_word' id='word_1_321' title='bbox 1388 1857 1525 1914; x_wconf 84' lang='lat'><strong>890):</strong></span> <span class='ocrx_word' id='word_1_322' title='bbox 1559 1856 1753 1899; x_wconf 80' lang='lat' dir='ltr'><strong>PRAEF.</strong></span> <span class='ocrx_word' id='word_1_323' title='bbox 1780 1855 1904 1899; x_wconf 84' lang='lat' dir='ltr'><strong>FER.</strong></span> <span class='ocrx_word' id='word_1_324' title='bbox 1939 1856 2055 1900; x_wconf 74' lang='lat' dir='ltr'><strong>LAT.</strong></span> 
     </span>
    </p>
   </div>
   <div class='ocr_carea' id='block_1_11' title="bbox 1188 1916 2066 3624">
    <p class='ocr_par' dir='ltr' id='par_1_16' title="bbox 1188 1916 2063 2265">
     <span class='ocr_line' id='line_1_59' title="bbox 1276 1916 2059 1977; baseline -0.005 -19"><span class='ocrx_word' id='word_1_325' title='bbox 1276 1917 1439 1958; x_wconf 80' lang='lat' dir='ltr'><strong>cunct-is</strong></span> <span class='ocrx_word' id='word_1_326' title='bbox 1471 1916 1586 1977; x_wconf 81' lang='lat' dir='ltr'><strong>apud</strong></span> <span class='ocrx_word' id='word_1_327' title='bbox 1602 1917 1783 1959; x_wconf 86' lang='lat' dir='ltr'><strong>Romam</strong></span> <span class='ocrx_word' id='word_1_328' title='bbox 1814 1923 1939 1972; x_wconf 81' lang='lat' dir='ltr'><strong>atque</strong></span> <span class='ocrx_word' id='word_1_329' title='bbox 1963 1917 2059 1966; x_wconf 76' lang='lat' dir='ltr'><strong>Ita-</strong></span> 
     </span>
     <span class='ocr_line' id='line_1_60' title="bbox 1188 1974 2060 2031; baseline 0 -13"><span class='ocrx_word' id='word_1_330' title='bbox 1188 1977 1291 2018; x_wconf 80' lang='lat' dir='ltr'><strong>liam</strong></span> <span class='ocrx_word' id='word_1_331' title='bbox 1321 1977 1598 2031; x_wconf 83' lang='lat' dir='ltr'><strong>praeposuit.-</strong></span> <span class='ocrx_word' id='word_1_332' title='bbox 1640 1977 1824 2029; x_wconf 83' lang='lat' dir='ltr'><strong>primum</strong></span> <span class='ocrx_word' id='word_1_333' title='bbox 1866 1974 1909 2017; x_wconf 82' lang='lat' dir='ltr'><strong>id</strong></span> <span class='ocrx_word' id='word_1_334' title='bbox 1954 1975 2060 2018; x_wconf 84' lang='lat' dir='ltr'><strong>fecit</strong></span> 
     </span>
     <span class='ocr_line' id='line_1_61' title="bbox 1189 2033 2061 2090; baseline 0.001 -14"><span class='ocrx_word' id='word_1_335' title='bbox 1189 2050 1228 2076; x_wconf 80' lang='lat' dir='ltr'><strong>a.</strong></span> <span class='ocrx_word' id='word_1_336' title='bbox 1252 2035 1363 2087; x_wconf 78' lang='lat'>7183</span> <span class='ocrx_word' id='word_1_337' title='bbox 1397 2048 1439 2077; x_wconf 88' lang='lat' dir='ltr'><strong>v.</strong></span> <span class='ocrx_word' id='word_1_338' title='bbox 1464 2034 1547 2075; x_wconf 89' lang='lat' dir='ltr'><strong>Dio</strong></span> <span class='ocrx_word' id='word_1_339' title='bbox 1574 2033 1704 2076; x_wconf 83' lang='lat' dir='ltr'>XLIX</span> <span class='ocrx_word' id='word_1_340' title='bbox 1743 2034 1811 2087; x_wconf 86' lang='lat'><strong>16,</strong></span> <span class='ocrx_word' id='word_1_341' title='bbox 1836 2035 2061 2090; x_wconf 73' lang='lat' dir='ltr'><strong>Appianas</strong></span> 
     </span>
     <span class='ocr_line' id='line_1_62' title="bbox 1189 2093 2061 2149; baseline 0.005 -13"><span class='ocrx_word' id='word_1_342' title='bbox 1189 2094 1238 2137; x_wconf 86' lang='lat' dir='ltr'><strong>B.</strong></span> <span class='ocrx_word' id='word_1_343' title='bbox 1266 2093 1314 2136; x_wconf 82' lang='lat' dir='ltr'><strong>C.</strong></span> <span class='ocrx_word' id='word_1_344' title='bbox 1352 2094 1387 2135; x_wconf 90' lang='lat' dir='ltr'>V</span> <span class='ocrx_word' id='word_1_345' title='bbox 1420 2093 1478 2137; x_wconf 86' lang='lat'><strong>99</strong></span> <span class='ocrx_word' id='word_1_346' title='bbox 1497 2099 1540 2136; x_wconf 84' lang='lat' dir='ltr'><strong>et</strong></span> <span class='ocrx_word' id='word_1_347' title='bbox 1566 2095 1679 2147; x_wconf 83' lang='lat'>1123</span> <span class='ocrx_word' id='word_1_348' title='bbox 1710 2094 1867 2136; x_wconf 87' lang='lat' dir='ltr'><strong>iterum</strong></span> <span class='ocrx_word' id='word_1_349' title='bbox 1889 2108 1928 2136; x_wconf 84' lang='lat' dir='ltr'><strong>a.</strong></span> <span class='ocrx_word' id='word_1_350' title='bbox 1952 2094 2061 2149; x_wconf 79' lang='lat'><strong>7233</strong></span> 
     </span>
     <span class='ocr_line' id='line_1_63' title="bbox 1190 2152 2061 2207; baseline 0.001 -11"><span class='ocrx_word' id='word_1_351' title='bbox 1190 2154 1273 2196; x_wconf 90' lang='lat' dir='ltr'><strong>Dio</strong></span> <span class='ocrx_word' id='word_1_352' title='bbox 1307 2153 1358 2194; x_wconf 87' lang='lat' dir='ltr'><strong>LI</strong></span> <span class='ocrx_word' id='word_1_353' title='bbox 1390 2154 1433 2196; x_wconf 83' lang='lat'><strong>3.</strong></span> <span class='ocrx_word' id='word_1_354' title='bbox 1489 2152 1688 2194; x_wconf 89' lang='lat' dir='ltr'><strong>Velleius</strong></span> <span class='ocrx_word' id='word_1_355' title='bbox 1720 2152 1758 2194; x_wconf 90' lang='lat' dir='ltr'><strong>ll</strong></span> <span class='ocrx_word' id='word_1_356' title='bbox 1788 2153 1870 2207; x_wconf 90' lang='lat'><strong>88,</strong></span> <span class='ocrx_word' id='word_1_357' title='bbox 1913 2153 2061 2197; x_wconf 76' lang='lat' dir='ltr'><strong>Horat.</strong></span> 
     </span>
     <span class='ocr_line' id='line_1_64' title="bbox 1192 2211 2063 2265; baseline 0 -10"><span class='ocrx_word' id='word_1_358' title='bbox 1192 2214 1279 2256; x_wconf 86' lang='lat' dir='ltr'><strong>Sat.</strong></span> <span class='ocrx_word' id='word_1_359' title='bbox 1314 2212 1351 2254; x_wconf 83' lang='grc' dir='ltr'><strong>ΙΙ</strong></span> <span class='ocrx_word' id='word_1_360' title='bbox 1385 2212 1412 2255; x_wconf 88' lang='lat'>6</span> <span class='ocrx_word' id='word_1_361' title='bbox 1444 2212 1516 2265; x_wconf 85' lang='lat'><strong>38,</strong></span> <span class='ocrx_word' id='word_1_362' title='bbox 1552 2211 1694 2255; x_wconf 85' lang='lat' dir='ltr'><strong>Carm.</strong></span> <span class='ocrx_word' id='word_1_363' title='bbox 1733 2212 1843 2255; x_wconf 87' lang='lat'>1118</span> <span class='ocrx_word' id='word_1_364' title='bbox 1879 2213 2063 2257; x_wconf 83' lang='grc'><strong>17-28,</strong></span> 
     </span>
    </p>

    <p class='ocr_par' dir='ltr' id='par_1_17' title="bbox 1192 2272 2066 2624">
     <span class='ocr_line' id='line_1_65' title="bbox 1280 2272 2065 2326; baseline 0 -12"><span class='ocrx_word' id='word_1_365' title='bbox 1280 2274 1352 2326; x_wconf 77' lang='lat' dir='ltr'><strong>qui</strong></span> <span class='ocrx_word' id='word_1_366' title='bbox 1383 2276 1600 2313; x_wconf 63' lang='lat' dir='ltr'><strong>coerceret</strong></span> <span class='ocrx_word' id='word_1_367' title='bbox 1627 2297 1680 2303; x_wconf 86' lang='lat'><strong>—-</strong></span> <span class='ocrx_word' id='word_1_368' title='bbox 1706 2273 1896 2315; x_wconf 76' lang='lat' dir='ltr'><strong>audacia</strong></span> <span class='ocrx_word' id='word_1_369' title='bbox 1926 2272 2065 2314; x_wconf 79' lang='lat' dir='ltr'><strong>turbi-</strong></span> 
     </span>
     <span class='ocr_line' id='line_1_66' title="bbox 1193 2331 2066 2388; baseline 0.002 -16"><span class='ocrx_word' id='word_1_370' title='bbox 1193 2334 1314 2374; x_wconf 84' lang='lat' dir='ltr'><strong>dum.-</strong></span> <span class='ocrx_word' id='word_1_371' title='bbox 1350 2332 1445 2373; x_wconf 86' lang='lat' dir='ltr'><strong>eius</strong></span> <span class='ocrx_word' id='word_1_372' title='bbox 1468 2332 1746 2386; x_wconf 84' lang='lat' dir='ltr'><strong>magistratus</strong></span> <span class='ocrx_word' id='word_1_373' title='bbox 1771 2331 1863 2373; x_wconf 78' lang='lat' dir='ltr'><strong>iura</strong></span> <span class='ocrx_word' id='word_1_374' title='bbox 1886 2333 2066 2388; x_wconf 81' lang='lat' dir='ltr'><strong>copiose</strong></span> 
     </span>
     <span class='ocr_line' id='line_1_67' title="bbox 1192 2389 2061 2444; baseline 0 -12"><span class='ocrx_word' id='word_1_375' title='bbox 1192 2390 1497 2432; x_wconf 87' lang='lat' dir='ltr'><strong>describuntur</strong></span> <span class='ocrx_word' id='word_1_376' title='bbox 1540 2390 1593 2430; x_wconf 85' lang='lat' dir='ltr'><strong>ab</strong></span> <span class='ocrx_word' id='word_1_377' title='bbox 1642 2389 1826 2444; x_wconf 86' lang='lat' dir='ltr'><strong>Ulpiano</strong></span> <span class='ocrx_word' id='word_1_378' title='bbox 1876 2389 1905 2431; x_wconf 86' lang='lat' dir='ltr'><strong>l.</strong></span> <span class='ocrx_word' id='word_1_379' title='bbox 1954 2393 1974 2432; x_wconf 94' lang='grc'>1</span> <span class='ocrx_word' id='word_1_380' title='bbox 2009 2390 2061 2434; x_wconf 79' lang='lat'><strong>1).</strong></span> 
     </span>
     <span class='ocr_line' id='line_1_68' title="bbox 1193 2448 2061 2505; baseline 0 -14"><span class='ocrx_word' id='word_1_381' title='bbox 1193 2451 1243 2491; x_wconf 83' lang='lat' dir='ltr'><strong>de</strong></span> <span class='ocrx_word' id='word_1_382' title='bbox 1263 2450 1404 2505; x_wconf 80' lang='lat' dir='ltr'><strong>officio</strong></span> <span class='ocrx_word' id='word_1_383' title='bbox 1425 2451 1568 2505; x_wconf 77' lang='lat' dir='ltr'><strong>praef.</strong></span> <span class='ocrx_word' id='word_1_384' title='bbox 1593 2449 1690 2490; x_wconf 75' lang='lat' dir='ltr'><strong>urbi</strong></span> <span class='ocrx_word' id='word_1_385' title='bbox 1710 2448 1727 2490; x_wconf 90' lang='lat'>1</span> <span class='ocrx_word' id='word_1_386' title='bbox 1763 2451 1842 2502; x_wconf 77' lang='lat'><strong>123</strong></span> <span class='ocrx_word' id='word_1_387' title='bbox 1877 2449 1933 2491; x_wconf 81' lang='lat' dir='ltr'><strong>cf.</strong></span> <span class='ocrx_word' id='word_1_388' title='bbox 1956 2448 2061 2491; x_wconf 73' lang='lat' dir='ltr'><strong>eod.</strong></span> 
     </span>
     <span class='ocr_line' id='line_1_69' title="bbox 1192 2507 2065 2560; baseline -0.001 -9"><span class='ocrx_word' id='word_1_389' title='bbox 1192 2510 1295 2551; x_wconf 87' lang='lat' dir='ltr'><strong>lust.</strong></span> <span class='ocrx_word' id='word_1_390' title='bbox 1332 2508 1347 2550; x_wconf 91' lang='grc' dir='ltr'>Ι</span> <span class='ocrx_word' id='word_1_391' title='bbox 1390 2508 1475 2560; x_wconf 85' lang='grc'><strong>28,</strong></span> <span class='ocrx_word' id='word_1_392' title='bbox 1527 2508 1610 2550; x_wconf 87' lang='lat' dir='ltr'><strong>Dio</strong></span> <span class='ocrx_word' id='word_1_393' title='bbox 1655 2507 1728 2550; x_wconf 80' lang='lat' dir='ltr'><strong>Ln</strong></span> <span class='ocrx_word' id='word_1_394' title='bbox 1771 2510 1849 2557; x_wconf 82' lang='grc'><strong>21,</strong></span> <span class='ocrx_word' id='word_1_395' title='bbox 1897 2507 2065 2550; x_wconf 84' lang='lat' dir='ltr'><strong>Gellius</strong></span> 
     </span>
     <span class='ocr_line' id='line_1_70' title="bbox 1194 2567 1890 2624; baseline -0.001 -13"><span class='ocrx_word' id='word_1_396' title='bbox 1194 2568 1290 2611; x_wconf 88' lang='lat' dir='ltr'><strong>XIV</strong></span> <span class='ocrx_word' id='word_1_397' title='bbox 1321 2568 1364 2619; x_wconf 84' lang='lat'><strong>8,</strong></span> <span class='ocrx_word' id='word_1_398' title='bbox 1398 2568 1634 2609; x_wconf 85' lang='lat' dir='ltr'><strong>Suetonius</strong></span> <span class='ocrx_word' id='word_1_399' title='bbox 1664 2567 1780 2624; x_wconf 80' lang='lat' dir='ltr'><strong>Aug.</strong></span> <span class='ocrx_word' id='word_1_400' title='bbox 1817 2567 1890 2610; x_wconf 83' lang='lat'><strong>37.</strong></span> 
     </span>
    </p>

    <p class='ocr_par' dir='ltr' id='par_1_18' title="bbox 1189 2625 2066 3557">
     <span class='ocr_line' id='line_1_71' title="bbox 1278 2625 2063 2683; baseline -0.001 -15"><span class='ocrx_word' id='word_1_401' title='bbox 1278 2627 1522 2683; x_wconf 78' lang='lat' dir='ltr'><strong>primusque</strong></span> <span class='ocrx_word' id='word_1_402' title='bbox 1557 2626 1749 2668; x_wconf 83' lang='lat' dir='ltr'><strong>Messala</strong></span> <span class='ocrx_word' id='word_1_403' title='bbox 1781 2625 1992 2668; x_wconf 74' lang='lat' dir='ltr'><strong>Corvinus</strong></span> <span class='ocrx_word' id='word_1_404' title='bbox 2010 2652 2063 2658; x_wconf 89' lang='lat'><em>-</em></span> 
     </span>
     <span class='ocr_line' id='line_1_72' title="bbox 1194 2685 2065 2740; baseline -0.005 -14"><span class='ocrx_word' id='word_1_405' title='bbox 1194 2686 1316 2740; x_wconf 77' lang='lat' dir='ltr'><strong>quasi</strong></span> <span class='ocrx_word' id='word_1_406' title='bbox 1349 2686 1517 2727; x_wconf 78' lang='lat' dir='ltr'><strong>nescius</strong></span> <span class='ocrx_word' id='word_1_407' title='bbox 1552 2686 1810 2727; x_wconf 69' lang='lat' dir='ltr'><strong>exercendi:</strong></span> <span class='ocrx_word' id='word_1_408' title='bbox 1846 2685 2065 2739; x_wconf 79' lang='lat' dir='ltr'><strong>Hierony-</strong></span> 
     </span>
     <span class='ocr_line' id='line_1_73' title="bbox 1194 2743 2065 2787; baseline -0.001 -1"><span class='ocrx_word' id='word_1_409' title='bbox 1194 2758 1288 2786; x_wconf 90' lang='lat' dir='ltr'><strong>mus</strong></span> <span class='ocrx_word' id='word_1_410' title='bbox 1312 2746 1354 2785; x_wconf 89' lang='lat' dir='ltr'><strong>in</strong></span> <span class='ocrx_word' id='word_1_411' title='bbox 1374 2744 1620 2786; x_wconf 83' lang='lat' dir='ltr'><strong>Chronico:</strong></span> <span class='ocrx_word' id='word_1_412' title='bbox 1644 2743 1837 2786; x_wconf 84' lang='lat' dir='ltr'><strong>Messala</strong></span> <span class='ocrx_word' id='word_1_413' title='bbox 1854 2744 2065 2787; x_wconf 75' lang='lat' dir='ltr'><strong>Corvinus</strong></span> 
     </span>
     <span class='ocr_line' id='line_1_74' title="bbox 1189 2804 2064 2861; baseline -0.002 -15"><span class='ocrx_word' id='word_1_414' title='bbox 1189 2806 1352 2861; x_wconf 76' lang='lat' dir='ltr'><strong>primus</strong></span> <span class='ocrx_word' id='word_1_415' title='bbox 1370 2807 1618 2861; x_wconf 80' lang='lat' dir='ltr'><strong>praefectus</strong></span> <span class='ocrx_word' id='word_1_416' title='bbox 1637 2804 1756 2846; x_wconf 75' lang='lat' dir='ltr'><strong>urbis</strong></span> <span class='ocrx_word' id='word_1_417' title='bbox 1785 2807 1928 2860; x_wconf 78' lang='lat' dir='ltr'><strong>factus</strong></span> <span class='ocrx_word' id='word_1_418' title='bbox 1947 2809 2064 2846; x_wconf 68' lang='lat' dir='ltr'><strong>sea-to</strong></span> 
     </span>
     <span class='ocr_line' id='line_1_75' title="bbox 1195 2862 2064 2919; baseline -0.001 -14"><span class='ocrx_word' id='word_1_419' title='bbox 1195 2865 1260 2905; x_wconf 79' lang='lat' dir='ltr'><strong>die</strong></span> <span class='ocrx_word' id='word_1_420' title='bbox 1292 2865 1548 2919; x_wconf 70' lang='lat' dir='ltr'><strong>mayist-ratu</strong></span> <span class='ocrx_word' id='word_1_421' title='bbox 1585 2878 1630 2905; x_wconf 86' lang='lat' dir='ltr'><strong>se</strong></span> <span class='ocrx_word' id='word_1_422' title='bbox 1662 2863 1900 2916; x_wconf 75' lang='lat' dir='ltr'><strong>abdicavit,</strong></span> <span class='ocrx_word' id='word_1_423' title='bbox 1947 2862 2064 2904; x_wconf 69' lang='lat' dir='ltr'><strong>inci-</strong></span> 
     </span>
     <span class='ocr_line' id='line_1_76' title="bbox 1195 2923 2061 2979; baseline 0.001 -15"><span class='ocrx_word' id='word_1_424' title='bbox 1195 2923 1318 2965; x_wconf 77' lang='lat' dir='ltr'><strong>m&#39;lem</strong></span> <span class='ocrx_word' id='word_1_425' title='bbox 1360 2930 1609 2979; x_wconf 77' lang='lat' dir='ltr'><strong>potestatem</strong></span> <span class='ocrx_word' id='word_1_426' title='bbox 1664 2937 1755 2965; x_wconf 81' lang='lat' dir='ltr'><strong>esse</strong></span> <span class='ocrx_word' id='word_1_427' title='bbox 1804 2929 2061 2965; x_wconf 71' lang='lat' dir='ltr'><strong>contestans.</strong></span> 
     </span>
     <span class='ocr_line' id='line_1_77' title="bbox 1196 2981 2065 3035; baseline 0 -12"><span class='ocrx_word' id='word_1_428' title='bbox 1196 2983 1485 3035; x_wconf 84' lang='lat' dir='ltr'><strong>Hieronymus</strong></span> <span class='ocrx_word' id='word_1_429' title='bbox 1518 2995 1664 3024; x_wconf 80' lang='lat' dir='ltr'><strong>veram</strong></span> <span class='ocrx_word' id='word_1_430' title='bbox 1697 2981 1923 3024; x_wconf 85' lang='lat' dir='ltr'><strong>abdicandi</strong></span> <span class='ocrx_word' id='word_1_431' title='bbox 1958 2994 2065 3023; x_wconf 81' lang='lat' dir='ltr'><strong>cau-</strong></span> 
     </span>
     <span class='ocr_line' id='line_1_78' title="bbox 1194 3041 2064 3097; baseline 0 -15"><span class='ocrx_word' id='word_1_432' title='bbox 1194 3055 1309 3092; x_wconf 84' lang='lat' dir='ltr'><strong>sam,</strong></span> <span class='ocrx_word' id='word_1_433' title='bbox 1367 3041 1537 3083; x_wconf 82' lang='lat' dir='ltr'><strong>&#39;l&#39;acitus</strong></span> <span class='ocrx_word' id='word_1_434' title='bbox 1586 3042 1884 3086; x_wconf 82' lang='lat' dir='ltr'><strong>excusationis</strong></span> <span class='ocrx_word' id='word_1_435' title='bbox 1925 3042 2064 3097; x_wconf 83' lang='lat' dir='ltr'><strong>gratia</strong></span> 
     </span>
     <span class='ocr_line' id='line_1_79' title="bbox 1195 3099 2066 3155; baseline -0.001 -13"><span class='ocrx_word' id='word_1_436' title='bbox 1195 3101 1420 3142; x_wconf 77' lang='lat' dir='ltr'><strong>confictam</strong></span> <span class='ocrx_word' id='word_1_437' title='bbox 1471 3114 1494 3141; x_wconf 82' lang='lat' dir='ltr'><strong>a</strong></span> <span class='ocrx_word' id='word_1_438' title='bbox 1539 3100 1719 3143; x_wconf 81' lang='lat' dir='ltr'><strong>Messala</strong></span> <span class='ocrx_word' id='word_1_439' title='bbox 1760 3100 1890 3141; x_wconf 84' lang='lat' dir='ltr'><strong>tradit</strong></span> <span class='ocrx_word' id='word_1_440' title='bbox 1934 3099 2066 3155; x_wconf 81' lang='lat' dir='ltr'><strong>idque</strong></span> 
     </span>
     <span class='ocr_line' id='line_1_80' title="bbox 1194 3158 2064 3216; baseline 0.001 -16"><span class='ocrx_word' id='word_1_441' title='bbox 1194 3159 1461 3216; x_wconf 78' lang='lat' dir='ltr'><strong>significavit</strong></span> <span class='ocrx_word' id='word_1_442' title='bbox 1483 3172 1593 3201; x_wconf 89' lang='lat' dir='ltr'><strong>voce</strong></span> <span class='ocrx_word' id='word_1_443' title='bbox 1613 3159 1749 3215; x_wconf 77' lang='lat' dir='ltr'><strong>quasi.</strong></span> <span class='ocrx_word' id='word_1_444' title='bbox 1805 3158 1911 3201; x_wconf 82' lang='lat' dir='ltr'><strong>Cum</strong></span> <span class='ocrx_word' id='word_1_445' title='bbox 1934 3171 2064 3214; x_wconf 79' lang='lat' dir='ltr'><strong>prae-</strong></span> 
     </span>
     <span class='ocr_line' id='line_1_81' title="bbox 1196 3218 2064 3272; baseline -0.002 -12"><span class='ocrx_word' id='word_1_446' title='bbox 1196 3220 1404 3260; x_wconf 81' lang='lat' dir='ltr'><strong>fecturam</strong></span> <span class='ocrx_word' id='word_1_447' title='bbox 1464 3218 1581 3259; x_wconf 85' lang='lat' dir='ltr'><strong>urbis</strong></span> <span class='ocrx_word' id='word_1_448' title='bbox 1646 3224 1902 3272; x_wconf 82' lang='lat' dir='ltr'><strong>perpetuam</strong></span> <span class='ocrx_word' id='word_1_449' title='bbox 1969 3224 2064 3272; x_wconf 79' lang='lat' dir='ltr'><strong>post</strong></span> 
     </span>
     <span class='ocr_line' id='line_1_82' title="bbox 1195 3277 2065 3321; baseline 0 -3"><span class='ocrx_word' id='word_1_450' title='bbox 1195 3291 1351 3320; x_wconf 83' lang='lat' dir='ltr'><strong>annum</strong></span> <span class='ocrx_word' id='word_1_451' title='bbox 1371 3278 1455 3321; x_wconf 76' lang='lat'><strong>725</strong></span> <span class='ocrx_word' id='word_1_452' title='bbox 1472 3279 1711 3319; x_wconf 86' lang='lat' dir='ltr'><strong>institutam</strong></span> <span class='ocrx_word' id='word_1_453' title='bbox 1733 3290 1831 3319; x_wconf 87' lang='lat' dir='ltr'><strong>esse</strong></span> <span class='ocrx_word' id='word_1_454' title='bbox 1850 3291 1904 3319; x_wconf 82' lang='lat' dir='ltr'><strong>ex</strong></span> <span class='ocrx_word' id='word_1_455' title='bbox 1924 3277 2065 3319; x_wconf 83' lang='lat' dir='ltr'><strong>Dione</strong></span> 
     </span>
     <span class='ocr_line' id='line_1_83' title="bbox 1194 3335 2064 3393; baseline -0.003 -15"><span class='ocrx_word' id='word_1_456' title='bbox 1194 3336 1263 3379; x_wconf 90' lang='lat' dir='ltr'><strong>Lll</strong></span> <span class='ocrx_word' id='word_1_457' title='bbox 1302 3340 1353 3380; x_wconf 91' lang='grc'><strong>21</strong></span> <span class='ocrx_word' id='word_1_458' title='bbox 1401 3349 1741 3393; x_wconf 80' lang='lat' dir='ltr'><strong>cognoscamuS,</strong></span> <span class='ocrx_word' id='word_1_459' title='bbox 1797 3342 1839 3378; x_wconf 85' lang='lat' dir='ltr'><strong>et</strong></span> <span class='ocrx_word' id='word_1_460' title='bbox 1883 3335 2064 3378; x_wconf 78' lang='lat' dir='ltr'><strong>Messala</strong></span> 
     </span>
     <span class='ocr_line' id='line_1_84' title="bbox 1194 3395 2064 3453; baseline -0.007 -14"><span class='ocrx_word' id='word_1_461' title='bbox 1194 3411 1232 3438; x_wconf 81' lang='lat' dir='ltr'><strong>n.</strong></span> <span class='ocrx_word' id='word_1_462' title='bbox 1269 3396 1350 3439; x_wconf 87' lang='grc'><strong>727</strong></span> <span class='ocrx_word' id='word_1_463' title='bbox 1388 3397 1520 3453; x_wconf 82' lang='grc'><strong>(726)</strong></span> <span class='ocrx_word' id='word_1_464' title='bbox 1557 3396 1610 3438; x_wconf 86' lang='lat' dir='ltr'><strong>de</strong></span> <span class='ocrx_word' id='word_1_465' title='bbox 1643 3396 1876 3452; x_wconf 78' lang='lat' dir='ltr'><strong>Aquitanis</strong></span> <span class='ocrx_word' id='word_1_466' title='bbox 1910 3395 2064 3435; x_wconf 85' lang='lat' dir='ltr'><strong>trium-</strong></span> 
     </span>
     <span class='ocr_line' id='line_1_85' title="bbox 1195 3453 2061 3511; baseline -0.006 -15"><span class='ocrx_word' id='word_1_467' title='bbox 1195 3455 1325 3510; x_wconf 88' lang='lat' dir='ltr'><strong>phum</strong></span> <span class='ocrx_word' id='word_1_468' title='bbox 1362 3457 1524 3511; x_wconf 80' lang='lat' dir='ltr'><strong>egerit,</strong></span> <span class='ocrx_word' id='word_1_469' title='bbox 1571 3457 1666 3498; x_wconf 83' lang='lat' dir='ltr'><strong>eius</strong></span> <span class='ocrx_word' id='word_1_470' title='bbox 1709 3455 1986 3509; x_wconf 82' lang='lat' dir='ltr'><strong>praefectura</strong></span> <span class='ocrx_word' id='word_1_471' title='bbox 2019 3453 2061 3492; x_wconf 86' lang='lat' dir='ltr'><strong>in</strong></span> 
     </span>
     <span class='ocr_line' id='line_1_86' title="bbox 1194 3514 1797 3557; baseline -0.005 -1"><span class='ocrx_word' id='word_1_472' title='bbox 1194 3530 1231 3556; x_wconf 83' lang='lat' dir='ltr'><strong>a.</strong></span> <span class='ocrx_word' id='word_1_473' title='bbox 1269 3515 1353 3557; x_wconf 85' lang='grc'><strong>728</strong></span> <span class='ocrx_word' id='word_1_474' title='bbox 1386 3515 1579 3557; x_wconf 83' lang='lat' dir='ltr'><strong>incidere</strong></span> <span class='ocrx_word' id='word_1_475' title='bbox 1612 3514 1797 3556; x_wconf 86' lang='lat' dir='ltr'><strong>videtur.</strong></span> 
     </span>
    </p>

    <p class='ocr_par' dir='ltr' id='par_1_19' title="bbox 1283 3570 2062 3624">
     <span class='ocr_line' id='line_1_87' title="bbox 1283 3570 2062 3624; baseline -0.009 -9"><span class='ocrx_word' id='word_1_476' title='bbox 1283 3581 1367 3615; x_wconf 83' lang='lat' dir='ltr'><strong>tum</strong></span> <span class='ocrx_word' id='word_1_477' title='bbox 1408 3574 1566 3616; x_wconf 83' lang='lat' dir='ltr'><strong>Taurus</strong></span> <span class='ocrx_word' id='word_1_478' title='bbox 1599 3571 1820 3614; x_wconf 70' lang='lat' dir='ltr'><strong>Statilius.-</strong></span> <span class='ocrx_word' id='word_1_479' title='bbox 1863 3570 1899 3615; x_wconf 85' lang='lat' dir='ltr'><strong>is</strong></span> <span class='ocrx_word' id='word_1_480' title='bbox 1932 3581 2062 3624; x_wconf 84' lang='lat' dir='ltr'><strong>prae..</strong></span> 
     </span>
    </p>
   </div>
   <div class='ocr_carea' id='block_1_12' title="bbox 1192 3626 2059 3684">
    <p class='ocr_par' dir='ltr' id='par_1_20' title="bbox 1192 3626 2059 3684">
     <span class='ocr_line' id='line_1_88' title="bbox 1192 3626 2059 3684; baseline -0.006 -8"><span class='ocrx_word' id='word_1_481' title='bbox 1192 3631 1336 3679; x_wconf 73' lang='lat' dir='ltr'><strong>fectus</strong></span> <span class='ocrx_word' id='word_1_482' title='bbox 1387 3638 1454 3679; x_wconf 75' lang='lat' dir='ltr'><strong>est</strong></span> <span class='ocrx_word' id='word_1_483' title='bbox 1494 3645 1533 3675; x_wconf 82' lang='lat' dir='ltr'><strong>a.</strong></span> <span class='ocrx_word' id='word_1_484' title='bbox 1572 3629 1678 3684; x_wconf 75' lang='lat'><strong>7383</strong></span> <span class='ocrx_word' id='word_1_485' title='bbox 1724 3629 1809 3676; x_wconf 85' lang='lat' dir='ltr'><strong>Dio</strong></span> <span class='ocrx_word' id='word_1_486' title='bbox 1853 3627 1947 3674; x_wconf 72' lang='lat' dir='ltr'><strong>nv</strong></span> <span class='ocrx_word' id='word_1_487' title='bbox 1991 3626 2059 3672; x_wconf 74' lang='lat'><strong>19.</strong></span> 
     </span>
    </p>
   </div>
  </div>
 </body>
</html>
