2280 4004
256 260 318 311 '03
1023 266 1316 313 ANNALIVM

1822 284 1863 318 a.
1886 269 1940 318 '11-
1970 270 2075 320 80&-

257 409 486 478 adempta
527 425 680 476 saepe
738 414 822 460 aut
867 408 1085 475 firmata,
1141 414 1290 476 prout
1327 409 1474 463 bellis
1517 411 1740 464 externis
1789 410 2079 483 meruerant

256 507 340 554 aut
402 501 537 553 domi
591 500 845 553 seditione
909 500 1260 568 deliquerant3

254 596 422 645 terrae
460 596 597 643 motu
638 591 896 643 convulsis
946 592 998 642 in
1037 593 1432 660 quinquennium
1466 595 1750 648 remissum.
1823 595 1892 648 At
1927 595 2164 652 Clau-59

1322 502 1661 570 tributumque
1707 497 2079 571 Apamensibus

257 683 369 734 dius
409 682 708 735 saevissima
748 698 977 749 quaeque
1013 699 1249 762 promere
1285 685 1587 753 adigebatur
1621 686 1849 739 eiusdem
1887 685 2084 755 Agrip-'-

219 773 404 840 spinae
442 773 650 842 artibus,
691 789 819 841 quae
839 774 1086 828 Statilium
1115 768 1347 842 Taurum,
1389 776 1568 843 opibus
1602 776 1882 842 inlustrem,
1921 777 2082 835 hortis

257 864 366 916 eius
402 864 603 916 inhians
639 866 884 932 pervertit
922 872 1196 919 accusante
1225 867 1480 934 Tarquitio
1517 868 1708 921 Prisco.

1783 869 2003 938 Legatus
2037 869 2083 922 is

255 954 405 1008 Tauri
439 957 667 1008 Africam
704 957 916 1024 imperio
953 958 1309 1025 proconsulari
1345 959 1590 1027 regentis,
1627 964 1894 1027 postquam
1929 975 2086 1013 reve-

255 1053 452 1114 nerant,
490 1064 651 1116 pauca
687 1050 1077 1116 repetundarum
1120 1050 1348 1116 crimina,
1387 1056 1608 1104 ceterum
1641 1052 1870 1120 magicas
1903 1066 2087 1119 super-

256 1139 490 1191 stitiones
544 1140 847 1193 obiectabat.

943 1142 1049 1194 Nec
1098 1141 1183 1194 ille
1240 1142 1425 1194 diutius
1482 1142 1664 1194 falsum
1714 1147 2082 1209 accusatorem,

195 1243 242 1281 io
257 1231 494 1299 indignas
519 1233 701 1285 sordes
737 1247 1028 1300 perpessuS,
1059 1234 1162 1285 vim
1197 1234 1332 1286 vitae
1368 1249 1492 1286 suae
1526 1233 1687 1286 attulit
1723 1239 1840 1287 ante
1874 1239 2086 1288 senten-

255 1318 374 1375 tiam
414 1328 636 1375 senatus,

710 1324 994 1390 Tarquitius
1033 1329 1202 1376 tamen
1241 1325 1380 1376 curia
1418 1330 1625 1378 exactus
1663 1330 1768 1390 est3
1819 1325 1955 1392 quod
1990 1340 2086 1394 pa-

256 1418 359 1466 tres
395 1414 515 1466 odio
556 1414 799 1467 delatoris
838 1420 1016 1466 contra
1051 1415 1290 1466 ambitum
1328 1415 1643 1483 Agrippinae
1677 1413 1962 1482 pervicere.

374 1567 419 1611 3.
452 1574 566 1609 terre
598 1565 677 1610 Ma.
782 1569 824 1611 4.
861 1581 947 1610 sev.
981 1566 1064 1610 Ma.

1187 1567 1230 1611 8.
1265 1574 1376 1611 caet.
1410 1566 1492 1611 Ma.

1607 1569 1676 1612 10.
1707 1566 1911 1623 indignas
1939 1567 2087 1612 sordes

258 1625 423 1669 editor:
457 1627 640 1683 indigna
670 1634 806 1669 sortes
837 1626 926 1680 Ma,
958 1627 1241 1685 indiqnasque
1272 1635 1408 1671 sortes
1437 1627 1535 1683 AR,
1568 1627 1751 1685 indigna
1779 1633 1894 1671 sorte
1925 1625 1982 1683 G,
2011 1628 2087 1671 in-

256 1687 489 1744 diqnasque
520 1687 667 1729 sordes
697 1686 748 1729 N.
782 1686 1004 1730 Heinsius.

335 1816 454 1872 Ἤδη
491 1820 810 1889 σβεννυμέναν
841 1830 916 1891 με
935 1823 1020 1863 νέα
1050 1834 1135 1862 κα-

591 1872 876 1946 τεφώτισεν
889 1876 1035 1927 ἀκτίς,

353 1938 500 1990 Aine,
543 1940 622 1979 καὶ
656 1931 788 1992 παρὰ
827 1932 913 1982 σὸν
957 1940 1138 1996 φέγγος

596 1997 775 2054 ἔλαμψε
809 1998 996 2053 Νέρων

350 2055 467 2105 Πως
493 2057 638 2107 εἴπως
671 2060 762 2100 τίνι
769 2055 972 2127 μᾶλλον
999 2053 1138 2113 ὀᾳεί-

548 2117 722 2173 λοιιαις
756 2111 806 2164 ὃς
827 2117 984 2190 μὲν
961 2115 1138 2164 ἔδειξεν

350 2176 396 2224 ἐξ
442 2173 575 2226 αλός,
630 2172 678 2223 ὃς
726 2173 766 2217 δ’
819 2175 902 2229 ηδ’»)
958 2174 1137 2235 ῥύσατο

520 2247 522 2249 ’
595 2233 848 2291 δυοιιέναν.

254 2291 472 2348 ‘An-gutum
502 2293 806 2348 eprigramma.
869 2292 924 2334 Et
958 2306 1138 2348 compa-

259 2358 327 2393 rat
358 2352 574 2393 Neronem
610 2365 716 2394 ecce
751 2366 849 2394 cum
883 2352 1000 2405 Sole,
1036 2354 1139 2409 quia

261 2417 308 2452 ut
341 2411 419 2453 ille
452 2410 651 2452 Rhodum
698 2413 860 2454 retexit
899 2411 1033 2454 radiis
1066 2413 1136 2454 fe-

263 2472 410 2526 citque
456 2471 586 2522 oriri,
638 2472 703 2512 sic
746 2473 830 2513 iste
868 2484 1062 2525 pressam
1097 2477 1140 2513 et

263 2529 539 2572 occidentem
571 2531 765 2572 restituit
799 2530 1061 2586 reduxitque
1093 2532 1138 2571 in

262 2588 439 2630 lucem.'
500 2589 693 2630 Lirsws.

351 2646 454 2701 Cap.
499 2647 574 2690 59.
641 2655 686 2689 at
720 2648 948 2689 Claudius:
996 2660 1138 2701 oppo-

262 2712 423 2747 nuntur
454 2719 587 2748 saeva
614 2705 784 2748 Claudii
818 2706 1016 2748 facinora
1050 2708 1138 2747 mi·-

262 2766 380 2807 i-ibus
415 2771 458 2807 et
490 2765 752 2807 salutaribus
784 2766 970 2808 Neronis
1011 2765 1137 2806 modo

262 2826 445 2866 narratis
463 2840 472 2877 3
510 2837 640 2866 causa
659 2826 855 2880 utrisque
876 2826 1137 2881 Agrippina,

264 2898 378 2939 quae
413 2884 549 2925 filium
596 2897 720 2925 suum
755 2884 963 2926 illustrari
996 2883 1140 2925 voluit

265 2955 407 2998 eoque
458 2942 719 2984 favorabilia
762 2943 865 2984 huic
897 2943 1137 2999 delegavit,

263 3015 396 3045 saeva
453 3015 531 3056 per
579 3000 806 3043 Claudium
855 3003 1138 3055 perpetravit,

265 3074 394 3117 quem
431 3061 532 3102 odio
567 3061 726 3102 civium
761 3073 1006 3115 exponere,
1039 3073 1139 3101 mox

263 3120 424 3162 tollere
481 3119 752 3162 decreverat.
875 3119 1010 3160 hortis
1050 3121 1139 3160 eius

263 3179 466 3222 inhians:
501 3179 558 3221 cf.
586 3180 640 3220 X!
670 3181 718 3221 1:
751 3178 1000 3234 pariterque
1032 3178 1138 3219 hor-

265 3241 318 3281 tis
362 3239 551 3281 inhians.
619 3238 678 3279 lv
730 3239 806 3281 12:
844 3238 1019 3279 inhiare
1060 3237 1140 3279 do-

263 3298 507 3340 minationi.
574 3298 671 3339 Vox
704 3311 728 3338 a
760 3296 921 3338 belluis
970 3301 1141 3351 sumpta

267 3357 333 3398 his
367 3357 478 3398 locis
512 3363 693 3411 perapte
727 3355 780 3397 de
814 3356 1021 3410 cupidine
1055 3357 1139 3397 im-

265 3418 510 3470 potentium
569 3416 800 3457 mulierum
854 3416 996 3469 posita
1049 3420 1138 3466 est3

266 3474 320 3515 de
352 3475 527 3516 Nerone
559 3488 645 3515 non
680 3476 821 3515 minus
857 3475 1015 3528 cupido
1039 3473 1139 3515 XVI

269 3534 349 3575 17:
383 3534 528 3589 opibus
561 3535 649 3574 eius
681 3533 871 3575 inhians.

362 3592 519 3645 falsum
565 3599 882 3645 accusatorem,
936 3592 1138 3648 indignas

265 3650 436 3695 sordes:
466 3651 684 3698 contraria
704 3658 1035 3710 componuntur,
1050 3651 1138 3695 fal-

1216 1829 1289 1859 sus
1342 1821 1571 1858 accusator
1622 1814 1820 1870 Priscus,
1878 1815 2085 1874 indignae

1216 1876 1367 1919 sordes
1410 1875 1560 1928 Tauri,
1611 1875 1800 1931 ideoque
1848 1887 1938 1918 non
1975 1887 2085 1932 opus

1218 1942 1284 1978 est
1314 1935 1530 1990 particula
1560 1948 1638 1990 que
1679 1935 1846 1976 nomini
1885 1935 2088 1992 indignas

1218 1997 1263 2037 in
1313 1994 1481 2037 duobus
1533 1993 1758 2036 codicibus
1812 1994 2088 2050 interpolatis

1219 2055 1405 2097 a.diecta
1470 2054 1711 2109 Seyffertus
1743 2054 1936 2096 coniecit
1969 2054 2089 2098 indi-

1216 2127 1326 2170 9nas
1370 2120 1514 2166 artes,
1567 2112 1646 2155 sed
1685 2114 1746 2154 ita
1791 2113 1906 2167 perit
1949 2114 2089 2156 virtus

1221 2174 1538 2227 oppositorum,
1573 2177 1617 2213 et
1648 2179 1764 2214 artes
1795 2172 1850 2214 de
1880 2171 2089 2229 Tarquitii

1219 2233 1331 2275 falsa
1363 2232 1644 2274 accusatione
1685 2230 1866 2272 nimium
1899 2232 2089 2275 videtur.

1221 2293 1385 2333 Vitium
1430 2289 1497 2333 Ma
1534 2297 1669 2333 sortes
1715 2302 1793 2345 pro
1836 2290 1984 2333 sordes
2036 2304 2092 2333 ex

1220 2351 1409 2393 delicata
1433 2350 1790 2405 pronuntiatione
1807 2351 2026 2405 provenit,
2039 2363 2091 2392 ac

1220 2409 1352 2452 simili
1396 2409 1450 2452 de
1491 2422 1623 2452 causa
1667 2424 1688 2451 s
1729 2409 1774 2450 in
1814 2423 1856 2452 v.
1889 2410 2092 2467 indignas

1220 2476 1321 2512 ante
1353 2477 1488 2511 sortes
1520 2467 1682 2510 ibidem
1717 2468 1972 2524 neglectum
2007 2474 2088 2512 est.

1310 2527 1415 2583 Cap.
1464 2529 1536 2572 60.
1593 2541 1746 2583 parem
1791 2529 1876 2570 vim
1909 2553 1966 2561 —-
1996 2535 2090 2571 sta-

1221 2589 1392 2629 tuisset.-
1437 2589 1480 2628 in
1525 2585 1656 2628 rebus
1701 2585 1794 2628 fisci
1835 2586 2090 2642 principalis

1221 2660 1333 2701 quae
1370 2651 1677 2699 procuratores
1720 2644 1953 2687 iudicando
1997 2651 2091 2688 sta-

1219 2711 1409 2757 tuerent,
1445 2718 1497 2746 ea
1528 2717 1606 2758 per
1637 2717 1685 2746 se
1718 2709 1811 2745 rata
1833 2717 1931 2746 esse
1953 2703 2090 2747 Clau-

1222 2764 1316 2805 dius
1363 2763 1520 2805 voluit.
1581 2762 1889 2806 Procuratores
1944 2769 2090 2806 autem

1221 2836 1363 2865 rerum
1406 2835 1579 2865 suarum
1626 2835 1722 2864 cum
1766 2822 1948 2865 libertos
1990 2823 2090 2878 ple-

1219 2896 1402 2938 rumque
1435 2882 1666 2937 deligeret,
1700 2880 1780 2922 sub
1802 2882 1932 2925 finem
1960 2881 2090 2925 huius

1223 2943 1378 2996 capitis
1430 2941 1602 2983 libertos
1647 2940 1807 2995 sibique
1853 2948 1892 2984 et
1930 2941 2091 2998 legibus

1222 3000 1540 3056 adaequavisse
1602 3000 1777 3041 dicitur.
1856 3000 2090 3043 Suetonius

1224 3059 1376 3102 Claud.
1414 3062 1495 3103 12:
1527 3066 1652 3114 utque
1683 3066 1785 3100 rata
1814 3067 1952 3102 essent
1983 3073 2091 3116 quae

1218 3125 1524 3174 procuratores
1542 3120 1609 3159 sui
1623 3119 1670 3159 in
1681 3117 1911 3160 iudicando
1927 3125 2091 3162 statue-

1221 3185 1339 3229 rent,
1379 3178 1584 3232 precario
1625 3178 1776 3233 eoeeyit.
1844 3178 1940 3220 vox
1970 3179 2037 3220 sui
2066 3189 2092 3218 a

1224 3237 1459 3288 Suetonio,
1493 3237 1580 3277 suis
1612 3249 1636 3277 a
1667 3235 1814 3278 Tacito
1846 3236 2012 3291 addita,
2044 3242 2092 3277 ut

1222 3300 1527 3350 procuratores
1572 3294 1666 3336 fisci
1717 3295 1805 3337 dici
1847 3301 2089 3349 monerent,

1223 3367 1310 3395 non
1342 3354 1556 3395 minorum
1585 3355 1909 3408 provinciarum
1940 3360 2090 3398 recto-

1223 3427 1309 3466 res,
1344 3415 1417 3468 qui
1452 3414 1645 3467 impositi
1678 3412 1892 3466 Iudaeae,
1925 3412 2090 3456 duabus

1223 3473 1519 3524 Mauretaniis,
1551 3473 1732 3514 Raetiae
1767 3471 1866 3514 aliis
1899 3474 1965 3526 (v.
1999 3471 2092 3514 adl

1222 3533 1281 3575 80
1315 3538 1357 3573 ct·
1384 3531 1440 3574 cf.
1475 3531 1513 3572 11
1546 3532 1618 3583 54,
1651 3530 1748 3572 XIlI
1778 3531 1849 3572 31.
1875 3529 2089 3587 fl.111):

1222 3604 1321 3633 nam
1354 3590 1422 3631 his
1458 3590 1573 3631 idem
1597 3591 1704 3631 iuris
1726 3590 1811 3629 iam
1833 3593 1934 3632 ante
1953 3589 2091 3634 fuisse

1222 3650 1394 3694 Tacitus
1426 3650 1571 3693 statim
1604 3646 1850 3708 exequitur.
