2280 4004
249 305 281 350 δι’
308 303 357 350 C.
388 304 490 350 60.“
801 304 962 350 LIBER
993 303 1107 348 XIV.
1176 300 1282 347 Gn».
1314 300 1504 348 24—26.
1980 295 2074 343 201

167 444 381 513 25ptius
410 443 706 512 obsequium
729 443 916 512 integri
943 443 1235 496 retinerent.
1308 442 1377 494 At
1398 441 1723 509 praesidium,
1758 440 1894 509 quod
1926 440 2074 494 ferox

251 538 483 590 iuventus
523 537 792 601 clauserat,
830 550 934 586 non
973 535 1085 587 sine
1126 535 1403 586 certamine
1440 538 1778 602 expugnatum
1814 537 1919 597 est:
1957 548 2074 584 nam

252 634 303 682 et
337 629 584 697 proelium
617 643 711 695 pro
749 628 906 679 muris
949 627 1059 678 ausi
1103 631 1274 691 erant,
1334 631 1383 678 et
1419 626 1553 692 pulsi
1599 626 1730 678 intra
1768 624 2075 677 munimenta

179 706 183 709 ¹
251 721 433 789 aggeri
472 719 669 772 demum
707 723 757 770 et
789 719 1175 785 inrumpentium
1211 719 1364 770 armis
1401 731 1621 771 cessere.
1697 718 1838 779 Quae
1873 715 2074 768 facilius

249 811 634 879 proveniebant,
675 811 791 877 quia
817 810 984 862 Parthi
1018 811 1254 877 Hyrcano
1290 810 1423 862 bello
1462 809 1846 861 distinebantur.
1917 807 2113 863 Misia-6

250 909 463 971 rantque
500 902 722 970 Hyrcani
777 902 842 955 ad
891 902 1171 969 principem
1203 904 1483 955 Romanum
1523 901 1820 954 societatem
1860 904 2073 966 oratum,

252 995 453 1048 attineri
499 1011 528 1047 a
577 1009 634 1047 se
669 994 964 1062 Vologesen
1017 1009 1109 1061 pro
1165 994 1382 1061 pignore
1439 993 1693 1045 amicitiae
1747 996 2075 1044 ostentantes,

250 1087 354 1141 Eos
386 1086 740 1155 regredientes
776 1085 1027 1150 CorbulO,
1070 1101 1136 1136 ne
1181 1085 1479 1151 Euphraten
1510 1083 1821 1152 transgressi
1858 1082 2076 1135 hostium

254 1177 499 1229 custodiis
554 1176 1076 1241 circumvenirentur,
1142 1175 1260 1227 dato
1305 1175 1566 1241 praesidio
1619 1175 1683 1227 ad
1735 1174 1886 1227 litora
1920 1173 2077 1226 maris

251 1268 392 1322 rubri
430 1267 653 1333 deduxit,
688 1267 824 1319 unde
856 1267 1034 1318 vitatis·
1054 1266 1349 1319 Parthorum
1386 1266 1568 1318 finibus
1603 1266 1794 1333 patrias
1832 1267 1887 1317 in
1923 1265 2075 1318 sedes
2093 1280 2143 1319 ω

167 1364 562 1413 26remeavere.
637 1360 769 1421 Quin
810 1363 860 1411 et
895 1359 1153 1410 Tiridaten
1188 1374 1280 1424 per
1313 1358 1492 1410 Medos
1542 1362 1767 1410 extrema
1803 1356 2077 1409 Armeniae

252 1452 539 1517 intrantem,
568 1451 849 1518 praemisso
887 1466 999 1502 cum
1037 1450 1239 1502 auxiliis
1267 1449 1522 1501 Verulano
1558 1449 1748 1516 legato,
1785 1453 1934 1515 atque
1968 1449 2078 1514 ipse

252 1542 541 1612 legionibus
582 1542 710 1608 citiS,
753 1542 895 1594 abire
930 1541 1109 1609 procul
1146 1557 1206 1593 ac
1243 1555 1384 1607 spem
1420 1540 1539 1592 belli
1576 1539 1807 1592 omittere
1845 1538 2078 1608 subegit;

373 1735 412 1778 1.
439 1735 706 1791 praesidium
722 1734 893 1777 editor:
926 1732 992 1776 Ma
1010 1747 1106 1777 cum
1136 1733 1361 1789 plerisque
1381 1732 1648 1790 praesidium
1669 1731 1848 1787 leqerat,
1878 1731 1918 1773 A
1943 1743 2081 1787 prae-

252 1795 406 1839 sidium
435 1795 594 1848 inerat,
629 1794 893 1837 Puteolanus
918 1808 988 1851 pr.
1026 1795 1205 1851 reyium.
1324 1794 1366 1836 3.
1393 1792 1534 1849 prael.
1568 1792 1639 1835 Or.
1675 1791 1790 1834 idem
1821 1791 1864 1835 4.
1897 1791 2079 1847 irrump.

254 1855 298 1899 4.
332 1856 484 1911 aqyeri
503 1855 722 1896 Baebius:
755 1855 927 1911 a99eris
949 1852 1029 1907 Ma,
1064 1854 1290 1910 aqqeribus
1313 1852 1512 1895 voluerat
1535 1851 1747 1906 Ryckius.
1841 1851 1882 1894 5.
1915 1863 2081 1905 yrcano

253 1913 335 1957 Ma.
428 1915 468 1956 7.
500 1914 698 1971 uoloqese
728 1940 784 1947 -—
817 1920 1054 1956 ostentante
1087 1913 1173 1956 Ma:
1213 1911 1483 1968 uoloqensem
1515 1937 1571 1944 -—-
1604 1916 1863 1954 ostentantes
1895 1908 1943 1953 G.
2035 1910 2078 1953 8.

254 1975 453 2029 eufraten
482 1972 565 2019 Ma.
687 1975 754 2019 10.
790 1974 951 2017 dediaeit
981 1971 1062 2016 Ma.
1172 1974 1240 2016 11.
1274 1973 1468 2015 armenie
1498 1970 1579 2014 Ma.
1687 1972 1754 2014 13.
1791 1971 1983 2014 omittere
2013 1969 2078 2013 A:

256 2034 393 2077 ceteri
422 2034 633 2076 amittere.

254 2203 367 2247 illud
398 2204 630 2247 clauserat.
709 2204 793 2257 Qui
824 2216 984 2246 nomen
1016 2216 1123 2259 pro-
1208 2206 1314 2261 Agr.
1334 2204 1391 2248 29
1423 2203 1615 2259 expedito
1643 2202 1848 2244 exercitu.
1899 2188 2082 2244 Scilicet

254 2266 397 2319 prium
459 2264 675 2318 corruptis
727 2264 887 2306 litteris
942 2264 1124 2306 subesse

255 2329 437 2378 putant,
483 2330 530 2365 ut
560 2323 899 2380 Bezzenberger
930 2324 1003 2379 qui
1037 2324 1125 2365 Le.-

255 2383 393 2439 9erda
412 2384 655 2438 proposuit,
679 2383 907 2425 obscuram
929 2382 1125 2439 diligen-

256 2443 360 2484 tiam
408 2442 556 2484 'l‘acito
612 2442 848 2485 donabunt.
929 2442 1127 2497 Leqerda

257 2507 403 2544 autem
435 2501 509 2543 vel
541 2501 762 2557 Elegerda
802 2502 875 2544 vel
912 2501 1126 2557 Cleqerda

258 2574 314 2603 ex
345 2560 597 2603 Ptolemaeo
634 2561 670 2602 V
714 2563 767 2604 13
807 2563 851 2613 §.
890 2561 944 2604 19
986 2562 1127 2602 accita

258 2632 310 2662 eo
336 2621 477 2677 magis
508 2620 755 2675 spernenda
778 2626 892 2672 sunt,
923 2619 1040 2675 quod
1073 2632 1125 2662 eo

256 2680 434 2721 nomine
465 2692 553 2721 non
587 2679 814 2721 castellum
835 2678 1127 2735 Tigranocer-

256 2744 398 2780 torum
429 2738 506 2781 sed
539 2738 745 2793 oppidum
785 2740 830 2780 in
866 2738 953 2780 alia
994 2752 1126 2793 prae-

258 2798 430 2841 fectura
462 2800 592 2840 situm
620 2804 818 2840 vocatur.

371 2870 427 2897 ne
468 2857 726 2913 Euphraten
771 2857 1031 2912 transyressi
1071 2881 1127 2888 —-

260 2916 701 2958 circumvenirentur.-
761 2928 874 2971 quae
931 2915 1129 2969 proxima

259 2976 332 3018 via
363 2974 495 3017 fuerit
518 2974 679 3030 legatis
713 2987 768 3016 ex
786 2974 892 3016 urbe
917 2987 994 3029 per
1023 2986 1127 3029 pro-

259 3034 449 3076 vinciam
473 3033 639 3087 Syriam
663 3035 708 3074 in
726 3035 907 3088 patriam
929 3033 981 3075 ad
999 3034 1129 3076 maris

261 3093 407 3147 Caspii
439 3098 605 3147 partem
645 3092 904 3135 orientalem
935 3092 1129 3135 redeun-

262 3152 391 3204 tibus,
415 3152 651 3195 indicatum
681 3157 747 3194 est
770 3151 918 3194 verbis
949 3166 1004 3193 ne
1029 3152 1128 3194 Eu-

256 3211 444 3268 phraten
485 3212 745 3267 transgressi
766 3235 823 3244 —-·
844 3212 1130 3253 circumveni-

260 3277 425 3313 rentur.
471 3270 555 3312 Sed
575 3271 710 3312 tutius
729 3269 966 3312 Corbuloni
988 3271 1130 3312 visum

262 3329 364 3371 illos
409 3328 565 3371 deduci
617 3329 671 3371 ad
723 3330 864 3370 sinum
908 3328 1130 3371 Persicum

263 3391 401 3446 (mare
431 3389 623 3445 rubrum)
657 3394 701 3429 et
728 3387 829 3429 inde
860 3388 1130 3442 septentrio-

263 3461 363 3490 nem
396 3460 548 3489 versus
586 3447 714 3489 sedes
756 3447 915 3501 patrias
952 3448 1129 3489 intrare.

263 3508 329 3550 De
361 3508 467 3549 mari
499 3507 628 3548 rubro
660 3519 703 3549 v.
740 3507 792 3548 ad
822 3505 861 3547 11
890 3506 962 3549 61.

356 3624 459 3680 Cap.
482 3625 552 3669 26.
616 3624 851 3680 leqionibus
880 3624 988 3679 cilis,
1024 3625 1065 3667 h.
1092 3638 1129 3667 c.

269 3683 356 3726 cito
407 3685 563 3727 itinere
609 3683 1012 3740 proficiscentibus3
1070 3686 1131 3726 sic

1209 2262 1519 2318 impedimenta
1557 2268 1600 2304 et
1631 2263 1830 2304 sarcinae
1862 2261 1915 2303 ab
1949 2275 2081 2304 exer-

1211 2325 1300 2365 citu
1347 2329 1516 2366 remota
1570 2328 1716 2375 erant,
1768 2320 1958 2377 ideoque
2004 2321 2081 2364 vel

1211 2383 1357 2439 gravis
1412 2387 1655 2424 armaturae
1704 2380 1868 2422 milites
1916 2381 1991 2422 citi
2037 2386 2082 2422 et

1211 2442 1397 2498 expediti
1427 2442 1576 2484 vocari
1601 2446 1799 2496 possunt.
1859 2439 2002 2481 Aliam
2025 2440 2079 2482 ob

1212 2514 1386 2544 causam
1439 2500 1643 2543 cohortes
1701 2500 1920 2542 sociorum
1969 2499 2082 2541 citae

1210 2573 1344 2615 saepe
1376 2560 1677 2615 appellantur,
1724 2558 1778 2600 ob
1821 2571 1938 2600 arma
1968 2571 2081 2615 quae

1212 2620 1442 2677 gestabant
1460 2620 1606 2680 Jevia.

1295 2693 1411 2736 spem
1433 2678 1531 2721 belli
1551 2678 1742 2720 omittere
1762 2677 1951 2733 subegit:
1970 2690 2082 2734 quae

1211 2740 1473 2792 amittimus,
1507 2745 1581 2781 aut
1613 2737 1744 2779 animi
1778 2743 1853 2778 aut
1884 2739 2080 2792 corporis

1211 2799 1353 2840 oculis
1375 2810 1422 2840 se
1446 2798 1707 2850 subducunt,
1736 2796 1836 2838 dum
1863 2797 1946 2850 ipsi
1969 2795 2083 2841 nihil

1212 2860 1382 2914 agimus
1429 2863 1476 2898 ut
1535 2859 1785 2899 amittantur
1839 2855 1914 2898 vel
1967 2855 2078 2898 adeo

1212 2929 1346 2972 aegre
1365 2916 1561 2958 ferimus.
1626 2915 1710 2958 Sed
1728 2914 1954 2967 'l'iridates‚
1987 2915 2083 2957 sor..

1211 2976 1399 3018 titudine
1450 2982 1494 3018 et
1536 2975 1781 3018 constantia
1820 2972 2082 3016 Corbulonis

1213 3040 1389 3077 coactus
1422 3041 1466 3078 et
1502 3041 1753 3090 permotus,
1786 3039 1943 3088 sponte
1975 3033 2084 3075 belli

1212 3107 1333 3148 spem
1380 3095 1531 3136 omisit.
1609 3095 1690 3135 Hic
1733 3099 1937 3135 constans
1979 3104 2082 3133 usus

1212 3155 1470 3207 scriptorum
1505 3152 1718 3206 pedestris
1750 3152 1992 3203 sermonis,
2041 3156 2085 3193 et

1212 3213 1277 3253 sic
1313 3212 1484 3254 Tacitus
1516 3211 1743 3265 permultis
1784 3209 1926 3251 locis:
1968 3211 2084 3264 quod

1212 3276 1371 3324 poetae
1402 3270 1567 3312 scenici
1621 3271 1816 3312 amittere
1848 3268 2083 3324 aliquando

1214 3341 1290 3383 pro
1332 3328 1529 3371 “omittere
1581 3330 1872 3380 admiserunt,
1931 3339 2083 3370 versus

1214 3390 1324 3430 ratio
1350 3394 1392 3430 et
1413 3389 1653 3430 necessitas
1684 3389 1805 3430 fecit.
1868 3386 1963 3429 Non
1983 3392 2084 3441 apte

1215 3448 1470 3490 defensores
1495 3448 1661 3490 formae
1693 3447 1887 3489 amittere
1918 3458 2084 3501 provo-

1216 3513 1316 3548 cant
1347 3506 1399 3548 ad
1427 3506 1464 3547 11
1497 3507 1574 3548 71:
1607 3507 1803 3563 spiritum
1829 3512 1930 3547 ante
1961 3519 2085 3559 quam

1215 3566 1420 3607 ultionem
1441 3566 1695 3608 amissuros.-
1729 3565 1789 3607 ibi
1814 3566 1930 3607 enim
1950 3566 2083 3607 amis-

1218 3639 1338 3666 suros
1368 3626 1533 3666 nomini
1574 3627 1795 3682 spiritum,
1836 3636 1920 3679 quo
1953 3637 2084 3679 prae-

1219 3685 1346 3739 cipue
1379 3683 1592 3737 refertur,
1625 3685 1739 3728 bene
1774 3685 1993 3727 convenit.
