2280 4004
162 1191 413 1253 35spreta
452 1185 775 1239 exolescunt:
814 1185 858 1236 si
888 1184 1133 1249 irascare,
1161 1184 1368 1251 adgnita
1404 1183 1656 1235 videntur.

191 1407 209 1478 ⁸)
248 1372 332 1422 aut
387 1368 432 1420 si
483 1368 593 1437 quis
649 1368 890 1433 advertit,

187 1479 199 1539 <Q

242 322 268 358 a
298 310 351 358 G.
384 308 476 358 25.

815 307 980 354 LlBER
1009 308 1084 354 lv.
1149 307 1255 354 CAP.
1288 307 1478 355 34—35.

1976 301 2066 350 262

241 462 296 518 et
328 461 540 525 uterque
578 447 858 525 opibusque
897 461 1045 524 atque
1076 455 1356 508 honoribus
1389 454 1710 522 perviguere.
1783 448 1944 504 Marci
1979 448 2068 504 Gi·-

164 538 169 541 ’
242 549 448 602 neronis
487 549 616 601 libro
651 564 748 616 quo
778 548 1020 600 Catonem
1063 547 1205 598 caelo
1232 546 1482 615 aequavit,
1522 544 1641 614 quid
1678 541 1812 595 aliud
1850 541 2069 592 dictator

243 640 436 693 Caesar
462 655 608 707 quam
642 640 889 705 rescripta
918 639 1168 702 oratione,
1198 638 1335 689 velut
1361 636 1491 703 apud
1522 635 1737 699 iudiceS,
1766 629 2068 699 respondit?

166 717 177 723 ³
243 732 452 785 Antonii
493 731 754 798 epistulae,
799 731 935 782 Bruti
978 731 1244 782 contiones
1286 730 1414 781 falsa
1454 728 1655 797 quidem
1696 727 1748 781 in
1781 726 2066 794 Augustum

241 823 460 893 probra,
514 822 606 875 sed
649 822 799 875 multa
840 838 951 875 eum
984 823 1264 874 acerbitate
1301 822 1512 885 habent3
1577 820 1801 872 carmina
1837 816 2107 870 Bibaculis

244 921 297 967 et
330 913 507 967 Catulli
554 913 743 965 referta
794 914 1111 967 contumeliis
1162 914 1435 965 Caesarum
1487 913 1750 981 leguntur:
1814 910 1906 963 sed
1959 910 2068 976 ipse

243 999 393 1057 divus
419 1004 590 1070 IuliuS,
631 1004 741 1070 ipse
781 1003 926 1056 divus
961 1005 1220 1072 Augustus
1260 1009 1309 1055 et
1346 1003 1506 1054 tulere
1548 1003 1643 1055 ista
1697 1007 1747 1054 et
1797 1001 2070 1067 reliquere,

171 1153 179 1159 „
244 1095 379 1153 haim
406 1095 560 1147 facile
585 1094 819 1160 dixerim,
856 1095 1206 1147 moderatione
1233 1094 1396 1161 magis
1423 1109 1491 1145 an
1527 1092 1792 1159 sapientia.
1846 1092 2074 1156 Namque

1729 1182 1843 1234 Non
1879 1180 2072 1248 attingo

247 1277 503 1342 Graecos,
546 1291 757 1344 quorum
793 1291 898 1327 non
933 1275 1085 1327 modo
1121 1275 1360 1339 libertas,
1417 1274 1566 1326 etiam
1602 1273 1761 1324 libido
1802 1266 2139 1340 impunitam!

961 1367 1110 1419 dictis
1167 1367 1301 1418 dicta
1355 1366 1487 1417 ultus
1544 1370 1635 1417 est.

1710 1363 1811 1417 Sed
1852 1363 2071 1416 maxime

244 1459 463 1512 solutum
501 1464 551 1510 et
591 1459 720 1532 siner
746 1460 1090 1510 obtrectatore
1144 1458 1240 1511 fuit
1290 1458 1511 1524 prodere
1546 1457 1611 1508 de
1652 1455 1715 1507 iis
1767 1469 1893 1523 quos
1935 1469 2071 1508 mors

197 1550 207 1605 ἒ
251 1550 370 1602 odio
425 1555 508 1602 aut
565 1550 762 1618 gratiae
809 1550 1096 1604 exemisset.

249 1641 420 1706 Bruto,
447 1657 508 1693 ac
535 1641 879 1708 Philippenses
920 1656 1125 1708 campos
1151 1641 1508 1705 obtinentibus,
1538 1640 1657 1692 belli
1697 1638 1859 1689 civilis
1900 1652 2070 1701 causa,

247 1732 482 1800 populum
506 1747 598 1800 per
625 1734 890 1785 contiones
914 1733 1177 1788 incendo?
1213 1733 1295 1784 An
1321 1733 1394 1783 illi
1416 1732 1619 1798 quidem
1644 1729 2071 1796 septuagesimum
2090 1743 2136 1782 ¹5

251 1829 366 1876 ante
414 1839 600 1880 vannum
636 1825 909 1892 perempti,
964 1825 1222 1895 quomodo
1276 1823 1582 1892 imaginibus
1632 1822 1738 1874 suis
1775 1825 2070 1886 noscuntur,

248 1930 376 1983 quas
411 1931 476 1971 ne
514 1918 680 1971 victor
715 1917 915 1987 quidem
972 1916 1223 1982 abolevit,
1285 1916 1362 1968 sic
1399 1919 1592 1984 partem
1628 1914 1904 1965 memoriae
1944 1910 2076 1980 apud

1178 1551 1304 1604 Num
1358 1563 1470 1602 cum
1526 1548 1730 1600 armatis
1785 1546 1962 1599 Cassio
2023 1549 2073 1612 el

369 2073 410 2116 3.
444 2072 605 2115 ludices
625 2071 680 2115 Μ.
743 2072 786 2116 5.
819 2079 881 2117 set
904 2071 958 2115 M.
1025 2073 1064 2116 7.
1090 2070 1330 2128 relinquere
1353 2071 1407 2115 M.
1471 2070 1514 2114 9.
1540 2074 1717 2126 spraeta
1737 2067 1792 2110 M.
1857 2067 1989 2109 exsul.
2021 2065 2076 2110 M.

255 2130 385 2187 adan,
418 2132 474 2184 M,
506 2143 595 2173 non
627 2145 729 2189 ayn.
795 2133 863 2175 13.
895 2131 1067 2188 gratiae
1089 2131 1143 2183 Μ,
1178 2142 1264 2172 non
1298 2129 1504 2172 Beroaldi
1537 2129 1697 2184 qratia.
1762 2130 1873 2184 cum]
1910 2140 2002 2167 eum
2025 2125 2076 2167 M.

260 2191 327 2236 14.
355 2190 646 2250 philipensens
676 2189 732 2232 Μ.
792 2198 879 2247 opt.
911 2190 965 2233 Μ.
1032 2189 1100 2232 16.
1129 2189 1312 2247 peremti
1330 2189 1385 2232 M.
1454 2188 1520 2233 17.
1556 2201 1610 2233 ne
1641 2187 1672 2232 I.
1700 2186 1770 2232 Fr.
1805 2185 2077 2232 Gronovius:

257 2249 299 2293 M
329 2263 423 2294 nec.
519 2249 704 2297 adolevit
734 2248 789 2294 Μ.

256 2393 345 2436 vid.
379 2390 539 2435 Catull.
565 2391 707 2436 Carm.
742 2393 799 2438 29
828 2398 877 2435 et
908 2393 967 2437 54
995 2398 1041 2435 et
1066 2395 1120 2437 57

257 2458 302 2496 et
331 2452 403 2495 93.
456 2452 633 2497 sueton.
672 2451 798 2494 Caes.
831 2453 902 2496 73.
957 2452 1013 2494 Ut
1035 2451 1122 2495 Ca-

255 2511 391 2553 tullus
445 2510 678 2554 Caesnrem
696 2544 707 2566 ,
770 2513 834 2554 sie
885 2511 1122 2555 Bibaculus

255 2569 454 2626 ueqimlis
487 2572 527 2612 ei
556 2577 604 2612 ot
631 2571 710 2614 diu
740 2578 963 2626 superstes
988 2572 1122 2615 Octa-

258 2631 433 2672 vianum
474 2631 674 2673 versibus
723 2632 895 2674 videtur
937 2632 1123 2674 lacessi-

259 2690 392 2732 visse.

346 2747 452 2802 Cup.
473 2748 544 2791 35.
597 2761 705 2803 quas
722 2762 775 2789 ne
800 2750 937 2791 vietor
961 2751 1124 2805 quidem

258 2807 463 2849 abolevit.-
494 2807 649 2847 vitium
682 2807 783 2849 libri
820 2809 859 2850 M
890 2823 970 2850 nec
987 2811 1126 2851 victor

262 2866 426 2919 quidem
441 2871 678 2918 praeeunte
697 2866 917 2908 Gronovio
940 2871 1124 2922 removi,

262 2924 458 2977 quamvis
489 2923 645 2976 cupide
676 2931 893 2966 retentum
922 2927 976 2967 ab
1010 2927 1124 2980 aliis,

263 2981 401 3023 veluti
418 2994 443 3022 a
455 2980 679 3023 walthero
696 2989 740 3024 et
751 2982 930 3027 Bachio.
954 2984 1125 3040 Quippe

263 3038 414 3081 dieunt
443 3053 524 3081 nec
553 3041 690 3082 victor
711 3042 875 3097 quidem
893 3043 1006 3086 idem
1028 3058 1126 3087 esse

265 3099 382 3154 quod
411 3099 541 3141 etiam
563 3104 625 3141 ‘ne
655 3101 792 3143 victor
827 3103 1014 3156 quidem,
1048 3104 1126 3146 sed

264 3159 309 3198 iu
341 3157 408 3199 his
440 3158 545 3211 ipsis
576 3160 703 3201 etiam
746 3161 876 3215 plane
918 3162 1127 3204 redundat

265 3228 410 3314 {igue
428 3216 625 3316 dtoler‘aiiri
670 3218 765 3317 ΠΙΙοι
801 3219 940 3320 nsodc:¹
966 3227 1125 3322 pftggt.

340 3285 381 3313 m
457 3286 553 3316 {ceu
588 3289 656 3317 um
698 3291 744 3319 es
842 3293 865 3320 e
947 3310 956 3320 .
1115 3295 1126 3320 z

265 3338 311 3373 ut
339 3345 392 3373 ne
422 3332 554 3387 teqatz·
582 3334 748 3388 quidem
781 3350 835 3377 ac
863 3338 988 3379 duces
1015 3353 1127 3393 par-

264 3393 369 3433 tium
426 3392 635 3446 restinqui
685 3407 804 3449 posse
856 3396 1129 3438 iracundiam

264 3451 478 3492 exercitus
523 3451 865 3503 arbitrarentur,
922 3454 994 3495 ubi
1046 3469 1127 3495 nce

267 3510 398 3564 legati
411 3510 576 3563 quidem
595 3524 617 3551 a
640 3509 762 3551 libris
784 3510 974 3552 oblatum
998 3513 1124 3553 iidem

266 3570 444 3610 nimium
471 3574 646 3610 tenaces
677 3575 865 3621 tuentur,
898 3570 1126 3624 explican-

268 3630 334 3668 tes
373 3629 500 3669 etiam
541 3642 593 3669 ne
633 3628 764 3684 leqati
811 3629 1003 3684 quicum,-
1051 3629 1126 3672 sed

271 3685 315 3727 in
347 3684 414 3730 hie
445 3689 571 3731 etiam
612 3689 708 3746 quis
747 3686 1013 3732 desideraret
1053 3694 1126 3733 aut

1205 2392 1375 2436 ferret?
1424 2393 1535 2436 Vide
1566 2392 1773 2450 Madvigii
1807 2392 1861 2435 ad
1894 2391 2079 2436 Cicero..

1206 2455 1273 2494 nis
1307 2454 1360 2495 de
1393 2452 1489 2496 Fin.
1521 2452 1703 2495 Exeat-s,
1737 2451 1794 2494 111
1825 2465 1870 2506 p.
1894 2452 1982 2495 826
2013 2466 2078 2508 sq.

1205 2512 1414 2554 Nimirum
1463 2525 1515 2554 ea
1554 2511 1793 2566 particulae
1834 2525 1887 2552 ne
1927 2517 2081 2552 natura

1206 2578 1294 2625 est,
1327 2579 1375 2614 ut
1407 2571 1701 2627 copulativam
1745 2570 2002 2625 particulam
2036 2571 2080 2611 in

1206 2644 1254 2673 se
1286 2633 1485 2686 recipere
1517 2643 1605 2672 non
1642 2631 1794 2686 possit.
1855 2629 1976 2673 Unde
2010 2630 2072 2682 lit,

1206 2697 1253 2732 ut
1275 2692 1319 2732 in
1346 2693 1675 2734 enumeratione
1697 2690 1912 2731 'variarum
1936 2702 2077 2732 rerum

1207 2757 1425 2805 postrema
1444 2783 1455 2802 ,
1487 2763 1600 2805 quae
1630 2762 1708 2805 per
1739 2763 1792 2790 ne
1825 2773 1881 2782 -
1914 2748 2080 2803 quidem

1207 2823 1311 2864 prae
1363 2810 1522 2851 ceteris
1569 2811 1772 2862 effertur,
1822 2813 1895 2849 aut
1934 2807 2078 2849 addita

1209 2875 1282 2910 aut
1320 2881 1553 2922 suppressa
1595 2868 1754 2923 copula
1799 2866 2075 2922 adiungatur.

1208 2927 1467 2982 Plerumque
1501 2927 1659 2981 copula
1690 2927 1996 2981 supprimitur,
2031 2931 2079 2967 ut

1207 2986 1264 3028 ΙΙΙ
1321 2986 1401 3028 14:
1462 3000 1565 3027 nam
1618 3000 1753 3042 neque
1809 2986 2080 3028 ambi-tionem

1207 3044 1436 3088 militarem
1456 3059 1588 3100 neque
1608 3046 1878 3102 provinciam
1894 3045 2076 3100 pessimo

1209 3105 1357 3159 cuique
1398 3105 1655 3156 obnoxiam,
1705 3118 1758 3145 ne
1803 3104 2080 3144 contumelias

1209 3163 1375 3216 quidem
1405 3163 1630 3204 adversum
1667 3165 1967 3218 imperatorem
2007 3163 2078 3201 in-

1207 3223 1344 3274 fitiari
1383 3228 1565 3274 poterat.
1629 3222 1710 3264 50:
1753 3234 1887 3273 neque
1925 3232 2079 3261 carcer

1208 3293 1341 3335 neque
1372 3279 1571 3333 laqueus,
1614 3292 1668 3321 ne
1709 3278 1883 3320 serviles
1915 3278 2081 3331 quidem

1210 3339 1426 3379 cruciatus
1445 3339 1491 3377 in
1510 3351 1601 3378 eum
1623 3338 1881 3393 suffecerint.
1916 3337 1971 3378 Vl
1994 3339 2077 3380 44:

1208 3397 1405 3437 disiectos
1438 3421 1492 3427 -
1524 3409 1577 3435 ne
1608 3398 1753 3437 animo
1785 3395 1948 3450 quidem
1970 3397 2075 3438 satis

1209 3456 1267 3495 acl
1298 3455 1536 3508 obsequium
1578 3454 1801 3497 coaluisse.
1868 3453 1961 3495 XIV
1995 3456 2075 3497 35:

1208 3520 1252 3554 ut
1284 3526 1371 3552 mm
1406 3526 1616 3568 corpora,
1650 3528 1704 3554 ne
1735 3521 1949 3555 senectam
1981 3516 2077 3567 qui..

1210 3573 1302 3612 dem
1329 3597 1382 3602 —
1415 3571 1677 3627 impollutam
1710 3573 1979 3626 relinquant:
2014 3573 2079 3615 sio

1210 3634 1324 3673 enim
1358 3631 1648 3684 scribendum,
1683 3634 1881 3688 quamvis
1913 3631 1975 3674 Ma
1999 3645 2079 3673 nec

1208 3690 1250 3734 h.
1292 3689 1321 3733 1.
1362 3690 1582 3747 praebeat.
1664 3688 1715 3735 ss.
1760 3690 1797 3735 11
1850 3691 1935 3736 76:
1993 3703 2079 3733 non
