2280 4004
231 257 267 300 e
886 254 892 260 ·
1006 238 1305 302 ammi
1807 254 1926 304 afa.
1956 252 2064 309 aot

230 398 610 465 interpretatum
654 394 945 460 tradidere,-
1000 398 1247 463 vergente
1295 399 1533 448 autumno
1570 398 1795 450 mortem·
1813 396 2064 467 principis

233 490 450 542 ostendi.
525 487 652 539 Illud
701 487 837 538 haud
893 487 1192 556 ambigitur,
1261 487 1614 555 qualicumque
1667 489 1924 541 insomnio
1965 489 2064 556 ipsi

232 580 478 644 fratrique
505 577 786 644 perniciem
808 578 1043 630 adlatam.
1115 578 1412 632 Sestertium
1439 579 1738 645 quindecies
1765 585 1815 631 et
1840 580 2062 649 insignia
2112 606 2114 608 ·

229 673 499 735 praeturae
525 668 758 735 Crispino
792 669 1037 721 decretas
1077 668 1282 736 Adiecit
1308 670 1537 722 Vitellius
1565 670 1853 722 sestertium
1883 671 2058 724 decies

193 760 470 826 sSosibio,
545 760 682 826 quod
733 760 1076 811 Britannicum
1110 742 1440 828 praeceptis,
1513 761 1773 814 Claudium
1835 762 2064 815 consiliis

229 851 443 902 iuvaret.
517 852 745 919 Rogatus
792 848 1093 904 sententiam
1157 858 1207 904 et
1254 853 1458 919 Scipio,
1510 852 1646 904 ‘cum
1702 853 1850 906 idem'
1905 853 2066 922 inquit

221 940 312 993 ‘de'
343 941 583 994 admissis
617 943 882 1008 Poppaeae
922 943 1137 995 sentiam
1177 943 1312 1011 qnod
1352 959 1558 1010 omnes,
1607 949 1778 1011 putate
1812 960 1904 997 me'
1929 945 2063 997 idem

231 1032 406 1084 dicere
446 1033 582 1099 quod
620 1031 832 1098 omneS,‘
872 1034 1094 1102 eleganti
1132 1040 1529 1101 temperamento
1567 1035 1701 1087 inter
1739 1036 2063 1104 coniugatem

231 1139 458 1176 amorem
499 1129 549 1176 et
585 1125 895 1177 senatoriam
932 1127 1310 1179 necessitatem.

170 1231 221 1269 w
372 1216 650 1268 Continuus
687 1217 807 1269 inde
843 1223 893 1269 et
929 1233 1114 1271 saevus
1153 1218 1458 1270 accusandis
1493 1218 1599 1271 reis
1636 1218 1858 1284 Suillius,
1895 1217 2115 1279 multi-5
2243 1253 2261 1278 .

231 1322 329 1373 que
354 1307 601 1358 audaciae
629 1308 738 1359 eius
767 1308 968 1360 aemuli.
1041 1310 1167 1361 Nam
1199 1311 1380 1360 cuncta
1409 1309 1579 1376 legum
1607 1314 1658 1361 et
1681 1309 2063 1383 magistratuum

228 1398 399 1449 munia
434 1398 486 1448 in
523 1412 581 1449 se
615 1398 823 1450 trahens
852 1399 1090 1466 princeps
1125 1399 1388 1451 materiam
1423 1399 1707 1466 praedandi
1733 1399 2064 1467 patefecerat.

228 1488 336 1541 Nec
392 1488 661 1555 quicquam
702 1489 938 1556 publicae
972 1490 1160 1543 mercis
1206 1495 1307 1543 tam
1343 1491 1526 1543 venale
1574 1491 1666 1542 fuit
1717 1506 1866 1558 quam
1899 1490 2067 1543 advo-

231 1583 459 1631 catorum
495 1580 735 1647 perfidia,
792 1581 922 1633 adeo
957 1585 1011 1633 ut
1049 1581 1278 1648 SamiUS‚
1338 1582 1555 1651 insignis
1596 1597 1751 1650 eques
1788 1572 2062 1648 RomanuS,

349 1735 387 1776 1.
421 1734 623 1776 autumno
655 1733 736 1788 Ma,
770 1739 858 1777 non
890 1743 1004 1779 auct.
1097 1739 1140 1782 2.
1176 1738 1263 1779 aud
1293 1735 1374 1780 Ma.
1453 1737 1496 1780 3.
1529 1736 1711 1781 allatam
1739 1735 1822 1781 Ma.
1914 1739 1958 1783 4.
1993 1738 2067 1780 ui-

229 1786 353 1834 tettivz
382 1792 463 1835 Ma.
588 1795 629 1837 5.
663 1792 968 1838 brittannicum
999 1794 1080 1838 Ma.
1202 1798 1243 1840 7.
1285 1795 1507 1853 Poppaeae
1547 1798 1730 1840 sentiam
1773 1795 2065 1840 Puteolanus:

221 1866 360 1909 poppe
392 1866 519 1895 assen
552 1854 621 1908 (in
653 1867 806 1896 versus
840 1855 943 1910 fine)
970 1858 1198 1899 essentiam
1228 1855 1309 1909 Ma,
1338 1869 1561 1912 poppaeae
1592 1857 1847 1900 sententiam
1879 1852 1927 1910 G,
1952 1869 2066 1914 pop-

222 1925 364 1968 paeae
397 1913 627 1954 assentiam
659 1913 708 1955 B.
765 1914 1107 1972 Bezzenberger
1134 1915 1360 1972 Poppaeae
1391 1929 1563 1958 neeesse
1603 1918 1659 1960 sit
1689 1919 1884 1959 sentiam.
1977 1930 2065 1958 oms

1727 1977 1796 2021 10.
1827 1989 1952 2019 sen-s
1982 1974 2063 2019 Ψ.

227 1983 325 2013 cum
348 1970 526 2018 lin.Ma.
618 1973 662 2015 8.
695 1987 742 2015 os
774 1980 871 2016 cum
903 1974 981 2016 lin.
1008 1973 1111 2017 M³.'
1183 1974 1225 2018 9.
1256 1977 1515 2018 senatoriam
1545 1974 1629 2018 Ma.

231 2032 300 2076 112
335 2032 527 2074 audacia
554 2040 772 2087 superscr.
807 2047 829 2075 e
860 2033 943 2076 Ma.

320 2167 425 2223 Cap.
461 2167 503 2212 5.
567 2175 670 2211 nam
702 2175 860 2212 cuncta
890 2171 1029 2227 leyum
1064 2174 1105 2214 et

227 2227 555 2284 magistratuum
585 2230 761 2271 mania:
796 2230 970 2286 Lipsius
1005 2239 1101 2273 cum

229 2286 283 2328 ad
324 2286 435 2330 haec
477 2288 612 2330 verba
671 2291 846 2344 scripsit
901 2290 958 2332 ‘F
997 2301 1102 2332 nece

228 2346 366 2388 refert
379 2359 456 2401 pro
474 2349 647 2389 munia.-
668 2348 799 2390 deleo
813 2354 920 2391 vero
933 2355 1102 2390 utrum-

230 2419 340 2460 que,
380 2410 428 2447 ut
460 2406 708 2463 glossema’‚
742 2421 829 2449 non
862 2410 907 2450 in
941 2421 994 2451 eo
1029 2409 1102 2450 of-

229 2465 394 2519 rendit,
428 2467 544 2521 quod
568 2466 706 2522 le9um
724 2474 763 2509 et
779 2469 1105 2523 niayistratuum

229 2526 394 2576 munia,
429 2525 506 2566 sed
541 2525 654 2580 quod
693 2528 849 2568 cuncta
875 2552 932 2559 ——
955 2528 1105 2568 munia

229 2583 436 2635 scriptum
468 2583 670 2639 legebat,
704 2598 849 2640 neque
881 2586 996 2627 iuste
1028 2599 1103 2627 re-

230 2641 400 2682 fellitur
433 2642 485 2682 ab
522 2643 575 2682 iis
609 2644 683 2697 qui
727 2650 970 2697 provocant
1001 2643 1053 2686 ad
1085 2644 1103 2685 1

229 2702 258 2743 2
287 2702 436 2742 inania
465 2705 638 2743 senatus
678 2703 1004 2759 magistratuum
1036 2703 1102 2745 te-

229 2764 328 2813 ynnt
357 2760 404 2801 in
435 2773 480 2801 se
525 2761 716 2803 trahere.
779 2761 928 2803 Nihilo
960 2763 1102 2803 minus

229 2818 402 2872 Lipsius
455 2821 641 2861 erravit:
696 2822 898 2863 nimirum
947 2825 1103 2863 cancta

228 2879 377 2918 munia
408 2888 636 2933 perperam
671 2881 924 2933 coniunxit,
970 2893 1101 2937 quum

230 2935 314 2977 duo
349 2936 523 2979 obiecta
546 2937 587 2979 h.
623 2938 651 2981 l.
687 2941 806 2981 iuxta
826 2941 970 2994 posita
999 2942 1100 2992 sint,

229 3005 359 3037 unum
391 3003 547 3038 cuneta
579 2996 737 3053 leyum,
787 2998 971 3040 alterum
1003 3013 1100 3041 ma-

227 3055 482 3110 qistratuum
513 3058 676 3100 munia.
886 3093 888 3096 ,

317 3115 490 3157 consule
522 3116 771 3173 desiqna‘to:
802 3126 890 3171 non
922 3118 966 3158 in
995 3124 1100 3172 pro-

228 3172 345 3217 xime
385 3174 637 3218 inferiorem
684 3180 763 3233 (eo
812 3177 985 3218 scilicet
1020 3178 1099 3219 Vi-

229 3233 378 3274 tellius
411 3237 454 3275 et
479 3235 717 3290 Vipstanus
751 3236 955 3278 consules
977 3237 1098 3278 ordi-

229 3293 336 3333 narii
371 3293 536 3350 fuere),
570 3295 645 3336 sed
680 3296 722 3335 in
746 3297 918 3337 tertium
939 3296 1099 3337 abhinc

229 3364 387 3392 annum
422 3352 676 3409 designatus
712 3359 816 3397 erat.
863 3355 934 3396 Sic
965 3354 1098 3396 Tibe-

229 3411 318 3451 rius
333 3409 589 3453 Germanico
607 3412 792 3454 alterum
823 3414 1097 3455 consulatum

228 3482 267 3509 a.
308 3469 360 3511 16
393 3469 551 3511 obtulit
585 3471 646 3526 (ll
668 3473 765 3529 26),
800 3475 924 3514 cuius
952 3474 1098 3515 munia

228 3538 436 3579 praesens
470 3528 627 3582 obiret,
661 3531 736 3570 sed
760 3532 836 3573 ille
864 3545 901 3574 a.
936 3532 989 3575 18
1016 3531 1096 3573 de-

228 3597 341 3626 nium
399 3586 514 3629 hunc
564 3590 864 3645 magistratum
918 3591 1097 3633 biennio

227 3649 328 3684 ante
360 3644 552 3687 oblatum
585 3649 722 3703 gessit
755 3650 815 3703 (Π
844 3651 940 3705 53).

1285 2171 1499 2228 leqemque
1553 2171 1777 2214 Cinciam.-
1827 2170 1963 2214 ‘certa
2011 2185 2066 2216 ea

1189 2230 1405 2286 scriptura
1437 2243 1492 2273 ex
1512 2230 1635 2273 libris
1667 2237 1712 2273 et
1729 2229 1926 2274 historia.
1975 2231 2063 2275 Le..

1189 2303 1289 2347 gem
1322 2290 1391 2332 dec
1409 2290 1534 2331 donis
1569 2296 1612 2331 et
1643 2291 1895 2333 muneribus
1938 2293 2063 2346 (mu-

1188 2349 1384 2391 neralem
1427 2355 1527 2404 apte
1569 2349 1747 2391 Plautus
1790 2350 1902 2391 dixit
1948 2351 2063 2405 apud

1187 2407 1394 2461 Festum'‚
1431 2410 1562 2450 immo
1596 2410 1641 2450 in
1675 2410 1867 2464 epitoma
1911 2404 2060 2467 Pauli)

1182 2467 1303 2509 ‘tulit
1350 2469 1406 2510 M.
1455 2466 1634 2510 Cincius
1676 2467 1876 2510 tribunus
1917 2468 2061 2523 plebis

1187 2539 1226 2568 a.
1261 2539 1308 2569 u.
1341 2527 1441 2570 549.
1498 2527 1681 2570 Rettulit
1712 2530 1870 2570 iterum
1900 2527 2060 2585 Augu-

1186 2591 1277 2627 stus
1343 2593 1679 2628 evanescentem
1739 2589 1961 2629 vetustate
2017 2592 2061 2628 et

1186 2644 1373 2686 firmavit
1391 2657 1506 2686 novo
1529 2645 1730 2688 consulto
1747 2647 1940 2688 senatus.
1974 2643 2058 2688 Dio

1185 2703 1278 2745 LIV
1294 2704 1374 2746 18:
1407 2702 1609 2754 καὶτοὺς
1631 2704 1836 2762 ῥήτορας
1861 2705 1892 2748 n?
1930 2709 2060 2749 ισθεὶ

1188 2764 1560 2820 συναγορεύειν,
1626 2762 1651 2818 ἧ
1712 2776 1883 2823 teman
1917 2765 2060 2809 ἀσιον

1186 2823 1300 2867 ὅσον
1319 2823 1379 2866 ἄν
1398 2824 1603 2880 λάβωσιν
1622 2825 1816 2868 ἐκτίνειν
1833 2826 2055 2869 ἐκέλευσε.

1184 2881 1297 2923 Noto
1345 2895 1420 2935 ea,
1461 2896 1517 2925 ne
1564 2884 1659 2939 quis
1703 2884 1909 2937 miretur,
1959 2888 2057 2925 cuin

1185 2940 1464 2995 plebiscitum
1485 2943 1633 2995 fuerit,
1668 2943 1819 2985 vocari
1850 2945 2057 2984 senatus·-

1185 3001 1430 3042 consultum
1473 3015 1497 3042 a
1540 3002 1687 3044 Tacito
1730 3000 1829 3044 xm
1871 3001 1942 3045 42’
1988 3003 2058 3057 (et

1184 3058 1293 3101 Plin.
1328 3058 1408 3114 Ep.
1445 3061 1481 3102 V
1513 3062 1610 3118 21).
1674 3060 1866 3102 Liesms.

1272 3117 1377 3173 Cap.
1409 3119 1451 3161 6.
1506 3120 1561 3161 iis
1582 3121 1752 3174 quibus:
1785 3120 1840 3161 iis
1866 3119 2055 3174 praetuli

1182 3177 1390 3233 vulgatae
1414 3178 1534 3234 (his),
1568 3188 1654 3220 non
1690 3185 1776 3221 tam
1809 3178 1948 3222 fretus
1972 3192 2055 3222 au-

1184 3238 1385 3279 ctoritate
1431 3236 1532 3278 libri
1586 3237 1619 3280 G
1665 3248 1792 3294 quam
1840 3240 2055 3294 scriptura

1183 3295 1348 3338 codicis
1381 3296 1446 3338 Ma
1477 3298 1514 3337 si
1548 3297 1627 3339 his.
1692 3297 1754 3339 lbi
1789 3299 1902 3339 eni'm
1928 3300 1948 3339 s
1972 3296 2053 3338 ad-

1183 3355 1324 3397 haesit
1365 3369 1418 3397 ex
1460 3358 1658 3410 proximo
1706 3356 2050 3412 obstrepentibus,

1182 3427 1264 3470 qua
1297 3415 1473 3456 revulsa
1514 3421 1647 3457 restat
1689 3416 1796 3468 iltis,
1846 3415 1887 3456 h.
1924 3427 1963 3456 e.
1997 3414 2051 3455 iis

1181 3474 1341 3515 leviter
1377 3481 1638 3529 corruptum.

1275 3544 1392 3574 nunc
1441 3534 1690 3575 inimicitias
1737 3531 2047 3585 accusationes,

1182 3592 1282 3634 odia
1314 3600 1354 3634 et
1383 3593 1567 3634 iniurias
1600 3591 1761 3647 foveri:
1794 3593 1893 3645 post
1913 3604 2047 3633 acca-

1180 3653 1366 3693 sationes
1393 3663 1547 3693 vocem
1566 3649 1741 3705 paulum
1765 3649 2044 3696 inhibendam
