2280 4004
239 294 266 327 a
295 280 344 325 C.
381 283 453 327 22.
796 277 962 324 LIBER
991 277 1061 322 111.
1125 277 1234 326 Cu.
1267 277 1458 324 69—71.

1973 281 2066 327 227

179 489 184 492 .
238 425 291 476 in
325 425 478 489 urbe,
539 422 725 475 nullum
771 427 939 476 tamen
974 422 1061 475 tali
1102 427 1441 491 cognomento
1481 426 1605 474 erat.
1677 421 1946 489 Repertum
1988 429 2066 476 est

242 516 422 568 aedem
459 530 573 568 esse
610 516 741 583 apud
777 516 982 567 Antium
1021 529 1150 582 quae
1185 515 1261 567 sic
1302 519 1702 581 nuncuparetur,
1755 519 2065 582 cunctasque

244 608 578 660 caerimonias
614 607 800 659 Italicis
836 607 889 658 in
920 606 1135 673 oppidis,
1163 605 1445 672 templaque
1484 610 1533 657 et
1559 605 1814 658 numinum
1845 606 2063 674 effigies,

239 699 364 751 iuris
404 704 552 766 atque
605 698 800 765 imperii
841 698 1055 751 Romani
1101 712 1233 750 esse.
1329 698 1401 749 lta
1455 697 1642 749 donum
1691 697 1823 765 apud
1858 698 2065 750 Antium

242 790 487 843 statuitur.
561 789 623 840 Et
676 789 911 854 quoniam
969 788 1033 840 de
1076 788 1411 855 religionibus
1461 789 1796 855 tractabatur,
1860 789 2105 845 dilatums

242 878 402 949 nup'er
438 894 737 947 responsum
789 880 1036 932 adversus
1090 879 1322 934 Servium
1360 879 1761 947 Maluginensem
1813 881 2067 934 flaminem

241 973 436 1026 Dialem
482 971 726 1038 prompsit
772 971 992 1036 Caesar,
1055 971 1390 1037 recitavitque
1445 971 1704 1024 decretum
1754 971 2064 1039 pontificum,

243 1065 474 1131 quotiens
508 1062 733 1114 valitudo
773 1062 991 1135 adversa
1029 1062 1280 1114 flaminem
1317 1062 1513 1114 Dialem
1552 1064 1875 1130 incessisset,
1913 1069 2068 1132 utque

241 1154 491 1222 pontilicis
517 1154 720 1205 maximi
758 1153 967 1205 arbitrio
997 1152 1109 1218 plus
1145 1167 1292 1218 quam
1319 1153 1596 1205 binoctium
1628 1154 1848 1220 abesset,
1884 1155 2068 1207 dumne

243 1246 422 1300 diebus
458 1246 645 1314 publici
683 1245 950 1309 sacrificii,
1012 1259 1112 1296 neu
1157 1244 1359 1311 saepius
1420 1259 1567 1311 quam
1621 1245 1700 1296 bis
1751 1246 1967 1298 eundem
2015 1250 2134 1298 inm

243 1353 456 1403 annum3
513 1353 642 1404 quae
678 1337 908 1403 principe
943 1335 1175 1403 Augusto
1238 1336 1508 1388 constituta
1555 1337 1679 1388 satis
1733 1337 2070 1389 ostendebant

244 1445 459 1495 annuam
498 1429 774 1481 absentiam
817 1433 866 1479 et
898 1428 1276 1494 provinciarum
1315 1428 1802 1482 administrationem
1840 1429 2069 1483 Dialibus

243 1536 347 1574 non
395 1520 626 1572 concedi.
717 1519 1193 1585 Memorabaturque
1244 1519 1385 1570 Lucii
1417 1520 1604 1572 Metelli
1655 1520 1907 1586 pontificis
1959 1537 2071 1573 ma-

243 1612 365 1664 ximi
415 1610 720 1677 exemplum,
778 1610 863 1676 qui
896 1608 1079 1661 Aulum
1116 1609 1419 1683 Postumium
1467 1610 1717 1663 flaminem
1768 1612 2067 1664 attinuisset.

245 1705 315 1756 Ita
353 1718 467 1755 sors
510 1687 667 1754 Asiae
703 1701 754 1752 in
793 1715 905 1754 eum
942 1702 1026 1768 qui
1061 1700 1400 1754 consularium
1437 1701 1775 1770 Maluginensi
1809 1703 2133 1769 proximusis

245 1800 354 1847 erat
392 1793 590 1846 collata.

363 1971 405 2013 2.
438 1978 539 2029 aput
567 1970 622 2014 M.
696 1978 1012 2026 nuncuper-etur
1043 1970 1097 2013 Μ.
1171 1971 1214 2013 3.
1249 1971 1394 2013 ocrim.
1429 1970 1484 2013 M.
1556 1971 1600 2015 4.
1634 1979 1737 2028 aput
1767 1971 1822 2016 M.
1915 1972 1955 2017 5.
1991 1987 2070 2030 quo

245 2029 283 2071 M
314 2043 410 2071 cum
442 2030 534 2082 lin.,
569 2043 680 2086 quae
713 2036 779 2072 est
802 2035 912 2084 part.
948 2031 1146 2084 quoniam
1177 2036 1294 2072 nota.
1358 2031 1490 2086 releq.
1515 2029 1570 2072 M.
1634 2031 1676 2074 6.
1714 2032 2072 2089 Malluyinensem

248 2089 310 2141 M,
356 2088 433 2129 sed
479 2089 593 2130 idem
645 2102 775 2143 supra
813 2094 943 2144 atque
988 2089 1103 2130 infra
1149 2089 1338 2143 simplici
1373 2088 1387 2129 l
1418 2089 1593 2142 scribit,
1649 2096 1696 2130 ut
1727 2090 1842 2132 Fast.
1879 2091 2067 2146 Capitol.

251 2148 291 2190 7.
323 2149 521 2203 promisit
552 2148 606 2190 M.
697 2148 740 2191 8.
787 2155 910 2202 utque
945 2148 1110 2189 editor:
1143 2148 1183 2189 M
1213 2155 1272 2190 ut.
1309 2147 1557 2190 Waltherus
1592 2150 1707 2192 coni.
1741 2158 1837 2203 aut,
1875 2151 2070 2194 Halmius

251 2213 291 2247 et
318 2213 377 2248 ut.
469 2207 513 2249 9.
546 2206 680 2262 vulgo
712 2206 907 2249 scribunt
941 2207 1037 2248 dum
1067 2221 1134 2260 ne,
1170 2212 1213 2248 et
1245 2208 1308 2249 sic
1339 2207 1514 2249 videtur
1545 2209 1590 2249 in
1622 2208 1662 2250 M
1696 2222 1807 2263 esse,
1840 2209 1919 2253 sed
1951 2211 2069 2254 conf.

242 2279 379 2319 necne
414 2271 456 2307 et
487 2266 654 2308 nedum.
722 2267 789 2309 10.
818 2266 999 2323 publicii
1028 2267 1083 2309 M.
1150 2267 1218 2309 13.
1253 2266 1303 2308 L.
1341 2266 1394 2309 M.
1461 2267 1529 2310 16.
1568 2267 1679 2310 conl.
1713 2268 1768 2310 M.

247 2405 362 2450 edito
418 2406 618 2462 exemplo
668 2406 839 2451 Curiosi
894 2408 1015 2452 Urbis
1074 2414 1116 2451 et

246 2468 433 2509 Notitiae
483 2473 739 2521 susceptus:
804 2481 934 2510 verus
1000 2471 1115 2510 enim

246 2539 395 2568 eor-um
427 2525 691 2579 libellorum,
726 2529 797 2582 qui
819 2528 871 2569 ad
890 2527 933 2568 P.
960 2528 1114 2570 Victo-

243 2598 334 2628 rem
355 2585 707 2628 autSex.Rurum
721 2586 831 2628 falso
851 2586 1113 2640 referuntur,

1201 2407 1414 2451 Fortunas
1473 2408 1686 2463 Antiatis,
1751 2410 2069 2467 Praenestinas,

1199 2469 1497 2524 Respicientis‚
1532 2469 1783 2512 balnearum
1818 2473 1945 2513 etiam
1961 2472 2071 2514 For-

1200 2534 1339 2581 tunas,
1371 2529 1505 2569 omnis
1530 2542 1624 2570 cum
1634 2532 1804 2585 pennis,
1831 2545 1926 2572 cum
1950 2533 2070 2584 rotis,

1201 2601 1294 2628 cum
1322 2586 1624 2642 yubernaculis
1652 2590 1847 2645 reperias
1887 2590 1957 2644 (in
1988 2590 2072 2633 Se·-

246 2650 498 2697 contextus,
539 2646 622 2686 iam
664 2658 689 2687 a
727 2644 920 2688 Prellero
966 2647 1114 2688 multis

245 2703 412 2745 mendis
442 2710 716 2760 repurgatus,
744 2712 990 2760 equestrem
1004 2705 1115 2747 For-

246 2767 388 2805 tunam
419 2776 506 2804 non
537 2764 761 2818 agnoscit,
801 2764 877 2805 sed
908 2764 1040 2806 habet
1072 2767 1115 2806 in

245 2823 428 2877 regione
465 2821 503 2862 X
529 2821 760 2863 Fortunam
793 2824 1115 2878 Respicientem,

247 2880 291 2920 in
323 2878 378 2920 xl
413 2880 657 2920 Fortunium
678 2880 787 2935 (hoc
803 2882 896 2923 sola
915 2882 1118 2939 Notitia),

246 2939 291 2977 in
336 2936 413 2978 Xll
455 2937 686 2980 Fortunam
722 2939 1022 2992 Mammosam,
1074 2943 1118 2982 in

248 2994 344 3037 XIV
378 2995 544 3038 Fortem
570 2997 814 3042 Fortunam.
869 2998 1019 3054 Neque
1040 2999 1116 3042 Ci-

250 3066 350 3096 cero
403 3053 532 3110 (Leg.
580 3054 619 3096 11
663 3058 714 3099 11
756 3058 836 3114 28)
887 3066 1118 3113 equestrem

249 3119 448 3155 recenset
479 3113 700 3157 scribens:
734 3116 1028 3173 Fortunaeque
1063 3121 1117 3160 sit

252 3174 455 3228 (nomen)
502 3172 569 3214 vel
612 3173 801 3217 ‘huiusce
851 3176 946 3218 diei'
998 3179 1117 3233 (nam

248 3228 362 3270 valet
390 3231 448 3271 im
478 3244 620 3273 omnes
640 3232 761 3290 dies),
783 3234 849 3275 vel
869 3237 1119 3292 Respiciens

250 3288 308 3329 ad
345 3301 462 3344 opem
506 3291 749 3344 serendam,
791 3292 857 3335 vel
902 3294 1026 3348 Fors,
1073 3296 1119 3335 in

250 3360 329 3401 quo
360 3348 517 3388 incerti
547 3361 670 3390 casus
703 3351 999 3404 siqnificantur
1022 3366 1118 3395 ma-

249 3407 341 3462 gis,
390 3405 457 3447 vel
503 3406 763 3462 Primigenia
811 3422 840 3450 a
892 3412 1118 3466 9i9nendo.

249 3464 366 3507 ldem
385 3464 614 3507 dicendum
631 3465 684 3508 de
702 3465 935 3521 Frontone,
964 3471 1036 3524 qui
1068 3468 1121 3510 ad

250 3523 510 3566 Antoninum
544 3524 654 3580 Auq.
687 3526 737 3567 de
760 3526 1034 3569 Orationibus
1062 3527 1122 3569 lv

252 3583 297 3633 δ.
337 3584 390 3627 10
426 3596 468 3638 p.
497 3584 579 3626 125
612 3583 679 3626 ed.
713 3584 866 3627 Nieb.:
899 3586 1122 3628 dicendum

253 3646 314 3684 est
341 3641 392 3685 de
423 3642 615 3687 Fortuna
654 3643 840 3700 aliquid.-
888 3647 1022 3689 omnis
1062 3645 1122 3690 ibi

1199 2659 1337 2687 necae
1369 2645 1533 2703 libris).
1577 2647 1729 2703 ltaque
1757 2647 1901 2691 Fulvii
1931 2663 2071 2705 eque-

1199 2706 1298 2747 stris
1346 2704 1565 2747 Fortunae
1617 2707 1825 2762 templum
1871 2709 1917 2749 in
1964 2708 2071 2751 urbe

1202 2764 1421 2806 conditum
1453 2766 1566 2806 inter
1597 2779 1755 2807 annum
1777 2767 1865 2810 662
1890 2773 1933 2808 et
1956 2766 2072 2809 hunc

1202 2824 1286 2866 775
1318 2825 1522 2865 incendio
1545 2831 1846 2879 consumptum
1880 2839 1976 2869 esse
1998 2831 2073 2868 aut

1203 2882 1289 2924 alio
1325 2895 1428 2924 casu
1447 2882 1638 2925 deletum
1659 2890 1913 2927 statuemus.
1959 2884 2072 2927 Olim

1203 2942 1297 2995 ipse
1346 2940 1455 2983 haec
1511 2943 1645 2985 verba
1695 2947 1890 3000 argutius
1945 2957 2073 3000 quam

1201 3001 1346 3042 verius
1380 2999 1613 3055 explicavi.

1278 3067 1402 3115 utque
1424 3060 1612 3102 abesset:
1645 3060 1751 3103 licet
1775 3061 1936 3102 flamini
1955 3062 2072 3103 Diali

1200 3118 1298 3173 plus
1343 3132 1469 3174 quam
1518 3119 1758 3160 binoctium
1816 3119 1970 3161 abesse
2013 3119 2071 3160 ab

1200 3177 1362 3228 urhe,·
1393 3178 1594 3231 quotiens
1645 3177 1840 3218 valitudo
1891 3177 2074 3219 adversa

1205 3249 1302 3277 eum
1334 3235 1544 3286 incessit;
1590 3234 1703 3276 idem
1752 3236 1792 3277 ei
1838 3235 1942 3277 licet
1973 3236 2072 3277 aliis

1205 3294 1257 3335 de
1291 3294 1433 3334 causis
1458 3305 1546 3333 non
1563 3292 1767 3346 definitis,
1800 3294 1877 3335 sed
1900 3294 2074 3336 nonnisi

1204 3352 1383 3393 arbitrio
1415 3351 1633 3404 pontificis
1666 3353 1854 3405 maximi,
1875 3365 1961 3409 quo
1985 3365 2074 3395 non

1206 3422 1315 3464 opus
1372 3416 1437 3451 cst
1489 3413 1533 3451 in
1588 3410 1827 3452 valitudine
1874 3412 2071 3455 adversa.

1204 3468 1291 3510 Iam
1325 3482 1420 3510 cum
1453 3469 1506 3510 ad
1526 3470 1695 3511 solitam
1717 3469 1940 3513 absentiae
1967 3484 2075 3513 cau-

1206 3540 1295 3569 sam
1328 3527 1537 3570 accedant
1565 3529 1804 3571 nonnullae
1825 3530 2077 3584 apontifice

1207 3586 1534 3641 diiudicandae,
1584 3588 1799 3642 particula
1842 3591 2077 3645 requiritur

1205 3646 1391 3704 augendi
1413 3647 1456 3691 vi
1474 3647 1683 3704 praedita,
1712 3661 1894 3706 eamque
1916 3648 2075 3694 adieci.
