2280 4004
263 315 292 349 a
323 303 372 349 G.
404 305 595 351 24-25.
828 303 991 350 LIBER
1020 302 1095 348 IV.
1163 302 1267 348 CAP.
1301 302 1494 347 32—34.
1998 302 2087 347 265

263 448 483 501 retinent
521 463 582 500 ac
620 445 971 515 redintegrant
1003 446 1279 515 legentium
1319 445 1563 497 animum:
1603 457 1698 495 nos
1735 457 1890 495 saeva
1930 442 2085 508 iussa,

267 541 533 593 continuas
571 539 943 604 accusationeS,
970 539 1176 590 fallaces
1217 538 1480 601 amicitias,
1518 535 1796 603 perniciem
1835 535 2088 586 innocen-

266 632 387 684 tium
417 637 466 683 et
502 631 708 683 easdem
747 630 884 682 exitii
924 645 1104 682 causas
1139 629 1508 697 coniungimuS,
1549 627 1698 679 obvia
1739 641 1908 679 rerum
1943 626 2089 677 simi-

266 723 477 776 litudine
517 727 568 775 et
605 722 852 774 satietate.
940 723 1059 773 Tum
1114 722 1247 788 quod
1293 721 1510 788 antiquis
1560 719 1892 791 scriptoribus
1940 731 2087 774 rarus

267 814 595 886 obtrectator,
632 828 796 880 neque
834 813 991 866 refert
1029 813 1319 879 cuiusquam
1349 812 1562 865 Punicas
1590 794 1912 864 Romanasve
1949 810 2127 866 aciess

266 904 444 958 laetius
480 905 754 957 extuleris:
815 910 866 956 at
914 904 1179 956 multorum
1235 904 1320 970 qui
1356 903 1558 955 Tiberio
1608 907 1822 971 regente
1873 916 2089 968 poenam

257 994 347 1046 ‘vel
386 995 641 1047 infamiam
676 995 904 1060 subiere,
959 995 1152 1061 posteri
1188 999 1405 1046 manent.
1480 996 1642 1060 thue
1691 993 1912 1047 familiae
1948 992 2089 1060 ipsae

265 1086 364 1138 iam
419 1087 671 1146 extinctae
720 1086 852 1152 sint,
918 1086 1146 1152 reperies
1205 1086 1288 1152 qui
1349 1086 1414 1136 ob
1470 1085 1847 1137 similitudinem
1892 1098 2088 1140 morum

265 1178 429 1230 aliena
467 1178 734 1230 malefacta
773 1177 870 1229 sibi
929 1177 1175 1231 obiectari
1213 1181 1400 1243 putent.
1474 1176 1636 1229 Etiam
1674 1175 1840 1243 gloria
1879 1190 1939 1226 ac
1977 1174 2087 1229 vir-

265 1274 343 1322 tus
381 1269 608 1322 infensos
649 1270 825 1334 habet,
883 1275 936 1320 ut
970 1269 1118 1321 nimis
1163 1285 1227 1322 ex
1270 1267 1551 1335 propinquo
1592 1267 1797 1320 diversa
1846 1280 2147 1334 arguens.1o

264 1360 367 1413 Sed
401 1360 466 1412 ad
501 1361 753 1427 inceptum
788 1360 965 1414 redeo,

181 1453 254 1503 34
421 1452 657 1504 Cornelio
706 1452 867 1504 Cosso
919 1452 1101 1504 Asinio
1166 1452 1393 1521 Agrippa
1457 1452 1750 1504 consulibus
1808 1451 2090 1504 Cremutius

269 1542 465 1595 Cordus
513 1543 821 1610 postulatur,
883 1559 1017 1596 novo
1086 1561 1146 1596 ac
1199 1551 1317 1596 tunc
1371 1545 1584 1611 primum
1632 1543 1803 1595 audito
1860 1544 2088 1609 crimine,

269 1633 403 1700 quod
441 1633 588 1686 editis
628 1634 893 1686 annalibus
926 1635 1231 1703 laudatoque
1264 1637 1438 1689 Marco
1464 1636 1616 1687 Bruto
1640 1636 1817 1688 Gaium
1862 1635 2089 1687 Cassium

383 1776 424 1817 2.
453 1775 696 1830 permitiem
727 1774 780 1818 M.
871 1777 913 1818 3.
951 1777 1071 1818 exitii
1102 1775 1318 1819 Pichena:
1351 1777 1392 1819 M
1423 1778 1555 1818 exitu.
1628 1777 1669 1820 4.
1704 1789 1793 1818 sac.
1827 1775 1881 1818 Μ.
1949 1775 1989 1818 6.
2025 1778 2088 1832 αι]
2139 1771 2143 1776 ”

267 1833 325 1874 ad
355 1832 408 1875 M.
473 1834 513 1875 7.
545 1835 752 1890 infamias
783 1835 851 1891 (in
884 1835 970 1877 fine
1003 1841 1180 1893 versus)
1215 1837 1278 1878 M:
1311 1838 1538 1892 infamiam
1572 1835 1758 1890 Lipsius.
1850 1842 2005 1890 utquae
2032 1835 2089 1876 M.

272 1893 338 1936 10.
370 1893 574 1934 utanimis
606 1894 676 1935 M:
710 1896 900 1937 correxit
926 1894 1111 1949 Lipsius,
1188 1897 1254 1938 11.
1289 1896 1363 1937 secl
1393 1902 1598 1952 anceptO,
1634 1895 1701 1951 (h.
1738 1909 1776 1936 e.
1814 1895 1888 1936 secl
1920 1895 2094 1950 incepto

266 1952 655 2053 {ifveluinmgmffih
687 1952 927 2005 Beroaldus
958 1955 1031 1996 secl
1062 1955 1119 1998 ad
1149 1955 1335 2013 incepta.
1417 1958 1484 1999 12.
1526 1968 1610 1997 cos.
1658 1967 1754 1997 cum
1788 1953 1865 1996 lin.
1900 1954 1955 1998 M.
2023 1953 2091 1998 14.

268 2144 373 2185 mati
402 2148 475 2184 aut
504 2143 635 2184 verba
666 2144 951 2199 infamantia,
1000 2158 1135 2199 repu-

269 2208 430 2260 gnante
463 2202 550 2243 loci
582 2205 813 2245 sententia.
878 2202 947 2245 Cf.
987 2211 1133 2245 annot.

270 2263 322 2304 ad
353 2260 411 2302 ΙΙΙ
444 2262 518 2304 45.
579 2262 791 2317 Infamias
821 2275 898 2316 pro
929 2263 1135 2306 infamiae

270 2321 507 2378 generibus
539 2333 666 2363 nemo
687 2321 865 2363 Latinus
898 2335 1029 2364 ausus
1053 2330 1133 2365 est.

357 2380 432 2422 sed
471 2380 529 2421 acl
565 2381 778 2437 inceptum
819 2382 974 2426 redeo:
1027 2382 1135 2424 Hal-

270 2439 395 2491 mius,
423 2441 467 2480 in
489 2440 704 2495 Antiquit.
731 2440 895 2482 diurnis
917 2441 1134 2498 Marburg.

269 2510 307 2539 a.
345 2498 455 2541 1847
489 2510 567 2540 suo
596 2500 691 2541 iure
724 2500 1030 2542 commendans
1062 2502 1135 2541 in-

270 2564 456 2612 ceptum,
500 2563 599 2611 apte
643 2560 912 2613 comparavit
962 2559 1017 2601 Vl
1051 2562 1133 2603 22:

274 2629 327 2656 ne
358 2630 473 2658 nunc
508 2618 676 2674 incepto
719 2618 885 2674 longius
926 2619 1129 2672 abierim,-

270 2675 372 2716 item
406 2674 598 2717 Sallustii
647 2675 774 2720 Catil.
810 2679 862 2729 7,
905 2677 998 2734 lug.
1033 2678 1062 2720 4
1093 2685 1136 2720 et

270 2733 342 2776 42.
393 2733 518 2776 Conf.
552 2734 685 2778 Tacit.
721 2737 798 2778 XV
831 2737 916 2779 36:
951 2738 1135 2779 deseruit

271 2791 494 2848 inceptum.

358 2851 463 2905 Cap.
477 2854 549 2895 34.
586 2853 822 2894 Cremutius
837 2853 1000 2896 Cordus
1023 2862 1106 2896 cet.
1124 2869 1134 2895 t

273 2910 452 2951 eandem
483 2923 573 2951 rem
605 2918 779 2952 narrant
810 2911 892 2953 Dio
928 2913 1042 2955 LVII
1062 2916 1134 2965 24,

273 2968 507 3010 Suetonius
554 2968 696 3012 Tiber.
748 2970 834 3022 61,
889 2972 932 3012 in
987 2973 1135 3026 primis

273 3027 440 3068 Seneca
482 3028 523 3068 in
569 3026 882 3071 Consolatione
923 3031 976 3072 ad
1020 3031 1135 3073 Mar..

275 3087 383 3127 ciam
427 3083 556 3128 Cordi
605 3087 734 3129 filiam
778 3102 814 3130 c.
858 3091 914 3131 22
947 3090 1049 3132 coll.
1095 3093 1134 3132 1.

271 3143 491 3186 Bellorum
526 3146 719 3187 civilium
751 3160 862 3202 quae
903 3149 1134 3191 interfecto

272 3202 381 3243 Iulio
405 3202 590 3246 Caesare
623 3211 747 3260 gesta
779 3212 878 3247 sunt
912 3207 1134 3249 historiam

274 3266 571 3303 contexuerat.
604 3264 727 3316 Apud
746 3264 953 3306 Senecam
980 3267 1133 3322 (2:26)

273 3321 366 3373 ipse
399 3325 495 3373 post
536 3326 716 3363 mortem
762 3323 812 3363 ad
859 3323 989 3365 filiam
1026 3324 1134 3365 hacc

271 3378 422 3419 dicens
478 3378 725 3420 inducitur:
783 3382 956 3423 iuvabat
1010 3384 1137 3424 vanius

270 3437 402 3478 seculi
423 3452 486 3479 me
514 3441 636 3493 facta
662 3451 924 3493 componere,
951 3442 996 3481 in
1010 3449 1136 3496 parte

269 3496 422 3537 ultima
452 3497 599 3538 nncndi
631 3504 668 3537 el
707 3498 821 3537 inim·
859 3500 1135 3554 paucissimos

269 3562 401 3609 qesta.
466 3556 507 3597 Si
574 3568 720 3597 verum
775 3562 840 3596 cst
889 3557 1004 3611 quod
1053 3557 1134 3598 Dio

273 3620 414 3656 narrat
434 3620 477 3655 et
490 3615 739 3667 Suetonius,
757 3614 921 3657 Cordus
936 3616 1133 3674 Augusto

274 3674 504 3727 superstite
547 3674 682 3718 libros
723 3686 825 3719 suos
868 3674 1061 3734 ediderat
1094 3682 1136 3721 et

1221 2146 1297 2187 illo
1332 2145 1537 2186 audiente
1569 2145 1848 2185 recitaverat.
1900 2141 1984 2184 Sed
2010 2142 2094 2183 hoc

1220 2206 1432 2246 incertum
1467 2210 1532 2245 est
1564 2217 1614 2244 ac
1639 2202 1830 2252 dubium,
1857 2214 1950 2243 cum
1980 2202 2094 2255 apud

1220 2265 1412 2306 Tacitum
1446 2276 1497 2305 ea
1530 2276 1615 2314 res,
1650 2275 1762 2318 quae
1785 2259 1837 2302 ad
1864 2260 2092 2302 defensio-

1221 2337 1319 2365 nem
1353 2324 1397 2364 in
1430 2323 1578 2377 primis
1611 2321 1836 2372 valuisset,
1871 2333 1959 2361 non
1993 2333 2090 2363 me-

1220 2388 1426 2424 moretur.
1468 2407 1470 2409 ·

1307 2455 1415 2483 novo
1478 2455 1531 2482 ac
1573 2448 1672 2482 tunc
1709 2441 1895 2496 primum
1946 2437 2090 2480 audito

1219 2502 1423 2543 crimine.-
1470 2513 1629 2541 novum
1682 2505 1773 2540 erat
1816 2512 1866 2540 ac
1908 2499 2092 2552 primum

1218 2560 1410 2602 auditum
1459 2560 1578 2602 illius
1622 2559 1779 2600 aetatis
1823 2560 1960 2614 (lunc)
2007 2556 2091 2598 ho..

1217 2620 1429 2672 minibus,
1473 2632 1559 2660 non
1601 2618 1749 2659 Tacito
1795 2619 1977 2672 eiusque
2010 2630 2091 2658 ae-

1218 2679 1441 2734 qualibus:
1475 2679 1726 2720 Domitiano
1749 2678 1862 2718 enim
1889 2676 2090 2730 principe

1218 2739 1371 2780 eodem
1405 2739 1585 2779 crimine
1625 2737 1843 2778 Arulenus
1887 2736 2091 2776 Rusticus

1219 2803 1261 2839 et
1305 2797 1549 2839 Herennius
1591 2796 1776 2839 Senecio
1812 2794 2089 2837 ceciderant:

1217 2857 1322 2912 Agr.
1349 2858 1389 2898 2.
1446 2857 1566 2907 Quae
1590 2855 1804 2897 saevitiae
1830 2854 2092 2895 documenta

1220 2928 1315 2957 cum
1366 2927 1520 2956 recens
1571 2916 1614 2955 in
1670 2917 1812 2956 animo
1857 2912 2090 2955 scribentis

1219 2975 1480 3027 haererent,
1540 2974 1575 3014 is
1630 2974 1786 3028 prioris
1838 2972 1993 3014 aetatis
2046 2973 2090 3014 in

1219 3032 1371 3075 eodem
1405 3046 1568 3089 genere
1601 3032 1847 3087 exemplum
1871 3031 2085 3088 singulari

1218 3092 1447 3147 diligentia
1482 3098 1692 3135 executus
1725 3097 1804 3133 est.

1306 3151 1563 3205 laudatoque
1596 3152 1749 3192 Marco
1781 3150 1912 3190 Bruto
1938 3146 2091 3188 Gaium

1220 3210 1413 3250 Cassium
1454 3211 1746 3250 Romanorum
1786 3206 1976 3247 ultimum.
2021 3205 2088 3246 di-

1215 3268 1375 3308 xisset.-
1433 3267 1603 3307 videtur
1660 3267 1795 3320 ipsius
1855 3264 1976 3305 Bruti
2035 3263 2089 3307 de

1219 3324 1369 3366 Cassio
1421 3325 1613 3380 elogium
1680 3325 1803 3379 (vid.
1868 3322 2085 3364 Plutarch.

1218 3383 1336 3424 Brut.
1371 3385 1450 3438 44)
1501 3396 1763 3425 memorasse
1804 3394 1972 3436 suoque
2015 3393 2088 3422 as..

1218 3455 1348 3482 sensu
1388 3441 1710 3495 comprobasse.
1773 3441 1913 3483 Minus
1951 3452 2087 3482 accu-

1217 3506 1308 3540 rate
1341 3499 1475 3541 'l'aciti
1509 3500 1641 3542 verba
1674 3500 1858 3542 reddidit
1904 3501 2082 3541 Sueten.

1219 3559 1246 3600 Ι.
1295 3573 1330 3599 c.
1385 3560 1589 3600 obiectum
1634 3567 1671 3601 et
1725 3559 1926 3601 historico
1979 3558 2089 3612 quod

1217 3619 1394 3659 Brutum
1424 3619 1695 3675 Cassiumque
1729 3619 1895 3661 ultimos
1923 3619 2086 3661 Roma-

1218 3690 1367 3722 norum
1399 3678 1586 3722 dixisset.
