2280 4004
46 2118 119 2136 ΜΨ,
164 2093 377 2153 *-··¹1.s;“⁴5⁴
403 2105 436 2131 >r
442 2105 496 2131 -aeqt-
515 2085 534 2121 ‘l

229 299 319 346 284
974 338 978 340 ,
989 297 1197 343 ANNALI
1203 297 1282 343 VM

1802 314 1842 347 a.
1871 310 1916 348 u.
1950 299 2053 349 ⁷79.

231 445 405 499 serint.
477 443 652 513 Neque
688 447 857 498 tamen
897 460 1174 513 pervasere
1209 448 1384 501 hostes
1431 446 1529 500 nisi
1567 435 1866 500 admodum
1875 449 2053 516 pauci.

233 541 467 601 ceteroS,
527 536 694 588 deleto
732 539 1107 614 promptissimo
1152 554 1352 606 quoque
1399 545 1482 591 aut
1520 539 1727 605 sauci0‚
1790 536 2056 618 adpetejilg

230 625 329 704 iam
361 626 474 704 luce
504 632 701 679 trusere
728 628 780 678 in
805 643 997 680 summa
1034 619 1244 694 castelli,
1282 630 1367 680 ubi
1400 630 1603 682 tandem
1631 635 1809 682 coacta
1847 619 2054 682 dediti0.

223 694 290 769 Et
327 718 557 784 proxima
603 725 784 785 sponte
823 720 1106 772 incolarum
1140 727 1365 787 recepta
1437 722 1695 789 Reliquis,
1756 736 1856 789 quo
1893 721 2057 772 minus

188 807 278 859 5νί
339 814 424 859 aut
471 810 672 862 obsidio
726 811 1114 880 subigerentur,
1176 818 1497 880 praematura
1547 813 1731 866 montis
1779 812 1957 867 Haemi
2009 819 2059 866 et

229 914 383 952 saeva
431 901 594 954 hiems
633 903 884 955 subvenit.

366 992 435 1043 At
469 994 677 1059 Romae,
719 1001 968 1048 commota
1006 987 1251 1064 principis
1290 998 1470 1064 domo,
1520 1002 1574 1049 ut
1613 998 1775 1051 series
1817 998 1969 1050 futuri
2005 997 2056 1048 in
2072 994 2143 1043 52

227 1081 560 1151 Agrippinam
620 1086 760 1137 exitii
811 1087 1088 1154 inciperet,
1145 1089 1354 1141 Claudia
1413 1090 1626 1142 Pulchra
1683 1091 1892 1143 sobrina
1947 1077 2056 1142 eius

226 1175 536 1242 postulatur,
597 1183 871 1230 accusante
927 1178 1148 1231 Domitio
1200 1181 1346 1232 Afro.
1458 1182 1504 1233 Is
1561 1196 1744 1234 recens
1802 1185 2055 1248 praetura,

165 1287 213 1323 ιο
228 1266 458 1318 modicus
499 1267 808 1335 dignationis
860 1275 909 1322 et
946 1286 1146 1338 quoque
1195 1272 1427 1325 facinore
1462 1288 1711 1339 properus
1750 1272 2056 1335 clarescere,

229 1356 423 1408 crimen
461 1358 836 1424 impudicitiae,
899 1361 1179 1412 adulterum
1219 1363 1482 1428 Furnium,
1537 1363 1782 1415 veneficia
1821 1363 1873 1413 in
1909 1362 2056 1429 prin-

229 1448 391 1513 cipem
451 1454 500 1500 et
552 1450 852 1502 devotiones
908 1452 1210 1504 obiectabat.
1307 1454 1588 1521 Agrippina
1640 1454 1841 1520 semper
1890 1457 2053 1518 atrox,

227 1543 330 1590 tum
367 1544 416 1591 et
451 1541 677 1606 periculo
715 1543 1031 1609 propinquae
1068 1559 1316 1609 accensa,
1354 1545 1523 1613 pergit
1566 1545 1631 1596 ad
1669 1527 1951 1610 Tiberium,
1999 1557 2061 1595 ac

228 1630 361 1683 forte
403 1633 775 1685 sacrificantem
828 1635 958 1701 patri
1006 1635 1211 1702 reperit.
1315 1637 1425 1698 Quo
1480 1636 1624 1688 initio
1678 1635 1903 1688 invidiae
1956 1650 2060 1687 non

165 1734 212 1774 15
230 1722 457 1774 eiusdem
517 1724 586 1774 ait
626 1730 848 1776 mactare
886 1726 1004 1776 divo
1046 1726 1277 1794 Augusto
1317 1727 1550 1779 victimas
1589 1733 1638 1779 et
1673 1732 1910 1794 posteros
1951 1727 2060 1778 eius

180 1805 193 1891 ἶ
227 1813 485 1866 insectari.
560 1817 672 1868 Non
702 1818 754 1867 in
790 1816 987 1885 effigies
1019 1823 1181 1869 mutas
1220 1818 1442 1869 divinum
1471 1819 1698 1885 spiritum
1725 1817 2058 1882 transfusum,

182 1904 322 1958 ised
368 1905 640 1974 imaginem
687 1923 890 1972 veram,
960 1908 1168 1960 caelesti
1232 1909 1482 1976 sanguine
1546 1913 1707 1960 ortam
1761 1908 2060 1976 intellegere

183 1994 535 2062 discrimen,
598 1998 861 2064 suscipere
916 1999 1115 2050 sordes
1190 2000 1391 2050 Frustra
1450 1999 1711 2051 Pulchram
1794 2014 1820 2050 r
1886 1998 2039 2051 scribi

1364 2064 1472 2119 [oce
1500 2080 1696 2123 ammas
1725 2081 2004 2154 afim-fae
2030 2078 2199 2150 effere

355 2167 391 2208 1.
427 2167 721 2209 nisadmoclum
753 2167 806 2210 M.
879 2170 922 2213 2.
958 2168 1092 2210 deleto
1125 2168 1391 2210 Beroaldus:
1425 2169 1464 2211 M
1498 2168 1674 2211 delecto.
1744 2170 1786 2213 4.
1820 2168 2063 2212 incolarum

231 2226 274 2267 in
308 2232 456 2268 annot.
491 2227 754 2268 Beroaldus:
777 2227 814 2269 M
847 2228 1055 2270 incorum.
1119 2228 1160 2271 6.
1196 2228 1354 2283 hiemps
1387 2229 1440 2270 M.
1509 2230 1575 2270 11..
1609 2229 1697 2284 inp.
1734 2229 1788 2271 M.
1855 2229 1923 2272 13.
1952 2242 2062 2285 pro-

226 2287 360 2342 pinq3
394 2286 448 2327 Μ.
543 2288 610 2329 14.
647 2287 836 2342 repperit
868 2287 922 2328 M.
1021 2288 1087 2330 17.
1118 2289 1333 2343 vna-qinein
1366 2288 1416 2329 M.
1520 2288 1730 2342 sanquine
1763 2299 1859 2329 cum
1891 2285 1970 2329 lin.
2005 2286 2059 2330 M.

231 2343 480 2400 inlelleqere
514 2345 566 2399 M,
601 2357 687 2386 non
722 2346 977 2403 intelliqere.
1220 2357 1230 2370 ‘

325 2500 459 2542 deleto
491 2504 802 2558 promptissimo
836 2518 996 2559 quoque
1029 2510 1104 2546 aut

230 2561 405 2600 saucio.-
438 2574 697 2616 quamquam
719 2563 772 2603 ad
796 2563 978 2604 Medieei
1000 2562 1101 2604 libri

231 2619 421 2674 vestigia
444 2619 575 2672 paulo
597 2623 775 2674 propius
796 2621 967 2663 accedit
987 2622 1103 2676 quod

230 2679 429 2732 reposuit
487 2677 678 2720 Orellius
736 2681 926 2732 deiecto,
975 2694 1102 2735 quam

231 2735 471 2778 Beroaldus
520 2740 593 2792 qui
640 2738 774 2780 deleto
826 2738 967 2791 dedit,
1018 2753 1102 2795 ego

231 2802 375 2837 tamen
410 2795 593 2838 alterum
627 2798 752 2854 sequi
798 2799 936 2840 volui.
998 2798 1101 2840 Nam

232 2856 438 2896 deiectum
466 2856 619 2898 eodem
642 2857 873 2899 intellectu
897 2870 981 2913 quo
996 2871 1104 2913 pro-

233 2975 384 3028 equite,
400 2974 539 3015 veluti
566 2974 626 3016 IV
645 2976 699 3017 25
737 2976 909 3017 deiectis
943 2977 1105 3017 circum

231 3033 519 3088 stipatoribus.
563 3032 705 3075 Etiam
730 3036 977 3089 oppositum
998 3048 1104 3075 sau-

234 3093 299 3133 cio
327 3105 481 3134 vocem
507 3092 636 3147 plane
661 3096 933 3148 perspicuam
965 3095 1105 3146 poscit

234 3158 277 3193 et
308 3151 361 3192 de
394 3157 531 3194 morte
563 3153 890 3207 accipiendam:
941 3152 1101 3194 deiecto

233 3216 375 3252 autem
412 3210 452 3251 h.
489 3211 517 3252 1.
565 3213 692 3253 eliam
728 3212 780 3254 de
815 3225 867 3254 eo
900 3211 985 3253 dici
1020 3223 1102 3266 po-

233 3272 339 3321 tuit,
385 3271 457 3324 qui
503 3272 783 3312 munimentis
825 3277 988 3313 tantum
1022 3271 1102 3313 de-

234 3331 375 3370 iectus
412 3335 518 3372 erat.

321 3446 423 3499 Gap.
460 3448 529 3488 52.
594 3446 649 3488 At
683 3448 868 3488 Romae.-
911 3449 1104 3488 externis

235 3507 328 3545 eius
369 3507 469 3545 anni
516 3505 644 3546 rebus
687 3505 900 3546 absolutis
940 3507 993 3547 ad
1022 3506 1103 3546 do-

238 3564 421 3604 mestica
458 3575 695 3605 conversus
719 3566 782 3605 sic
807 3578 857 3606 ea
879 3564 1109 3607 Cornelius

244 3628 454 3663 executus
492 3627 573 3673 est,
607 3628 653 3662 ut
687 3624 869 3676 primum
902 3624 955 3666 de
989 3626 1111 3679 prin-

247 3681 355 3734 cipis
389 3681 532 3733 domo,
567 3686 653 3721 tum
688 3681 741 3722 de
767 3688 943 3723 senatus
969 3684 1111 3724 actio-

1189 2503 1342 2555 nibus,
1387 2503 1488 2544 dein
1531 2504 1686 2543 iterum
1741 2501 1795 2543 de
1849 2501 2058 2557 principis

1188 2561 1318 2603 rebus
1343 2567 1597 2616 exponeret.
1690 2560 1879 2604 modicus
1896 2561 2057 2617 ‹liqna-

1188 2623 1343 2663 tionis.-
1375 2633 1536 2662 nomen
1567 2621 1760 2675 diqnatio
1792 2620 1967 2674 passivo
1993 2622 2057 2662 si-

1189 2680 1397 2736 gnificatu
1430 2681 1617 2733 positum
1652 2680 1696 2719 in
1731 2678 1878 2721 sedem
1912 2679 2058 2735 digui-

1189 2740 1288 2780 tatis
1329 2745 1375 2778 ut
1415 2750 1576 2780 novum
1619 2751 1670 2779 ac
1712 2738 1852 2779 minus
1884 2738 2055 2794 vulgari

1188 2810 1269 2838 usu
1311 2799 1457 2838 tritum
1499 2798 1730 2854 migravit:
1782 2796 1840 2839 cf.
1874 2796 1969 2839 xm
2000 2800 2058 2841 20

1190 2863 1233 2898 et
1264 2859 1336 2900 42.
1377 2857 1463 2898 ΗΛ
1491 2857 1563 2909 52,
1597 2855 1746 2908 11180‚
1779 2855 1827 2898 G.
1851 2857 1904 2899 13
1921 2863 1966 2899 et
1983 2856 2055 2901 26.

1280 2929 1367 2957 non
1400 2916 1445 2956 in
1477 2916 1637 2971 effigies
1667 2921 1806 2957 nautas
1836 2938 1893 2948 —-
1926 2914 2058 2958 intel-

1189 2975 1329 3030 leyere
1364 2975 1619 3016 discrimen.-
1652 2987 1807 3016 sensus
1841 2979 1930 3028 est,
1963 2975 2059 3029 spi-

1190 3036 1317 3075 ritum
1331 3034 1517 3090 Augusti
1531 3034 1726 3075 divinum
1749 3045 1836 3074 non
1856 3034 1899 3074 in
1918 3040 2058 3075 mutas

1191 3093 1363 3148 effigies
1397 3093 1608 3134 a'l‘iberio
1634 3091 1773 3134 cultas
1794 3091 2057 3134 transfusum

1191 3165 1301 3202 esse,
1338 3164 1499 3206 easque
1532 3150 1641 3192 nihil
1676 3151 1855 3202 sentire,
1889 3152 1966 3194 sed
1993 3164 2057 3203 se,
2102 3182 2107 3186 -

1189 3224 1301 3265 quae
1334 3223 1437 3251 vera
1470 3211 1727 3266 sitAugusti
1759 3211 1920 3266 imago,
1953 3223 2058 3253 sen-

1190 3272 1269 3310 tire
1305 3275 1435 3323 atque
1471 3269 1726 3324 intelligere
1758 3269 2001 3323 perniciem
2035 3282 2058 3310 a

1187 3329 1358 3369 Tiberio
1412 3329 1495 3369 sibi
1550 3328 1862 3370 imminentem.
1940 3328 2058 3370 Haec

1189 3388 1241 3428 ‹le
1284 3400 1331 3428 se
1376 3386 1539 3429 diiecta
1582 3388 1780 3429 oratione
1821 3399 1917 3427 cum
1949 3385 2056 3426 dixit

1187 3447 1445 3502 Agrippina,
1481 3447 1628 3501 aliquo
1657 3445 1895 3486 modestiae
1926 3455 2055 3484 sensu

1193 3507 1450 3560 pronomine
1475 3509 1589 3560 (eqo)
1624 3517 1708 3544 non
1743 3515 1818 3543 usa
1843 3507 1949 3553 erat,
1979 3501 2056 3542 sed

1196 3565 1249 3606 de
1282 3577 1328 3606 se
1360 3571 1573 3619 tamquam
1615 3563 1668 3604 de
1713 3562 1841 3602 tertia
1874 3571 2057 3614 persona

1198 3624 1480 3678 loquebatur.
1515 3623 1616 3664 hinc
1630 3620 1824 3662 'lacitus'
1814 3632 1857 3660 in
1881 3618 2058 3676 obliqua

1199 3683 1395 3730 oratione
1427 3683 1530 3723 item
1563 3694 1607 3721 se
1637 3678 1892 3733 suppressit.
