2222 4022
232 294 271 337 X
1013 295 1279 339 PROOEMII

234 433 461 484 Floriani
495 436 714 500 fratrum
753 435 1034 485 Caesarum
1068 435 1235 501 affini,
1297 435 1664 487 Interamnates
1705 434 1959 488 Nahartes
1984 426 2066 490 'ad

234 528 580 578 renovandam
618 525 889 576 clarissimi
944 526 1070 576 civis
1106 527 1397 577 memoriam
1447 533 1494 576 et
1541 528 1610 577 ad
1649 527 1944 578 excitandos
1981 528 2065 578 in-

228 617 658 684 flammandosque
706 622 1029 682 posterorum
1081 617 1276 667 animos
1320 623 1615 682 posuerunt.
1691 619 1836 670 conf.
1882 620 2060 671 Franc.

234 709 455 776 Ageloni
495 709 717 760 Historia
758 709 807 757 di
844 698 1007 758 Terni'
1033 708 1187 773 p-AQ
1227 714 1275 759 et
1307 709 1506 759 Martini
1541 709 1728 760 Hankii
1770 710 1833 761 de
1869 711 2064 763 Roma-

234 816 408 852 narum
450 816 619 851 rerum
660 799 993 864 scriptoribus
1029 799 1159 850 liber
1198 805 1231 849 t.
1264 801 1313 850 Π
1354 815 1400 865 p.
1442 802 1559 852 270.

372 892 449 942 Ad
494 896 648 942 artem
689 890 892 941 dicendi
934 891 1188 956 quomodo
1227 891 1528 943 informatus
1561 892 1640 957 sit,
1682 891 1734 941 in
1769 891 1961 959 dialogi
1998 892 2112 946 deci.

234 983 533 1035 Oratoribus
570 981 820 1047 principio
861 982 922 1032 ab
967 982 1077 1047 ipso
1120 982 1400 1048 expositum
1437 987 1529 1034 est.
1603 983 1799 1035 Etenim
1841 998 1869 1034 a
1901 983 2062 1050 prima

233 1079 398 1126 aetate
440 1073 503 1124 ad
558 1073 880 1138 eloquentiae
927 1073 1144 1124 studium
1183 1074 1432 1126 acerrime
1469 1074 1696 1125 incubuit
1732 1079 1882 1141 atque
1925 1074 2066 1126 cele-

231 1166 451 1216 berrima
492 1165 720 1231 principe
759 1165 1077 1231 Vespasiano
1114 1165 1319 1232 ingenia
1359 1166 1492 1230 fori,
1531 1167 1755 1217 Marcum
1792 1167 1983 1231 Aprum
2016 1170 2067 1217 et

231 1257 406 1309 Iulium
446 1256 750 1319 Secundum,
791 1256 843 1305 in
882 1256 1085 1307 iudiciis
1122 1272 1224 1307 non
1265 1257 1417 1308 modo
1455 1257 1684 1308 studiose
1722 1256 1932 1321 audivit,
1972 1257 2064 1308 sed

236 1350 371 1401 domi
429 1364 629 1415 quoque
679 1353 728 1399 et
788 1349 838 1398 in
891 1348 1094 1414 publico
1136 1353 1417 1400 assectatus
1471 1354 1548 1400 est
1603 1349 1728 1400 mira
1785 1349 2063 1401 studiorum

243 1439 515 1505 cupiditate
568 1443 618 1490 et
668 1438 885 1504 quodam
940 1439 1126 1490 ardore
1175 1439 1411 1504 iuvenili,
1469 1444 1524 1490 ut
1563 1454 1826 1491 sermones
1865 1455 2065 1506 quoque

235 1545 410 1582 eorum
449 1536 498 1581 et
535 1531 903 1596 disputationes
944 1536 993 1582 et
1032 1546 1219 1582 arcana
1257 1535 1484 1582 semotae
1513 1531 1754 1582 dictionis
1787 1531 2063 1597 exciperet.

231 1622 474 1673 Utebatur
525 1635 751 1687 quoque,
808 1627 862 1672 ut
908 1621 1137 1686 videtur,
1203 1621 1359 1673 docta
1414 1622 1782 1674 consuetudine
1837 1622 2067 1688 Vipstani

229 1714 498 1778 Messalae,
539 1714 691 1765 claris
729 1714 1006 1765 maioribus
1043 1714 1159 1777 orti,
1195 1714 1279 1779 qui
1317 1714 1498 1765 avitam
1539 1714 1876 1779 eloquentiam
1913 1728 2070 1764 reco-

230 1805 321 1856 luit
348 1809 396 1855 et
422 1804 609 1870 prioris
642 1804 755 1855 aevi
784 1786 1016 1856 oratores
1044 1804 1321 1856 aemulatus
1350 1810 1460 1868 est3
1496 1809 1760 1870 praeterea
1793 1804 2065 1866 Curiatium

230 1897 508 1948 Maternum
544 1895 845 1962 tragoediae
884 1896 1184 1961 scriptorem
1225 1899 1274 1946 et
1310 1895 1467 1946 audiit
1503 1896 1798 1947 recitantem
1830 1895 1882 1946 in
1920 1895 2070 1946 audi-

230 1985 375 2036 toriis
437 1990 486 2036 et
548 2001 670 2053 ‚cum
740 1986 917 2038 amicis
994 1985 1282 2037 oratoribus
1359 1990 1747 2037 conversantem
1805 1985 2063 2053 cognovit.

233 2077 346 2143 Ipse
407 2077 636 2142 exemplo
697 2077 926 2143 Vipstani
998 2076 1231 2142 antiquos
1303 2079 1535 2126 oratores
1601 2076 1753 2128 novis
1813 2077 2064 2143 praetulit,

234 2169 412 2220 horum
450 2169 636 2235 scripta
678 2168 784 2220 acri
824 2167 1089 2234 diligentia
1128 2167 1354 2218 versavit
1389 2181 1546 2232 seque
1589 2166 1651 2218 ad
1691 2180 1866 2218 eorum
1902 2165 2067 2216 imita..

233 2263 422 2313 tionem
452 2260 749 2325 composuit.
812 2258 965 2309 Cuius
993 2258 1275 2310 sententiae
1302 2257 1674 2322 documentum,
1700 2257 1847 2309 simul
1871 2256 2067 2324 gratam

234 2353 531 2404 memoriam
574 2350 711 2400 docti
769 2365 881 2400 cum
918 2349 1043 2399 viris
1099 2349 1302 2402 disertis
1344 2353 1392 2399 et
1437 2349 1647 2417 ingenio
1696 2348 2067 2415 praestantibus

238 2443 532 2496 commercii
574 2442 682 2492 Tito
724 2440 954 2507 principe
993 2439 1153 2490 edidit
1204 2439 1456 2507 insignem
1504 2440 1638 2490 illam
1680 2439 2068 2506 disputationem

239 2537 299 2587 de
336 2531 671 2597 Oratoribus,
733 2532 784 2581 in
846 2547 941 2597 qua
998 2547 1163 2597 neque
1214 2546 1393 2582 causas
1436 2535 1703 2597 corruptae
1750 2530 2069 2596 eloquentiae

238 2631 534 2694 persecutus
571 2629 648 2675 est
695 2638 861 2689 neque
896 2628 1122 2674 veterum
1161 2628 1416 2674 oratorum
1459 2638 1582 2689 prae
1618 2622 1766 2674 novis
1801 2627 2072 2689 praestan-

240 2719 359 2769 tiam
401 2717 569 2768 dedita
613 2730 767 2781 opera
813 2715 1107 2779 celebravit,
1149 2715 1240 2766 sed
1268 2715 1427 2781 ipsam
1456 2714 1643 2780 prioris
1682 2714 1794 2766 aevi
1829 2719 1878 2766 et
1914 2729 2069 2780 prae-

241 2809 399 2861 sentis
440 2806 779 2872 eloquentiam
819 2806 1116 2872 composuit,
1158 2805 1367 2857 alteram
1409 2806 1501 2857 sub
1542 2819 1764 2872 persona
1789 2804 1914 2871 Apri
1948 2806 2068 2856 novi

240 2899 460 2951 oratoris
520 2897 859 2961 celebrando,
925 2897 1132 2947 alteram
1184 2912 1276 2962 per
1324 2911 1505 2948 vocem
1559 2896 1809 2949 Messalae
1866 2901 2068 2949 veteres

238 2990 537 3042 aemulantis
576 2989 856 3055 pingendo.
943 2989 1085 3050 Quae
1123 2988 1373 3039 sententia
1425 3003 1489 3039 ne
1537 2988 1743 3039 nimium
1785 2987 2068 3040 offenderet

242 3081 480 3148 aequales
536 3084 798 3144 oratoreS,
857 3079 1113 3149 Maternus
1161 3083 1309 3144 poeta
1368 3080 1460 3130 sub
1515 3079 1664 3130 finem
1716 3079 2069 3144 disputationis

242 3187 498 3239 exponere
537 3186 742 3238 operam
779 3171 934 3234 dedit,
965 3185 1199 3236 magnam
1240 3175 1288 3221 et
1327 3185 1495 3221 acrem
1532 3170 1756 3236 priorum
1790 3174 2069 3236 temporum

243 3264 585 3329 eloquentiam
625 3278 759 3314 nunc
800 3262 1098 3329 contingere
1134 3276 1236 3312 non
1271 3275 1450 3328 posse,
1504 3266 1767 3327 postquam
1802 3261 1958 3329 longa
1994 3262 2071 3312 rei

242 3355 474 3421 publicae
511 3355 654 3421 quies
710 3359 759 3407 et
799 3353 1087 3406 continuum
1129 3352 1299 3419 populi
1339 3352 1491 3404 otium
1535 3357 1584 3403 et
1621 3353 1826 3406 assidua
1865 3358 2071 3406 senatus

245 3445 578 3510 tranquillitas
618 3451 666 3496 et
700 3446 944 3511 principis
985 3450 1162 3495 cuncta
1201 3444 1427 3511 regentis
1483 3444 1748 3510 disciplina
1786 3445 2065 3496 animorum

245 3541 410 3590 motus
452 3540 500 3586 et
546 3536 758 3587 ardores
812 3537 1072 3589 sedaverit
1121 3551 1286 3603 eoque
1325 3536 1474 3589 etiam
1513 3535 1884 3601 eloquentiam,
1942 3535 2072 3587 sicut

250 3626 347 3681 alia
385 3627 583 3692 omnia,
622 3626 896 3693 pacaverit.
