<?xml version="1.0" encoding="UTF-8"?>
<!DOCTYPE html PUBLIC "-//W3C//DTD XHTML 1.0 Transitional//EN"
    "http://www.w3.org/TR/xhtml1/DTD/xhtml1-transitional.dtd">
<html xmlns="http://www.w3.org/1999/xhtml" xml:lang="en" lang="en">
 <head>
  <title>
</title>
<meta http-equiv="Content-Type" content="text/html;charset=utf-8" />
  <meta name='ocr-system' content='tesseract 3.04.00' />
  <meta name='ocr-capabilities' content='ocr_page ocr_carea ocr_par ocr_line ocrx_word'/>
</head>
<body>
  <div class='ocr_page' id='page_1' title='image "./operaadcodicesan01taciuoft_0342.png"; bbox 0 0 2280 4004; ppageno 0'>
   <div class='ocr_carea' id='block_1_1' title="bbox 225 260 1297 311">
    <p class='ocr_par' dir='ltr' id='par_1_1' title="bbox 225 260 1297 311">
     <span class='ocr_line' id='line_1_1' title="bbox 225 260 1297 311; baseline -0.007 0"><span class='ocrx_word' id='word_1_1' title='bbox 225 268 316 311; x_wconf 75' lang='lat'>264</span> <span class='ocrx_word' id='word_1_2' title='bbox 1004 260 1297 311; x_wconf 73' lang='lat' dir='ltr'><strong>ANNALWM</strong></span> 
     </span>
    </p>
   </div>
   <div class='ocr_carea' id='block_1_2' title="bbox 1797 263 2052 314">
    <p class='ocr_par' dir='ltr' id='par_1_2' title="bbox 1797 263 2052 314">
     <span class='ocr_line' id='line_1_2' title="bbox 1797 263 2052 314; baseline 0.012 -8"><span class='ocrx_word' id='word_1_3' title='bbox 1797 275 1840 314; x_wconf 65' lang='lat' dir='ltr'>a.</span> <span class='ocrx_word' id='word_1_4' title='bbox 1856 272 1916 313; x_wconf 69' lang='lat' dir='ltr'>fu.</span> <span class='ocrx_word' id='word_1_5' title='bbox 1935 263 2052 314; x_wconf 60' lang='lat'>2177»</span> 
     </span>
    </p>
   </div>
   <div class='ocr_carea' id='block_1_3' title="bbox 168 404 2138 1569">
    <p class='ocr_par' dir='ltr' id='par_1_3' title="bbox 168 404 2138 1569">
     <span class='ocr_line' id='line_1_3' title="bbox 226 404 2052 476; baseline -0.001 -14"><span class='ocrx_word' id='word_1_6' title='bbox 226 411 337 463; x_wconf 90' lang='lat' dir='ltr'>sine</span> <span class='ocrx_word' id='word_1_7' title='bbox 375 424 470 462; x_wconf 90' lang='lat' dir='ltr'>usu</span> <span class='ocrx_word' id='word_1_8' title='bbox 505 408 659 461; x_wconf 87' lang='lat' dir='ltr'>fuerit</span> <span class='ocrx_word' id='word_1_9' title='bbox 694 406 1031 472; x_wconf 79' lang='lat' dir='ltr'>introspicere</span> <span class='ocrx_word' id='word_1_10' title='bbox 1070 406 1154 456; x_wconf 86' lang='lat' dir='ltr'>illa</span> <span class='ocrx_word' id='word_1_11' title='bbox 1191 405 1354 472; x_wconf 87' lang='lat' dir='ltr'>primo</span> <span class='ocrx_word' id='word_1_12' title='bbox 1394 409 1602 472; x_wconf 87' lang='lat' dir='ltr'>aspectu</span> <span class='ocrx_word' id='word_1_13' title='bbox 1635 404 2052 476; x_wconf 59' lang='lat' dir='ltr'>levia,‘ex‚quis</span> 
     </span>
     <span class='ocr_line' id='line_1_4' title="bbox 226 497 2138 570; baseline 0.001 -16"><span class='ocrx_word' id='word_1_14' title='bbox 226 516 521 570; x_wconf 83' lang='lat' dir='ltr'>magnarum</span> <span class='ocrx_word' id='word_1_15' title='bbox 561 514 716 565; x_wconf 82' lang='lat' dir='ltr'>saepe</span> <span class='ocrx_word' id='word_1_16' title='bbox 751 513 921 550; x_wconf 89' lang='lat' dir='ltr'>rerum</span> <span class='ocrx_word' id='word_1_17' title='bbox 954 502 1118 549; x_wconf 86' lang='lat' dir='ltr'>mot-us</span> <span class='ocrx_word' id='word_1_18' title='bbox 1155 497 1400 548; x_wconf 85' lang='lat' dir='ltr'>oriuntur.</span> <span class='ocrx_word' id='word_1_19' title='bbox 1473 498 1599 549; x_wconf 86' lang='lat' dir='ltr'>Nam</span> <span class='ocrx_word' id='word_1_20' title='bbox 1638 500 1848 550; x_wconf 83' lang='lat' dir='ltr'>cunctas</span> <span class='ocrx_word' id='word_1_21' title='bbox 1883 497 2138 555; x_wconf 58' lang='lat' dir='ltr'>nolim-733</span> 
     </span>
     <span class='ocr_line' id='line_1_5' title="bbox 227 589 2056 666; baseline -0.002 -21"><span class='ocrx_word' id='word_1_22' title='bbox 227 608 320 645; x_wconf 90' lang='lat' dir='ltr'>nes</span> <span class='ocrx_word' id='word_1_23' title='bbox 362 599 410 643; x_wconf 87' lang='lat' dir='ltr'>et</span> <span class='ocrx_word' id='word_1_24' title='bbox 438 591 591 642; x_wconf 88' lang='lat' dir='ltr'>urbes</span> <span class='ocrx_word' id='word_1_25' title='bbox 622 589 835 656; x_wconf 91' lang='lat' dir='ltr'>populus</span> <span class='ocrx_word' id='word_1_26' title='bbox 872 594 957 640; x_wconf 84' lang='lat' dir='ltr'>aut</span> <span class='ocrx_word' id='word_1_27' title='bbox 982 589 1232 666; x_wconf 72' lang='lat' dir='ltr'>primores</span> <span class='ocrx_word' id='word_1_28' title='bbox 1268 594 1352 640; x_wconf 82' lang='lat' dir='ltr'>aut</span> <span class='ocrx_word' id='word_1_29' title='bbox 1391 589 1577 657; x_wconf 83' lang='lat' dir='ltr'>singuli</span> <span class='ocrx_word' id='word_1_30' title='bbox 1610 593 1818 657; x_wconf 87' lang='lat' dir='ltr'>regunt:</span> <span class='ocrx_word' id='word_1_31' title='bbox 1857 589 2056 642; x_wconf 75' lang='lat' dir='ltr'>delecta</span> 
     </span>
     <span class='ocr_line' id='line_1_6' title="bbox 227 662 2056 748; baseline -0.001 -14"><span class='ocrx_word' id='word_1_32' title='bbox 227 701 292 735; x_wconf 82' lang='lat' dir='ltr'>ex</span> <span class='ocrx_word' id='word_1_33' title='bbox 325 683 386 734; x_wconf 89' lang='lat' dir='ltr'>iis</span> <span class='ocrx_word' id='word_1_34' title='bbox 423 687 472 734; x_wconf 89' lang='lat' dir='ltr'>et</span> <span class='ocrx_word' id='word_1_35' title='bbox 511 682 806 733; x_wconf 82' lang='lat' dir='ltr'>consociata</span> <span class='ocrx_word' id='word_1_36' title='bbox 847 681 924 732; x_wconf 90' lang='lat' dir='ltr'>rei</span> <span class='ocrx_word' id='word_1_37' title='bbox 962 662 1196 747; x_wconf 80' lang='lat' dir='ltr'>publicae</span> <span class='ocrx_word' id='word_1_38' title='bbox 1237 681 1399 732; x_wconf 84' lang='lat' dir='ltr'>forma</span> <span class='ocrx_word' id='word_1_39' title='bbox 1436 680 1633 732; x_wconf 86' lang='lat' dir='ltr'>laudari</span> <span class='ocrx_word' id='word_1_40' title='bbox 1670 680 1870 732; x_wconf 80' lang='lat' dir='ltr'>sac-ilius</span> <span class='ocrx_word' id='word_1_41' title='bbox 1909 695 2056 748; x_wconf 80' lang='lat' dir='ltr'>quam</span> 
     </span>
     <span class='ocr_line' id='line_1_7' title="bbox 182 772 2058 840; baseline -0.002 -13"><span class='ocrx_word' id='word_1_42' title='bbox 182 782 213 826; x_wconf 82' lang='lat'>&#39;›⁵</span> <span class='ocrx_word' id='word_1_43' title='bbox 229 774 462 838; x_wconf 76' lang='lat' dir='ltr'>evenire,</span> <span class='ocrx_word' id='word_1_44' title='bbox 504 773 584 824; x_wconf 92' lang='lat' dir='ltr'>vel</span> <span class='ocrx_word' id='word_1_45' title='bbox 619 773 666 824; x_wconf 77' lang='lat' dir='ltr'>si</span> <span class='ocrx_word' id='word_1_46' title='bbox 703 773 902 837; x_wconf 82' lang='lat' dir='ltr'>evenit,</span> <span class='ocrx_word' id='word_1_47' title='bbox 960 772 1094 824; x_wconf 86' lang='lat' dir='ltr'>haud</span> <span class='ocrx_word' id='word_1_48' title='bbox 1132 772 1365 823; x_wconf 84' lang='lat' dir='ltr'>diuturna</span> <span class='ocrx_word' id='word_1_49' title='bbox 1406 787 1521 824; x_wconf 89' lang='lat' dir='ltr'>esse</span> <span class='ocrx_word' id='word_1_50' title='bbox 1556 776 1736 838; x_wconf 90' lang='lat' dir='ltr'>potest.</span> <span class='ocrx_word' id='word_1_51' title='bbox 1811 772 1970 840; x_wconf 81' lang='lat' dir='ltr'>Igitur</span> <span class='ocrx_word' id='word_1_52' title='bbox 2004 776 2058 823; x_wconf 90' lang='lat' dir='ltr'>ut</span> 
     </span>
     <span class='ocr_line' id='line_1_8' title="bbox 180 841 2084 934; baseline -0.002 -18.002"><span class='ocrx_word' id='word_1_53' title='bbox 180 841 187 906; x_wconf 64' lang='grc' dir='ltr'><em>Ῑ</em></span> <span class='ocrx_word' id='word_1_54' title='bbox 229 866 347 917; x_wconf 90' lang='lat' dir='ltr'>olim</span> <span class='ocrx_word' id='word_1_55' title='bbox 385 865 532 931; x_wconf 83' lang='lat' dir='ltr'>plebe</span> <span class='ocrx_word' id='word_1_56' title='bbox 571 864 768 929; x_wconf 79' lang='lat' dir='ltr'>valida,</span> <span class='ocrx_word' id='word_1_57' title='bbox 818 863 900 915; x_wconf 91' lang='lat' dir='ltr'>vel</span> <span class='ocrx_word' id='word_1_58' title='bbox 941 879 1052 914; x_wconf 90' lang='lat' dir='ltr'>cum</span> <span class='ocrx_word' id='word_1_59' title='bbox 1092 863 1575 934; x_wconf 30' lang='lat' dir='ltr'>patres‘pollerent9</span> <span class='ocrx_word' id='word_1_60' title='bbox 1617 863 1880 916; x_wconf 88' lang='lat' dir='ltr'>noscenda</span> <span class='ocrx_word' id='word_1_61' title='bbox 1916 863 2084 930; x_wconf 85' lang='lat' dir='ltr'>vulgi-</span> 
     </span>
     <span class='ocr_line' id='line_1_9' title="bbox 179 946 2059 1022; baseline -0.003 -12"><span class='ocrx_word' id='word_1_62' title='bbox 179 946 184 1010; x_wconf 46' lang='grc' dir='ltr'>ἒ</span> <span class='ocrx_word' id='word_1_63' title='bbox 228 961 405 1006; x_wconf 79' lang='lat' dir='ltr'>natura</span> <span class='ocrx_word' id='word_1_64' title='bbox 448 961 498 1007; x_wconf 92' lang='lat' dir='ltr'>et</span> <span class='ocrx_word' id='word_1_65' title='bbox 532 955 712 1022; x_wconf 86' lang='lat' dir='ltr'>quibus</span> <span class='ocrx_word' id='word_1_66' title='bbox 750 955 916 1006; x_wconf 88' lang='lat' dir='ltr'>modis</span> <span class='ocrx_word' id='word_1_67' title='bbox 954 960 1293 1021; x_wconf 83' lang='lat' dir='ltr'>temperanter</span> <span class='ocrx_word' id='word_1_68' title='bbox 1330 955 1619 1019; x_wconf 86' lang='lat' dir='ltr'>haberetur,</span> <span class='ocrx_word' id='word_1_69' title='bbox 1661 960 1969 1021; x_wconf 81' lang='lat' dir='ltr'>senatusque</span> <span class='ocrx_word' id='word_1_70' title='bbox 2009 958 2059 1006; x_wconf 89' lang='lat' dir='ltr'>et</span> 
     </span>
     <span class='ocr_line' id='line_1_10' title="bbox 175 1019 2062 1142; baseline 0.001 -45"><span class='ocrx_word' id='word_1_71' title='bbox 175 1019 184 1142; x_wconf 52' lang='lat' dir='ltr'>f</span> <span class='ocrx_word' id='word_1_72' title='bbox 230 1046 541 1113; x_wconf 85' lang='lat' dir='ltr'>optimatium</span> <span class='ocrx_word' id='word_1_73' title='bbox 579 1047 787 1114; x_wconf 81' lang='lat' dir='ltr'>ingenia</span> <span class='ocrx_word' id='word_1_74' title='bbox 826 1046 929 1113; x_wconf 64' lang='lat' dir='ltr'>qui—</span> <span class='ocrx_word' id='word_1_75' title='bbox 949 1046 1166 1097; x_wconf 82' lang='lat' dir='ltr'>maxime</span> <span class='ocrx_word' id='word_1_76' title='bbox 1203 1046 1611 1113; x_wconf 82' lang='lat' dir='ltr'>perdidicerant‚</span> <span class='ocrx_word' id='word_1_77' title='bbox 1653 1046 1824 1098; x_wconf 84' lang='lat' dir='ltr'>callidi</span> <span class='ocrx_word' id='word_1_78' title='bbox 1861 1038 2062 1112; x_wconf 83' lang='lat' dir='ltr'>tempo-</span> 
     </span>
     <span class='ocr_line' id='line_1_11' title="bbox 177 1137 2059 1211; baseline -0.001 -22"><span class='ocrx_word' id='word_1_79' title='bbox 177 1154 187 1211; x_wconf 59' lang='grc' dir='ltr'><em>ᾗ</em></span> <span class='ocrx_word' id='word_1_80' title='bbox 229 1154 339 1190; x_wconf 89' lang='lat' dir='ltr'>rum</span> <span class='ocrx_word' id='word_1_81' title='bbox 378 1143 426 1189; x_wconf 94' lang='lat' dir='ltr'>et</span> <span class='ocrx_word' id='word_1_82' title='bbox 461 1138 715 1204; x_wconf 87' lang='lat' dir='ltr'>sapientes</span> <span class='ocrx_word' id='word_1_83' title='bbox 755 1138 1111 1202; x_wconf 77' lang='lat' dir='ltr'>credebantur,</span> <span class='ocrx_word' id='word_1_84' title='bbox 1150 1138 1225 1189; x_wconf 90' lang='lat' dir='ltr'>sic</span> <span class='ocrx_word' id='word_1_85' title='bbox 1266 1152 1518 1189; x_wconf 90' lang='lat' dir='ltr'>converso</span> <span class='ocrx_word' id='word_1_86' title='bbox 1559 1143 1715 1202; x_wconf 84' lang='lat' dir='ltr'>statu,</span> <span class='ocrx_word' id='word_1_87' title='bbox 1757 1152 1923 1203; x_wconf 86' lang='lat' dir='ltr'>neque</span> <span class='ocrx_word' id='word_1_88' title='bbox 1962 1137 2059 1188; x_wconf 84' lang='lat' dir='ltr'>alia</span> 
     </span>
     <span class='ocr_line' id='line_1_12' title="bbox 168 1216 2061 1336; baseline -0.003 -51"><span class='ocrx_word' id='word_1_89' title='bbox 168 1216 213 1336; x_wconf 60' lang='lat' dir='ltr'>sp</span> <span class='ocrx_word' id='word_1_90' title='bbox 230 1245 286 1280; x_wconf 89' lang='lat' dir='ltr'>re</span> <span class='ocrx_word' id='word_1_91' title='bbox 322 1231 549 1282; x_wconf 84' lang='lat' dir='ltr'>Romana</span> <span class='ocrx_word' id='word_1_92' title='bbox 588 1245 733 1295; x_wconf 87' lang='lat' dir='ltr'>quam</span> <span class='ocrx_word' id='word_1_93' title='bbox 771 1229 814 1280; x_wconf 87' lang='lat' dir='ltr'>si</span> <span class='ocrx_word' id='word_1_94' title='bbox 851 1244 980 1280; x_wconf 89' lang='lat' dir='ltr'>unus</span> <span class='ocrx_word' id='word_1_95' title='bbox 1028 1229 1308 1294; x_wconf 82' lang='lat' dir='ltr'>imperitet,</span> <span class='ocrx_word' id='word_1_96' title='bbox 1372 1228 1499 1279; x_wconf 86' lang='lat' dir='ltr'>haec</span> <span class='ocrx_word' id='word_1_97' title='bbox 1550 1229 1780 1295; x_wconf 89' lang='lat' dir='ltr'>conquiri</span> <span class='ocrx_word' id='word_1_98' title='bbox 1827 1227 2061 1295; x_wconf 85' lang='lat' dir='ltr'>tradique</span> 
     </span>
     <span class='ocr_line' id='line_1_13' title="bbox 183 1319 2061 1396; baseline 0 -26"><span class='ocrx_word' id='word_1_99' title='bbox 183 1338 191 1396; x_wconf 69' lang='lat' dir='ltr'>‘z‘</span> <span class='ocrx_word' id='word_1_100' title='bbox 228 1320 281 1371; x_wconf 93' lang='lat' dir='ltr'>in</span> <span class='ocrx_word' id='word_1_101' title='bbox 320 1336 426 1372; x_wconf 89' lang='lat' dir='ltr'>rem</span> <span class='ocrx_word' id='word_1_102' title='bbox 467 1321 645 1385; x_wconf 79' lang='lat' dir='ltr'>suerit,</span> <span class='ocrx_word' id='word_1_103' title='bbox 707 1321 822 1387; x_wconf 82' lang='lat' dir='ltr'>quia</span> <span class='ocrx_word' id='word_1_104' title='bbox 860 1321 1010 1387; x_wconf 83' lang='lat' dir='ltr'>pauci</span> <span class='ocrx_word' id='word_1_105' title='bbox 1046 1320 1313 1386; x_wconf 85' lang='lat' dir='ltr'>prudentia</span> <span class='ocrx_word' id='word_1_106' title='bbox 1349 1319 1563 1371; x_wconf 85' lang='lat' dir='ltr'>honesta</span> <span class='ocrx_word' id='word_1_107' title='bbox 1602 1320 1663 1371; x_wconf 84' lang='lat' dir='ltr'>ab</span> <span class='ocrx_word' id='word_1_108' title='bbox 1703 1319 2061 1383; x_wconf 80' lang='lat' dir='ltr'>deterioribuS,</span> 
     </span>
     <span class='ocr_line' id='line_1_14' title="bbox 230 1410 2060 1476; baseline -0.001 -15.027"><span class='ocrx_word' id='word_1_109' title='bbox 230 1411 371 1462; x_wconf 88' lang='lat' dir='ltr'>utilia</span> <span class='ocrx_word' id='word_1_110' title='bbox 413 1411 474 1462; x_wconf 86' lang='lat' dir='ltr'>ab</span> <span class='ocrx_word' id='word_1_111' title='bbox 513 1411 679 1464; x_wconf 88' lang='lat' dir='ltr'>noxiis</span> <span class='ocrx_word' id='word_1_112' title='bbox 724 1412 1048 1476; x_wconf 80' lang='lat' dir='ltr'>discernunt,</span> <span class='ocrx_word' id='word_1_113' title='bbox 1098 1410 1268 1476; x_wconf 90' lang='lat' dir='ltr'>plures</span> <span class='ocrx_word' id='word_1_114' title='bbox 1310 1411 1522 1462; x_wconf 84' lang='lat' dir='ltr'>aliorum</span> <span class='ocrx_word' id='word_1_115' title='bbox 1561 1411 1757 1462; x_wconf 90' lang='lat' dir='ltr'>eventis</span> <span class='ocrx_word' id='word_1_116' title='bbox 1797 1410 2060 1462; x_wconf 76' lang='lat' dir='ltr'>docentur.</span> 
     </span>
     <span class='ocr_line' id='line_1_15' title="bbox 180 1496 2061 1569; baseline 0 -16"><span class='ocrx_word' id='word_1_117' title='bbox 180 1496 183 1497; x_wconf 40' lang='lat'><em>⁷</em></span> <span class='ocrx_word' id='word_1_118' title='bbox 233 1502 466 1554; x_wconf 91' lang='lat' dir='ltr'>Ceterum</span> <span class='ocrx_word' id='word_1_119' title='bbox 516 1509 570 1554; x_wconf 89' lang='lat' dir='ltr'>ut</span> <span class='ocrx_word' id='word_1_120' title='bbox 611 1503 902 1569; x_wconf 79' lang='lat' dir='ltr'>profutura,</span> <span class='ocrx_word' id='word_1_121' title='bbox 968 1503 1036 1553; x_wconf 88' lang='lat' dir='ltr'>ita</span> <span class='ocrx_word' id='word_1_122' title='bbox 1086 1502 1344 1553; x_wconf 90' lang='lat' dir='ltr'>minimum</span> <span class='ocrx_word' id='word_1_123' title='bbox 1399 1501 1756 1553; x_wconf 85' lang='lat' dir='ltr'>oblectationis</span> <span class='ocrx_word' id='word_1_124' title='bbox 1810 1501 2061 1554; x_wconf 82' lang='lat' dir='ltr'>adferunt.</span> 
     </span>
    </p>
   </div>
   <div class='ocr_carea' id='block_1_4' title="bbox 230 1593 2065 1662">
    <p class='ocr_par' dir='ltr' id='par_1_4' title="bbox 230 1593 2065 1662">
     <span class='ocr_line' id='line_1_16' title="bbox 230 1593 2065 1662; baseline 0.001 -16"><span class='ocrx_word' id='word_1_125' title='bbox 230 1594 356 1646; x_wconf 84' lang='lat' dir='ltr'>Nam</span> <span class='ocrx_word' id='word_1_126' title='bbox 388 1594 514 1646; x_wconf 85' lang='lat' dir='ltr'>sit-us</span> <span class='ocrx_word' id='word_1_127' title='bbox 552 1595 796 1662; x_wconf 85' lang='lat' dir='ltr'>gentium,</span> <span class='ocrx_word' id='word_1_128' title='bbox 835 1594 1109 1646; x_wconf 83' lang='lat' dir='ltr'>varietates</span> <span class='ocrx_word' id='word_1_129' title='bbox 1145 1593 1475 1661; x_wconf 83' lang='lat' dir='ltr'>proeliorum,</span> <span class='ocrx_word' id='word_1_130' title='bbox 1518 1593 1643 1662; x_wconf 79' lang='lat' dir='ltr'>clari</span> <span class='ocrx_word' id='word_1_131' title='bbox 1680 1594 1862 1645; x_wconf 89' lang='lat' dir='ltr'>ducum</span> <span class='ocrx_word' id='word_1_132' title='bbox 1900 1593 2065 1647; x_wconf 86' lang='lat' dir='ltr'>exitus</span> 
     </span>
    </p>
   </div>
   <div class='ocr_carea' id='block_1_5' title="bbox 234 1753 2068 1929">
    <p class='ocr_par' dir='ltr' id='par_1_5' title="bbox 234 1753 2068 1929">
     <span class='ocr_line' id='line_1_17' title="bbox 353 1753 2068 1811; baseline -0.002 -13"><span class='ocrx_word' id='word_1_133' title='bbox 353 1758 395 1798; x_wconf 83' lang='lat'>2.</span> <span class='ocrx_word' id='word_1_134' title='bbox 430 1770 526 1811; x_wconf 80' lang='lat' dir='ltr'>sepe</span> <span class='ocrx_word' id='word_1_135' title='bbox 558 1756 612 1797; x_wconf 82' lang='lat' dir='ltr'>M.</span> <span class='ocrx_word' id='word_1_136' title='bbox 705 1759 747 1798; x_wconf 77' lang='lat'>4.</span> <span class='ocrx_word' id='word_1_137' title='bbox 781 1756 835 1797; x_wconf 78' lang='lat' dir='ltr'>iis</span> <span class='ocrx_word' id='word_1_138' title='bbox 868 1755 932 1808; x_wconf 83' lang='lat' dir='ltr'>M,</span> <span class='ocrx_word' id='word_1_139' title='bbox 979 1767 1066 1796; x_wconf 92' lang='lat' dir='ltr'>non</span> <span class='ocrx_word' id='word_1_140' title='bbox 1099 1755 1163 1796; x_wconf 80' lang='lat' dir='ltr'>his</span> <span class='ocrx_word' id='word_1_141' title='bbox 1197 1754 1418 1796; x_wconf 88' lang='lat' dir='ltr'>Beroaldi.</span> <span class='ocrx_word' id='word_1_142' title='bbox 1512 1755 1733 1796; x_wconf 74' lang='lat' dir='ltr'>consciam</span> <span class='ocrx_word' id='word_1_143' title='bbox 1765 1753 1828 1795; x_wconf 83' lang='lat' dir='ltr'>M:</span> <span class='ocrx_word' id='word_1_144' title='bbox 1877 1755 2068 1796; x_wconf 81' lang='lat' dir='ltr'>correxit</span> 
     </span>
     <span class='ocr_line' id='line_1_18' title="bbox 234 1812 2067 1870; baseline -0.001 -15"><span class='ocrx_word' id='word_1_145' title='bbox 234 1814 485 1867; x_wconf 78' lang='lat' dir='ltr'>Ernesnus,</span> <span class='ocrx_word' id='word_1_146' title='bbox 520 1821 620 1857; x_wconf 82' lang='lat' dir='ltr'>ante</span> <span class='ocrx_word' id='word_1_147' title='bbox 651 1828 779 1870; x_wconf 90' lang='lat' dir='ltr'>quem</span> <span class='ocrx_word' id='word_1_148' title='bbox 815 1814 1001 1856; x_wconf 84' lang='lat' dir='ltr'>edebant</span> <span class='ocrx_word' id='word_1_149' title='bbox 1037 1815 1278 1856; x_wconf 79' lang='lat' dir='ltr'>constituta.</span> <span class='ocrx_word' id='word_1_150' title='bbox 1342 1814 1384 1856; x_wconf 86' lang='lat'>6.</span> <span class='ocrx_word' id='word_1_151' title='bbox 1419 1813 1625 1855; x_wconf 81' lang='lat' dir='ltr'>noscendi</span> <span class='ocrx_word' id='word_1_152' title='bbox 1654 1813 1721 1854; x_wconf 83' lang='lat' dir='ltr'>M:</span> <span class='ocrx_word' id='word_1_153' title='bbox 1756 1813 1948 1854; x_wconf 83' lang='lat' dir='ltr'>correxit</span> <span class='ocrx_word' id='word_1_154' title='bbox 1976 1812 2067 1854; x_wconf 83' lang='lat' dir='ltr'>Be·-</span> 
     </span>
     <span class='ocr_line' id='line_1_19' title="bbox 234 1871 2066 1929; baseline -0.001 -14"><span class='ocrx_word' id='word_1_155' title='bbox 234 1873 425 1916; x_wconf 88' lang='lat' dir='ltr'>roaldus.</span> <span class='ocrx_word' id='word_1_156' title='bbox 549 1875 618 1918; x_wconf 83' lang='lat'>10.</span> <span class='ocrx_word' id='word_1_157' title='bbox 653 1888 701 1916; x_wconf 84' lang='lat' dir='ltr'>re</span> <span class='ocrx_word' id='word_1_158' title='bbox 733 1876 933 1917; x_wconf 75' lang='lat' dir='ltr'>Romana</span> <span class='ocrx_word' id='word_1_159' title='bbox 965 1874 1165 1929; x_wconf 89' lang='lat' dir='ltr'>Lipsius:</span> <span class='ocrx_word' id='word_1_160' title='bbox 1209 1874 1249 1916; x_wconf 84' lang='lat' dir='ltr'><strong>M</strong></span> <span class='ocrx_word' id='word_1_161' title='bbox 1291 1887 1449 1915; x_wconf 82' lang='lat' dir='ltr'>rerum.</span> <span class='ocrx_word' id='word_1_162' title='bbox 1570 1873 1636 1915; x_wconf 85' lang='lat'>13.</span> <span class='ocrx_word' id='word_1_163' title='bbox 1673 1872 1976 1915; x_wconf 79' lang='lat' dir='ltr'>oblectationes</span> <span class='ocrx_word' id='word_1_164' title='bbox 2013 1871 2066 1915; x_wconf 79' lang='lat' dir='ltr'>M.</span> 
     </span>
    </p>
   </div>
   <div class='ocr_carea' id='block_1_6' title="bbox 1195 2018 2068 2133">
    <p class='ocr_par' dir='ltr' id='par_1_6' title="bbox 1195 2018 2068 2133">
     <span class='ocr_line' id='line_1_20' title="bbox 1285 2018 2068 2061; baseline 0 -1"><span class='ocrx_word' id='word_1_165' title='bbox 1285 2019 1454 2061; x_wconf 81' lang='lat' dir='ltr'>easdem</span> <span class='ocrx_word' id='word_1_166' title='bbox 1480 2018 1600 2060; x_wconf 74' lang='lat' dir='ltr'>exitii</span> <span class='ocrx_word' id='word_1_167' title='bbox 1624 2031 1805 2061; x_wconf 75' lang='lat' dir='ltr'>causast</span> <span class='ocrx_word' id='word_1_168' title='bbox 1839 2018 1946 2060; x_wconf 87' lang='lat' dir='ltr'>dicit</span> <span class='ocrx_word' id='word_1_169' title='bbox 1966 2031 2068 2061; x_wconf 81' lang='lat' dir='ltr'>sae-</span> 
     </span>
     <span class='ocr_line' id='line_1_21' title="bbox 1195 2078 2068 2133; baseline -0.005 -14"><span class='ocrx_word' id='word_1_170' title='bbox 1195 2079 1347 2120; x_wconf 82' lang='lat' dir='ltr'>vitiam</span> <span class='ocrx_word' id='word_1_171' title='bbox 1381 2079 1616 2133; x_wconf 83' lang='lat' dir='ltr'>principis,</span> <span class='ocrx_word' id='word_1_172' title='bbox 1661 2078 1903 2120; x_wconf 85' lang='lat' dir='ltr'>delatorum</span> <span class='ocrx_word' id='word_1_173' title='bbox 1943 2079 2068 2120; x_wconf 79' lang='lat' dir='ltr'>inso-</span> 
     </span>
    </p>
   </div>
   <div class='ocr_carea' id='block_1_7' title="bbox 239 2019 1113 2135">
    <p class='ocr_par' dir='ltr' id='par_1_7' title="bbox 239 2019 1113 2135">
     <span class='ocr_line' id='line_1_22' title="bbox 331 2019 1112 2074; baseline 0 -13"><span class='ocrx_word' id='word_1_174' title='bbox 331 2019 435 2074; x_wconf 85' lang='lat' dir='ltr'>Cap.</span> <span class='ocrx_word' id='word_1_175' title='bbox 470 2022 542 2063; x_wconf 72' lang='lat'>33.</span> <span class='ocrx_word' id='word_1_176' title='bbox 593 2019 758 2062; x_wconf 82' lang='lat' dir='ltr'>delecta</span> <span class='ocrx_word' id='word_1_177' title='bbox 778 2034 831 2061; x_wconf 74' lang='lat' dir='ltr'>ex</span> <span class='ocrx_word' id='word_1_178' title='bbox 851 2021 970 2062; x_wconf 81' lang='lat' dir='ltr'>iis—</span> <span class='ocrx_word' id='word_1_179' title='bbox 987 2034 1112 2074; x_wconf 81' lang='lat' dir='ltr'>quam</span> 
     </span>
     <span class='ocr_line' id='line_1_23' title="bbox 239 2079 1113 2135; baseline -0.001 -13"><span class='ocrx_word' id='word_1_180' title='bbox 239 2081 410 2122; x_wconf 81' lang='lat' dir='ltr'>evenire</span> <span class='ocrx_word' id='word_1_181' title='bbox 460 2105 516 2112; x_wconf 84' lang='lat'>——</span> <span class='ocrx_word' id='word_1_182' title='bbox 564 2087 728 2135; x_wconf 79' lang='lat' dir='ltr'>potest.-</span> <span class='ocrx_word' id='word_1_183' title='bbox 779 2079 952 2121; x_wconf 85' lang='lat' dir='ltr'>Tacitus</span> <span class='ocrx_word' id='word_1_184' title='bbox 1002 2079 1113 2121; x_wconf 85' lang='lat' dir='ltr'>haec</span> 
     </span>
    </p>
   </div>
   <div class='ocr_carea' id='block_1_8' title="bbox 238 2138 1120 3438">
    <p class='ocr_par' dir='ltr' id='par_1_8' title="bbox 238 2138 1120 3438">
     <span class='ocr_line' id='line_1_24' title="bbox 238 2138 1115 2193; baseline -0.001 -13"><span class='ocrx_word' id='word_1_185' title='bbox 238 2139 436 2181; x_wconf 86' lang='lat' dir='ltr'>scribens</span> <span class='ocrx_word' id='word_1_186' title='bbox 472 2138 701 2181; x_wconf 85' lang='lat' dir='ltr'>Ciceronis</span> <span class='ocrx_word' id='word_1_187' title='bbox 746 2139 799 2181; x_wconf 92' lang='lat' dir='ltr'>de</span> <span class='ocrx_word' id='word_1_188' title='bbox 839 2139 902 2181; x_wconf 89' lang='lat' dir='ltr'>Re</span> <span class='ocrx_word' id='word_1_189' title='bbox 935 2138 1115 2193; x_wconf 88' lang='lat' dir='ltr'>publica</span> 
     </span>
     <span class='ocr_line' id='line_1_25' title="bbox 238 2197 1113 2253; baseline 0 -13"><span class='ocrx_word' id='word_1_190' title='bbox 238 2199 374 2240; x_wconf 92' lang='lat' dir='ltr'>libros</span> <span class='ocrx_word' id='word_1_191' title='bbox 407 2200 615 2253; x_wconf 84' lang='lat' dir='ltr'>respexit.</span> <span class='ocrx_word' id='word_1_192' title='bbox 673 2197 739 2241; x_wconf 82' lang='lat' dir='ltr'>Cf.</span> <span class='ocrx_word' id='word_1_193' title='bbox 775 2213 829 2240; x_wconf 86' lang='lat' dir='ltr'>ex</span> <span class='ocrx_word' id='word_1_194' title='bbox 862 2198 950 2240; x_wconf 86' lang='lat' dir='ltr'>illis</span> <span class='ocrx_word' id='word_1_195' title='bbox 983 2211 1113 2252; x_wconf 84' lang='lat' dir='ltr'>prae-</span> 
     </span>
     <span class='ocr_line' id='line_1_26' title="bbox 242 2258 1116 2313; baseline -0.002 -13"><span class='ocrx_word' id='word_1_196' title='bbox 242 2259 370 2313; x_wconf 85' lang='lat' dir='ltr'>cipue</span> <span class='ocrx_word' id='word_1_197' title='bbox 423 2258 439 2298; x_wconf 91' lang='lat'>1</span> <span class='ocrx_word' id='word_1_198' title='bbox 489 2259 545 2302; x_wconf 76' lang='lat'>29</span> <span class='ocrx_word' id='word_1_199' title='bbox 588 2259 676 2301; x_wconf 79' lang='lat'>45:</span> <span class='ocrx_word' id='word_1_200' title='bbox 723 2260 866 2313; x_wconf 83' lang='lat' dir='ltr'>itaque</span> <span class='ocrx_word' id='word_1_201' title='bbox 919 2265 1116 2312; x_wconf 80' lang='lat' dir='ltr'>quartum</span> 
     </span>
     <span class='ocr_line' id='line_1_27' title="bbox 242 2317 1114 2374; baseline -0.001 -16"><span class='ocrx_word' id='word_1_202' title='bbox 242 2318 451 2371; x_wconf 83' lang='lat' dir='ltr'><em>quoddam</em></span> <span class='ocrx_word' id='word_1_203' title='bbox 492 2331 625 2372; x_wconf 64' lang='lat' dir='ltr'>genus</span> <span class='ocrx_word' id='word_1_204' title='bbox 667 2320 733 2359; x_wconf 86' lang='lat' dir='ltr'>rei</span> <span class='ocrx_word' id='word_1_205' title='bbox 771 2317 970 2374; x_wconf 80' lang='lat' dir='ltr'>publicae</span> <span class='ocrx_word' id='word_1_206' title='bbox 1016 2331 1114 2358; x_wconf 85' lang='lat' dir='ltr'>ma-</span> 
     </span>
     <span class='ocr_line' id='line_1_28' title="bbox 239 2376 1116 2432; baseline -0.002 -13"><span class='ocrx_word' id='word_1_207' title='bbox 239 2378 353 2419; x_wconf 76' lang='lat' dir='ltr'>xime</span> <span class='ocrx_word' id='word_1_208' title='bbox 382 2377 649 2432; x_wconf 78' lang='lat' dir='ltr'>probandam</span> <span class='ocrx_word' id='word_1_209' title='bbox 686 2391 773 2419; x_wconf 86' lang='lat' dir='ltr'>esse</span> <span class='ocrx_word' id='word_1_210' title='bbox 807 2390 972 2429; x_wconf 86' lang='lat' dir='ltr'>censeo,</span> <span class='ocrx_word' id='word_1_211' title='bbox 1005 2376 1116 2430; x_wconf 82' lang='lat' dir='ltr'>quod</span> 
     </span>
     <span class='ocr_line' id='line_1_29' title="bbox 244 2436 1116 2492; baseline -0.002 -15"><span class='ocrx_word' id='word_1_212' title='bbox 244 2450 297 2477; x_wconf 69' lang='lat' dir='ltr'>ea:</span> <span class='ocrx_word' id='word_1_213' title='bbox 329 2436 393 2477; x_wconf 73' lang='lat' dir='ltr'>Itis</span> <span class='ocrx_word' id='word_1_214' title='bbox 427 2450 534 2490; x_wconf 85' lang='lat' dir='ltr'>quae</span> <span class='ocrx_word' id='word_1_215' title='bbox 562 2437 707 2492; x_wconf 79' lang='lat' dir='ltr'>prima</span> <span class='ocrx_word' id='word_1_216' title='bbox 737 2437 828 2478; x_wconf 72' lang='lat' dir='ltr'>clia-i</span> <span class='ocrx_word' id='word_1_217' title='bbox 851 2436 1116 2477; x_wconf 77' lang='lat' dir='ltr'>moderatum</span> 
     </span>
     <span class='ocr_line' id='line_1_30' title="bbox 243 2494 1118 2552; baseline -0.001 -16"><span class='ocrx_word' id='word_1_218' title='bbox 243 2502 282 2536; x_wconf 84' lang='lat' dir='ltr'>et</span> <span class='ocrx_word' id='word_1_219' title='bbox 308 2496 565 2552; x_wconf 73' lang='lat' dir='ltr'>permicctum</span> <span class='ocrx_word' id='word_1_220' title='bbox 596 2496 744 2538; x_wconf 83' lang='lat' dir='ltr'>tribus.</span> <span class='ocrx_word' id='word_1_221' title='bbox 799 2496 895 2539; x_wconf 87' lang='lat'>135</span> <span class='ocrx_word' id='word_1_222' title='bbox 917 2494 997 2538; x_wconf 82' lang='lat'>54:</span> <span class='ocrx_word' id='word_1_223' title='bbox 1031 2502 1118 2536; x_wconf 79' lang='lat' dir='ltr'>lum</span> 
     </span>
     <span class='ocr_line' id='line_1_31' title="bbox 244 2554 1116 2609; baseline -0.001 -14"><span class='ocrx_word' id='word_1_224' title='bbox 244 2554 443 2596; x_wconf 81' lang='lat' dir='ltr'>Laelius:</span> <span class='ocrx_word' id='word_1_225' title='bbox 491 2555 602 2606; x_wconf 78' lang='lat' dir='ltr'>Quid</span> <span class='ocrx_word' id='word_1_226' title='bbox 633 2562 698 2606; x_wconf 74' lang='lat' dir='ltr'>lu,</span> <span class='ocrx_word' id='word_1_227' title='bbox 741 2557 899 2609; x_wconf 79' lang='lat' dir='ltr'>inquit,</span> <span class='ocrx_word' id='word_1_228' title='bbox 935 2554 1116 2608; x_wconf 84' lang='lat' dir='ltr'>Scipio?</span> 
     </span>
     <span class='ocr_line' id='line_1_32' title="bbox 245 2613 1116 2669; baseline 0 -16"><span class='ocrx_word' id='word_1_229' title='bbox 245 2629 266 2653; x_wconf 88' lang='lat' dir='ltr'>e</span> <span class='ocrx_word' id='word_1_230' title='bbox 299 2614 431 2654; x_wconf 79' lang='lat' dir='ltr'>tribus</span> <span class='ocrx_word' id='word_1_231' title='bbox 464 2614 555 2654; x_wconf 77' lang='lat' dir='ltr'>istis</span> <span class='ocrx_word' id='word_1_232' title='bbox 588 2614 688 2667; x_wconf 79' lang='lat' dir='ltr'>quid</span> <span class='ocrx_word' id='word_1_233' title='bbox 711 2616 895 2654; x_wconf 60' lang='lat' dir='ltr'>maxime</span> <span class='ocrx_word' id='word_1_234' title='bbox 914 2613 1075 2669; x_wconf 77' lang='lat' dir='ltr'>probas</span> <span class='ocrx_word' id='word_1_235' title='bbox 1093 2614 1116 2653; x_wconf 64' lang='grc' dir='ltr'>’ἐ</span> 
     </span>
     <span class='ocr_line' id='line_1_33' title="bbox 246 2672 1116 2727; baseline -0.002 -13"><span class='ocrx_word' id='word_1_236' title='bbox 246 2697 302 2704; x_wconf 77' lang='lat'>—</span> <span class='ocrx_word' id='word_1_237' title='bbox 344 2674 475 2714; x_wconf 77' lang='lat' dir='ltr'>Recte</span> <span class='ocrx_word' id='word_1_238' title='bbox 518 2672 689 2726; x_wconf 80' lang='lat' dir='ltr'>quaeris</span> <span class='ocrx_word' id='word_1_239' title='bbox 731 2673 841 2727; x_wconf 81' lang='lat' dir='ltr'>quod</span> <span class='ocrx_word' id='word_1_240' title='bbox 878 2673 1061 2713; x_wconf 69' lang='lat' dir='ltr'>maxime</span> <span class='ocrx_word' id='word_1_241' title='bbox 1095 2686 1116 2712; x_wconf 85' lang='lat' dir='ltr'>c</span> 
     </span>
     <span class='ocr_line' id='line_1_34' title="bbox 246 2731 1117 2787; baseline 0 -15"><span class='ocrx_word' id='word_1_242' title='bbox 246 2731 393 2783; x_wconf 83' lang='lat' dir='ltr'>tribus,</span> <span class='ocrx_word' id='word_1_243' title='bbox 413 2733 613 2786; x_wconf 83' lang='lat' dir='ltr'>quoniam</span> <span class='ocrx_word' id='word_1_244' title='bbox 637 2745 783 2773; x_wconf 81' lang='lat' dir='ltr'>eorum</span> <span class='ocrx_word' id='word_1_245' title='bbox 801 2731 964 2773; x_wconf 79' lang='lat' dir='ltr'>nullum</span> <span class='ocrx_word' id='word_1_246' title='bbox 982 2732 1117 2787; x_wconf 79' lang='lat' dir='ltr'>ipsum</span> 
     </span>
     <span class='ocr_line' id='line_1_35' title="bbox 241 2791 1117 2847; baseline 0.001 -16"><span class='ocrx_word' id='word_1_247' title='bbox 241 2805 322 2847; x_wconf 84' lang='lat' dir='ltr'>per</span> <span class='ocrx_word' id='word_1_248' title='bbox 361 2805 405 2832; x_wconf 86' lang='lat' dir='ltr'>se</span> <span class='ocrx_word' id='word_1_249' title='bbox 447 2797 693 2846; x_wconf 84' lang='lat' dir='ltr'>separatum</span> <span class='ocrx_word' id='word_1_250' title='bbox 732 2791 891 2847; x_wconf 82' lang='lat' dir='ltr'>probo,</span> <span class='ocrx_word' id='word_1_251' title='bbox 935 2798 1117 2847; x_wconf 82' lang='lat' dir='ltr'>antepo-</span> 
     </span>
     <span class='ocr_line' id='line_1_36' title="bbox 246 2849 1119 2906; baseline 0.001 -16"><span class='ocrx_word' id='word_1_252' title='bbox 246 2863 382 2904; x_wconf 82' lang='lat' dir='ltr'>noque</span> <span class='ocrx_word' id='word_1_253' title='bbox 414 2849 592 2906; x_wconf 73' lang='lat' dir='ltr'>sinyulis</span> <span class='ocrx_word' id='word_1_254' title='bbox 623 2849 731 2891; x_wconf 77' lang='lat' dir='ltr'>illud</span> <span class='ocrx_word' id='word_1_255' title='bbox 762 2850 872 2904; x_wconf 84' lang='lat' dir='ltr'>quod</span> <span class='ocrx_word' id='word_1_256' title='bbox 891 2851 1119 2905; x_wconf 78' lang='lat' dir='ltr'>conflatum</span> 
     </span>
     <span class='ocr_line' id='line_1_37' title="bbox 244 2908 1120 2965; baseline 0 -15"><span class='ocrx_word' id='word_1_257' title='bbox 244 2910 378 2965; x_wconf 78' lang='lat' dir='ltr'>fuerit</span> <span class='ocrx_word' id='word_1_258' title='bbox 411 2923 464 2949; x_wconf 74' lang='lat' dir='ltr'>ex</span> <span class='ocrx_word' id='word_1_259' title='bbox 497 2909 703 2950; x_wconf 82' lang='lat' dir='ltr'>omnibus.</span> <span class='ocrx_word' id='word_1_260' title='bbox 761 2908 778 2950; x_wconf 95' lang='lat'>1</span> <span class='ocrx_word' id='word_1_261' title='bbox 812 2910 869 2952; x_wconf 81' lang='lat'>45</span> <span class='ocrx_word' id='word_1_262' title='bbox 897 2909 977 2952; x_wconf 88' lang='lat'><strong>69.-</strong></span> <span class='ocrx_word' id='word_1_263' title='bbox 1010 2909 1120 2964; x_wconf 84' lang='lat' dir='ltr'>quod</span> 
     </span>
     <span class='ocr_line' id='line_1_38' title="bbox 247 2968 1118 3024; baseline 0 -15"><span class='ocrx_word' id='word_1_264' title='bbox 247 2982 341 3009; x_wconf 83' lang='lat' dir='ltr'>cum</span> <span class='ocrx_word' id='word_1_265' title='bbox 374 2969 438 3009; x_wconf 84' lang='lat' dir='ltr'>ita</span> <span class='ocrx_word' id='word_1_266' title='bbox 474 2970 550 3021; x_wconf 85' lang='lat' dir='ltr'>sit,</span> <span class='ocrx_word' id='word_1_267' title='bbox 597 2982 650 3009; x_wconf 71' lang='lat' dir='ltr'>ea·</span> <span class='ocrx_word' id='word_1_268' title='bbox 690 2968 822 3010; x_wconf 82' lang='lat' dir='ltr'>tribus</span> <span class='ocrx_word' id='word_1_269' title='bbox 857 2970 1010 3024; x_wconf 78' lang='lat' dir='ltr'>primis</span> <span class='ocrx_word' id='word_1_270' title='bbox 1041 2983 1118 3024; x_wconf 65' lang='grc'>90-</span> 
     </span>
     <span class='ocr_line' id='line_1_39' title="bbox 245 3027 1120 3083; baseline 0 -15"><span class='ocrx_word' id='word_1_271' title='bbox 245 3027 419 3069; x_wconf 74' lang='lat' dir='ltr'>neribus</span> <span class='ocrx_word' id='word_1_272' title='bbox 437 3027 561 3082; x_wconf 67' lang='lat' dir='ltr'>longe</span> <span class='ocrx_word' id='word_1_273' title='bbox 577 3034 773 3083; x_wconf 81' lang='lat' dir='ltr'>praestat</span> <span class='ocrx_word' id='word_1_274' title='bbox 793 3041 888 3069; x_wconf 85' lang='lat' dir='ltr'>mea</span> <span class='ocrx_word' id='word_1_275' title='bbox 905 3029 1120 3069; x_wconf 81' lang='lat' dir='ltr'>sententia</span> 
     </span>
     <span class='ocr_line' id='line_1_40' title="bbox 246 3086 1120 3143; baseline 0 -15"><span class='ocrx_word' id='word_1_276' title='bbox 246 3087 438 3142; x_wconf 74' lang='lat' dir='ltr'>reqium:</span> <span class='ocrx_word' id='word_1_277' title='bbox 468 3088 586 3142; x_wconf 72' lang='lat' dir='ltr'>reqio</span> <span class='ocrx_word' id='word_1_278' title='bbox 615 3093 756 3128; x_wconf 82' lang='lat' dir='ltr'>autem</span> <span class='ocrx_word' id='word_1_279' title='bbox 777 3088 861 3143; x_wconf 82' lang='lat' dir='ltr'>ipsi</span> <span class='ocrx_word' id='word_1_280' title='bbox 880 3086 1120 3143; x_wconf 81' lang='lat' dir='ltr'>praestabit</span> 
     </span>
     <span class='ocr_line' id='line_1_41' title="bbox 246 3146 1117 3202; baseline 0 -15"><span class='ocrx_word' id='word_1_281' title='bbox 246 3146 293 3187; x_wconf 86' lang='lat' dir='ltr'>id</span> <span class='ocrx_word' id='word_1_282' title='bbox 324 3147 434 3201; x_wconf 81' lang='lat' dir='ltr'>quod</span> <span class='ocrx_word' id='word_1_283' title='bbox 461 3148 542 3188; x_wconf 85' lang='lat' dir='ltr'>erit</span> <span class='ocrx_word' id='word_1_284' title='bbox 574 3153 800 3201; x_wconf 83' lang='lat' dir='ltr'>aequatum</span> <span class='ocrx_word' id='word_1_285' title='bbox 832 3154 870 3188; x_wconf 84' lang='lat' dir='ltr'>et</span> <span class='ocrx_word' id='word_1_286' title='bbox 902 3153 1117 3202; x_wconf 81' lang='lat' dir='ltr'>tempera-</span> 
     </span>
     <span class='ocr_line' id='line_1_42' title="bbox 248 3205 1118 3261; baseline -0.002 -14"><span class='ocrx_word' id='word_1_287' title='bbox 248 3214 334 3247; x_wconf 79' lang='lat' dir='ltr'>tum</span> <span class='ocrx_word' id='word_1_288' title='bbox 376 3221 429 3247; x_wconf 70' lang='lat' dir='ltr'>ea·</span> <span class='ocrx_word' id='word_1_289' title='bbox 460 3205 592 3247; x_wconf 78' lang='lat' dir='ltr'>tribus</span> <span class='ocrx_word' id='word_1_290' title='bbox 625 3206 815 3247; x_wconf 81' lang='lat' dir='ltr'>omnibus</span> <span class='ocrx_word' id='word_1_291' title='bbox 861 3220 1005 3247; x_wconf 80' lang='lat' dir='ltr'>rerum</span> <span class='ocrx_word' id='word_1_292' title='bbox 1034 3220 1118 3261; x_wconf 84' lang='lat' dir='ltr'>pu-</span> 
     </span>
     <span class='ocr_line' id='line_1_43' title="bbox 249 3264 1119 3307; baseline -0.001 -1"><span class='ocrx_word' id='word_1_293' title='bbox 249 3265 459 3307; x_wconf 80' lang='lat' dir='ltr'>blicarum</span> <span class='ocrx_word' id='word_1_294' title='bbox 519 3266 667 3307; x_wconf 83' lang='lat' dir='ltr'>modis.</span> <span class='ocrx_word' id='word_1_295' title='bbox 741 3264 947 3307; x_wconf 84' lang='lat' dir='ltr'>Probavit</span> <span class='ocrx_word' id='word_1_296' title='bbox 1011 3264 1119 3306; x_wconf 83' lang='lat' dir='ltr'>hacc</span> 
     </span>
     <span class='ocr_line' id='line_1_44' title="bbox 249 3323 1119 3379; baseline -0.001 -14"><span class='ocrx_word' id='word_1_297' title='bbox 249 3325 416 3379; x_wconf 82' lang='lat' dir='ltr'>pridem</span> <span class='ocrx_word' id='word_1_298' title='bbox 450 3338 474 3365; x_wconf 85' lang='lat' dir='ltr'>a</span> <span class='ocrx_word' id='word_1_299' title='bbox 506 3338 574 3366; x_wconf 90' lang='lat' dir='ltr'>me</span> <span class='ocrx_word' id='word_1_300' title='bbox 607 3325 768 3379; x_wconf 79' lang='lat' dir='ltr'>scripta</span> <span class='ocrx_word' id='word_1_301' title='bbox 808 3323 1119 3366; x_wconf 85' lang='lat' dir='ltr'>Doederlinins</span> 
     </span>
     <span class='ocr_line' id='line_1_45' title="bbox 251 3383 880 3438; baseline 0.005 -15"><span class='ocrx_word' id='word_1_302' title='bbox 251 3390 294 3424; x_wconf 86' lang='lat' dir='ltr'>et</span> <span class='ocrx_word' id='word_1_303' title='bbox 327 3384 427 3424; x_wconf 90' lang='lat' dir='ltr'>inde</span> <span class='ocrx_word' id='word_1_304' title='bbox 460 3385 643 3438; x_wconf 83' lang='lat' dir='ltr'>sumpsit</span> <span class='ocrx_word' id='word_1_305' title='bbox 676 3383 880 3426; x_wconf 85' lang='lat' dir='ltr'>Orellins.</span> 
     </span>
    </p>
   </div>
   <div class='ocr_carea' id='block_1_9' title="bbox 251 3470 1122 3707">
    <p class='ocr_par' dir='ltr' id='par_1_9' title="bbox 251 3470 1122 3707">
     <span class='ocr_line' id='line_1_46' title="bbox 336 3470 1117 3514; baseline 0.003 -4"><span class='ocrx_word' id='word_1_306' title='bbox 336 3471 399 3510; x_wconf 81' lang='lat' dir='ltr'>ita</span> <span class='ocrx_word' id='word_1_307' title='bbox 439 3471 658 3513; x_wconf 83' lang='lat' dir='ltr'>minimum</span> <span class='ocrx_word' id='word_1_308' title='bbox 704 3471 997 3514; x_wconf 78' lang='lat' dir='ltr'>oblectationis</span> <span class='ocrx_word' id='word_1_309' title='bbox 1035 3470 1117 3512; x_wconf 73' lang='lat' dir='ltr'>acl-</span> 
     </span>
     <span class='ocr_line' id='line_1_47' title="bbox 251 3528 1118 3589; baseline 0.007 -22"><span class='ocrx_word' id='word_1_310' title='bbox 251 3529 419 3579; x_wconf 78' lang='lat' dir='ltr'>ferunt:</span> <span class='ocrx_word' id='word_1_311' title='bbox 453 3528 645 3582; x_wconf 80' lang='lat' dir='ltr'>Thucyd.</span> <span class='ocrx_word' id='word_1_312' title='bbox 683 3531 698 3571; x_wconf 88' lang='lat' dir='ltr'>l</span> <span class='ocrx_word' id='word_1_313' title='bbox 732 3533 813 3574; x_wconf 82' lang='lat'>22:</span> <span class='ocrx_word' id='word_1_314' title='bbox 847 3535 925 3574; x_wconf 79' lang='grc' dir='ltr'>καὶ</span> <span class='ocrx_word' id='word_1_315' title='bbox 955 3532 1002 3578; x_wconf 75' lang='grc' dir='ltr'>ἐς</span> <span class='ocrx_word' id='word_1_316' title='bbox 1029 3531 1118 3589; x_wconf 78' lang='grc' dir='ltr'>μὲν</span> 
     </span>
     <span class='ocr_line' id='line_1_48' title="bbox 253 3585 1122 3649; baseline 0.007 -22"><span class='ocrx_word' id='word_1_317' title='bbox 253 3585 484 3644; x_wconf 75' lang='grc' dir='ltr'>ἀκρόασιν</span> <span class='ocrx_word' id='word_1_318' title='bbox 528 3591 644 3635; x_wconf 73' lang='grc' dir='ltr'><em>ἴσως</em></span> <span class='ocrx_word' id='word_1_319' title='bbox 694 3587 745 3633; x_wconf 75' lang='grc' dir='ltr'>τὸ</span> <span class='ocrx_word' id='word_1_320' title='bbox 798 3585 861 3649; x_wconf 71' lang='grc' dir='ltr'>μὴ</span> <span class='ocrx_word' id='word_1_321' title='bbox 903 3589 1122 3649; x_wconf 75' lang='grc' dir='ltr'><em>μυθῶδες</em></span> 
     </span>
     <span class='ocr_line' id='line_1_49' title="bbox 254 3643 1051 3707; baseline 0.008 -22"><span class='ocrx_word' id='word_1_322' title='bbox 254 3643 409 3690; x_wconf 76' lang='grc' dir='ltr'><em>αὐτῶν</em></span> <span class='ocrx_word' id='word_1_323' title='bbox 441 3647 778 3706; x_wconf 64' lang='grc' dir='ltr'>ἀτερπέστερον</span> <span class='ocrx_word' id='word_1_324' title='bbox 813 3656 1051 3707; x_wconf 64' lang='grc' dir='ltr'>φανεῖται.</span> 
     </span>
    </p>
   </div>
   <div class='ocr_carea' id='block_1_10' title="bbox 1195 2136 2069 2963">
    <p class='ocr_par' dir='ltr' id='par_1_10' title="bbox 1195 2136 2069 2963">
     <span class='ocr_line' id='line_1_50' title="bbox 1195 2136 2066 2191; baseline 0.001 -12"><span class='ocrx_word' id='word_1_325' title='bbox 1195 2137 1376 2179; x_wconf 85' lang='lat' dir='ltr'>lentiam</span> <span class='ocrx_word' id='word_1_326' title='bbox 1421 2145 1464 2180; x_wconf 93' lang='lat' dir='ltr'>et</span> <span class='ocrx_word' id='word_1_327' title='bbox 1498 2136 1774 2191; x_wconf 86' lang='lat' dir='ltr'>cupidinem,</span> <span class='ocrx_word' id='word_1_328' title='bbox 1817 2142 2066 2180; x_wconf 84' lang='lat' dir='ltr'>senatorum</span> 
     </span>
     <span class='ocr_line' id='line_1_51' title="bbox 1196 2195 2066 2254; baseline 0.001 -17"><span class='ocrx_word' id='word_1_329' title='bbox 1196 2197 1454 2254; x_wconf 88' lang='lat' dir='ltr'>obsequium</span> <span class='ocrx_word' id='word_1_330' title='bbox 1476 2203 1519 2239; x_wconf 90' lang='lat' dir='ltr'>et</span> <span class='ocrx_word' id='word_1_331' title='bbox 1539 2198 1811 2251; x_wconf 84' lang='lat' dir='ltr'>patientiam.</span> <span class='ocrx_word' id='word_1_332' title='bbox 1863 2195 2066 2240; x_wconf 84' lang='lat' dir='ltr'>Ceterum</span> 
     </span>
     <span class='ocr_line' id='line_1_52' title="bbox 1197 2256 2067 2299; baseline -0.002 -1"><span class='ocrx_word' id='word_1_333' title='bbox 1197 2259 1313 2298; x_wconf 68' lang='lat' dir='ltr'>exitu</span> <span class='ocrx_word' id='word_1_334' title='bbox 1337 2256 1542 2299; x_wconf 88' lang='lat' dir='ltr'>sollerter</span> <span class='ocrx_word' id='word_1_335' title='bbox 1565 2270 1589 2298; x_wconf 85' lang='lat' dir='ltr'>a</span> <span class='ocrx_word' id='word_1_336' title='bbox 1606 2256 1798 2298; x_wconf 89' lang='lat' dir='ltr'>Pichena</span> <span class='ocrx_word' id='word_1_337' title='bbox 1824 2262 2067 2299; x_wconf 88' lang='lat' dir='ltr'>correctum</span> 
     </span>
     <span class='ocr_line' id='line_1_53' title="bbox 1198 2315 2068 2372; baseline -0.001 -15"><span class='ocrx_word' id='word_1_338' title='bbox 1198 2329 1313 2371; x_wconf 55' lang='lat' dir='ltr'>essen</span> <span class='ocrx_word' id='word_1_339' title='bbox 1327 2329 1433 2357; x_wconf 90' lang='lat' dir='ltr'>vere</span> <span class='ocrx_word' id='word_1_340' title='bbox 1467 2322 1712 2372; x_wconf 81' lang='lat' dir='ltr'>agnoscunt</span> <span class='ocrx_word' id='word_1_341' title='bbox 1730 2315 2068 2372; x_wconf 86' lang='lat' dir='ltr'>Bezzenberger</span> 
     </span>
     <span class='ocr_line' id='line_1_54' title="bbox 1197 2373 2068 2428; baseline -0.002 -11"><span class='ocrx_word' id='word_1_342' title='bbox 1197 2381 1242 2417; x_wconf 87' lang='lat' dir='ltr'>et</span> <span class='ocrx_word' id='word_1_343' title='bbox 1273 2375 1468 2417; x_wconf 90' lang='lat' dir='ltr'>Heraens</span> <span class='ocrx_word' id='word_1_344' title='bbox 1502 2388 1543 2428; x_wconf 89' lang='lat' dir='ltr'>p.</span> <span class='ocrx_word' id='word_1_345' title='bbox 1582 2377 1679 2419; x_wconf 79' lang='lat'><strong>122.</strong></span> <span class='ocrx_word' id='word_1_346' title='bbox 1746 2374 1812 2416; x_wconf 82' lang='lat' dir='ltr'>Cf.</span> <span class='ocrx_word' id='word_1_347' title='bbox 1845 2373 1904 2416; x_wconf 89' lang='lat' dir='ltr'>lv</span> <span class='ocrx_word' id='word_1_348' title='bbox 1936 2375 1994 2418; x_wconf 87' lang='lat'>52</span> <span class='ocrx_word' id='word_1_349' title='bbox 2024 2380 2068 2416; x_wconf 87' lang='lat' dir='ltr'>et</span> 
     </span>
     <span class='ocr_line' id='line_1_55' title="bbox 1197 2433 2068 2477; baseline -0.002 0"><span class='ocrx_word' id='word_1_350' title='bbox 1197 2434 1268 2477; x_wconf 84' lang='lat'>58.</span> <span class='ocrx_word' id='word_1_351' title='bbox 1314 2435 1365 2475; x_wconf 87' lang='lat' dir='ltr'>ll.</span> <span class='ocrx_word' id='word_1_352' title='bbox 1403 2434 1438 2474; x_wconf 94' lang='lat' dir='ltr'>ll</span> <span class='ocrx_word' id='word_1_353' title='bbox 1470 2434 1541 2476; x_wconf 82' lang='lat'>38.</span> <span class='ocrx_word' id='word_1_354' title='bbox 1589 2433 1780 2476; x_wconf 89' lang='lat' dir='ltr'>Orellius</span> <span class='ocrx_word' id='word_1_355' title='bbox 1805 2434 1921 2475; x_wconf 41' lang='lat' dir='ltr'>eut-itu</span> <span class='ocrx_word' id='word_1_356' title='bbox 1946 2439 2068 2476; x_wconf 86' lang='lat' dir='ltr'>tenet</span> 
     </span>
     <span class='ocr_line' id='line_1_56' title="bbox 1197 2491 2068 2549; baseline 0 -14"><span class='ocrx_word' id='word_1_357' title='bbox 1197 2493 1496 2549; x_wconf 82' lang='lat' dir='ltr'>intelligitque</span> <span class='ocrx_word' id='word_1_358' title='bbox 1515 2494 1818 2535; x_wconf 84' lang='lat' dir='ltr'>accusationes</span> <span class='ocrx_word' id='word_1_359' title='bbox 1840 2498 1883 2534; x_wconf 88' lang='lat' dir='ltr'>et</span> <span class='ocrx_word' id='word_1_360' title='bbox 1906 2491 2068 2535; x_wconf 81' lang='lat' dir='ltr'>iudicia</span> 
     </span>
     <span class='ocr_line' id='line_1_57' title="bbox 1199 2551 2067 2606; baseline 0.001 -13"><span class='ocrx_word' id='word_1_361' title='bbox 1199 2552 1384 2594; x_wconf 90' lang='lat' dir='ltr'>eundem</span> <span class='ocrx_word' id='word_1_362' title='bbox 1416 2565 1589 2606; x_wconf 87' lang='lat' dir='ltr'>semper</span> <span class='ocrx_word' id='word_1_363' title='bbox 1625 2554 1787 2594; x_wconf 85' lang='lat' dir='ltr'>exitum</span> <span class='ocrx_word' id='word_1_364' title='bbox 1819 2557 1963 2604; x_wconf 85' lang='lat' dir='ltr'>nacta,</span> <span class='ocrx_word' id='word_1_365' title='bbox 1990 2551 2067 2594; x_wconf 85' lang='lat' dir='ltr'>sed</span> 
     </span>
     <span class='ocr_line' id='line_1_58' title="bbox 1200 2610 2067 2666; baseline 0.001 -15"><span class='ocrx_word' id='word_1_366' title='bbox 1200 2612 1308 2653; x_wconf 85' lang='lat' dir='ltr'>haec</span> <span class='ocrx_word' id='word_1_367' title='bbox 1359 2613 1457 2666; x_wconf 88' lang='lat' dir='ltr'>quis</span> <span class='ocrx_word' id='word_1_368' title='bbox 1514 2612 1683 2653; x_wconf 82' lang='lat' dir='ltr'>easdem</span> <span class='ocrx_word' id='word_1_369' title='bbox 1744 2610 1859 2652; x_wconf 68' lang='lat' dir='ltr'>exitu</span> <span class='ocrx_word' id='word_1_370' title='bbox 1913 2625 2067 2652; x_wconf 78' lang='lat' dir='ltr'>causas</span> 
     </span>
     <span class='ocr_line' id='line_1_59' title="bbox 1198 2670 2066 2725; baseline 0.002 -15"><span class='ocrx_word' id='word_1_371' title='bbox 1198 2670 1392 2711; x_wconf 73' lang='lat' dir='ltr'>dixerit?</span> <span class='ocrx_word' id='word_1_372' title='bbox 1453 2670 1585 2711; x_wconf 90' lang='lat' dir='ltr'>Immo</span> <span class='ocrx_word' id='word_1_373' title='bbox 1621 2674 1940 2725; x_wconf 88' lang='lat' dir='ltr'>componuntnr</span> <span class='ocrx_word' id='word_1_374' title='bbox 1972 2671 2066 2725; x_wconf 85' lang='lat' dir='ltr'>ipsa</span> 
     </span>
     <span class='ocr_line' id='line_1_60' title="bbox 1198 2730 2066 2783; baseline 0.002 -14"><span class='ocrx_word' id='word_1_375' title='bbox 1198 2730 1418 2783; x_wconf 89' lang='lat' dir='ltr'>pernicies</span> <span class='ocrx_word' id='word_1_376' title='bbox 1475 2730 1773 2772; x_wconf 87' lang='lat' dir='ltr'>innocentium</span> <span class='ocrx_word' id='word_1_377' title='bbox 1823 2734 1867 2771; x_wconf 86' lang='lat' dir='ltr'>et</span> <span class='ocrx_word' id='word_1_378' title='bbox 1907 2742 2066 2772; x_wconf 80' lang='lat' dir='ltr'>causae</span> 
     </span>
     <span class='ocr_line' id='line_1_61' title="bbox 1200 2788 2069 2844; baseline -0.001 -14"><span class='ocrx_word' id='word_1_379' title='bbox 1200 2802 1276 2830; x_wconf 83' lang='lat' dir='ltr'>cur</span> <span class='ocrx_word' id='word_1_380' title='bbox 1308 2802 1359 2830; x_wconf 89' lang='lat' dir='ltr'>ea</span> <span class='ocrx_word' id='word_1_381' title='bbox 1393 2795 1630 2831; x_wconf 85' lang='lat' dir='ltr'>consecuta</span> <span class='ocrx_word' id='word_1_382' title='bbox 1663 2790 1734 2841; x_wconf 89' lang='lat' dir='ltr'>sit,</span> <span class='ocrx_word' id='word_1_383' title='bbox 1765 2788 1916 2844; x_wconf 86' lang='lat' dir='ltr'>ibique</span> <span class='ocrx_word' id='word_1_384' title='bbox 1947 2789 2069 2830; x_wconf 71' lang='lat' dir='ltr'>exitii</span> 
     </span>
     <span class='ocr_line' id='line_1_62' title="bbox 1198 2847 2067 2903; baseline -0.002 -13"><span class='ocrx_word' id='word_1_385' title='bbox 1198 2849 1374 2903; x_wconf 87' lang='lat' dir='ltr'>scripsit</span> <span class='ocrx_word' id='word_1_386' title='bbox 1405 2847 1600 2901; x_wconf 52' lang='lat' dir='ltr'>Tacitus,</span> <span class='ocrx_word' id='word_1_387' title='bbox 1634 2863 1689 2891; x_wconf 84' lang='lat' dir='ltr'>ne</span> <span class='ocrx_word' id='word_1_388' title='bbox 1722 2849 1879 2890; x_wconf 88' lang='lat' dir='ltr'>iterum</span> <span class='ocrx_word' id='word_1_389' title='bbox 1913 2847 2067 2890; x_wconf 87' lang='lat' dir='ltr'>eodem</span> 
     </span>
     <span class='ocr_line' id='line_1_63' title="bbox 1199 2907 1901 2963; baseline 0.001 -14"><span class='ocrx_word' id='word_1_390' title='bbox 1199 2907 1416 2949; x_wconf 82' lang='lat' dir='ltr'>vocabulo</span> <span class='ocrx_word' id='word_1_391' title='bbox 1446 2909 1661 2963; x_wconf 80' lang='lat' dir='ltr'>perniciei</span> <span class='ocrx_word' id='word_1_392' title='bbox 1692 2913 1901 2950; x_wconf 83' lang='lat' dir='ltr'>uteretur.</span> 
     </span>
    </p>
   </div>
   <div class='ocr_carea' id='block_1_11' title="bbox 1199 2995 2071 3702">
    <p class='ocr_par' dir='ltr' id='par_1_11' title="bbox 1199 2995 2071 3702">
     <span class='ocr_line' id='line_1_64' title="bbox 1288 2995 2069 3049; baseline 0 -14"><span class='ocrx_word' id='word_1_393' title='bbox 1288 3002 1373 3036; x_wconf 82' lang='lat' dir='ltr'>tum</span> <span class='ocrx_word' id='word_1_394' title='bbox 1405 2995 1514 3049; x_wconf 81' lang='lat' dir='ltr'>quod</span> <span class='ocrx_word' id='word_1_395' title='bbox 1553 3002 1662 3037; x_wconf 89' lang='lat' dir='ltr'>cet.:</span> <span class='ocrx_word' id='word_1_396' title='bbox 1706 3007 1862 3037; x_wconf 83' lang='lat' dir='ltr'>novam</span> <span class='ocrx_word' id='word_1_397' title='bbox 1896 3007 2069 3036; x_wconf 80' lang='lat' dir='ltr'>causam</span> 
     </span>
     <span class='ocr_line' id='line_1_65' title="bbox 1200 3053 2071 3096; baseline -0.001 -1"><span class='ocrx_word' id='word_1_398' title='bbox 1200 3054 1323 3096; x_wconf 77' lang='lat' dir='ltr'>affert</span> <span class='ocrx_word' id='word_1_399' title='bbox 1374 3067 1449 3095; x_wconf 85' lang='lat' dir='ltr'>cur</span> <span class='ocrx_word' id='word_1_400' title='bbox 1501 3054 1583 3095; x_wconf 90' lang='lat' dir='ltr'>sibi</span> <span class='ocrx_word' id='word_1_401' title='bbox 1635 3056 1678 3095; x_wconf 91' lang='lat' dir='ltr'>in</span> <span class='ocrx_word' id='word_1_402' title='bbox 1726 3061 1819 3096; x_wconf 85' lang='lat' dir='ltr'>arto</span> <span class='ocrx_word' id='word_1_403' title='bbox 1863 3053 1988 3095; x_wconf 79' lang='lat' dir='ltr'>labor</span> <span class='ocrx_word' id='word_1_404' title='bbox 2027 3058 2071 3094; x_wconf 86' lang='lat' dir='ltr'>et</span> 
     </span>
     <span class='ocr_line' id='line_1_66' title="bbox 1202 3113 2070 3169; baseline -0.001 -15"><span class='ocrx_word' id='word_1_405' title='bbox 1202 3113 1431 3169; x_wconf 86' lang='lat' dir='ltr'>inglorius.</span> <span class='ocrx_word' id='word_1_406' title='bbox 1484 3113 1692 3155; x_wconf 82' lang='lat' dir='ltr'>Lectores</span> <span class='ocrx_word' id='word_1_407' title='bbox 1727 3114 1841 3155; x_wconf 89' lang='lat' dir='ltr'>enim</span> <span class='ocrx_word' id='word_1_408' title='bbox 1873 3125 1959 3153; x_wconf 89' lang='lat' dir='ltr'>non</span> <span class='ocrx_word' id='word_1_409' title='bbox 1993 3124 2070 3153; x_wconf 87' lang='lat' dir='ltr'>so-</span> 
     </span>
     <span class='ocr_line' id='line_1_67' title="bbox 1200 3171 2070 3214; baseline 0 0"><span class='ocrx_word' id='word_1_410' title='bbox 1200 3172 1286 3214; x_wconf 90' lang='lat' dir='ltr'>lum</span> <span class='ocrx_word' id='word_1_411' title='bbox 1320 3173 1451 3214; x_wconf 77' lang='lat' dir='ltr'>obvia</span> <span class='ocrx_word' id='word_1_412' title='bbox 1485 3186 1625 3214; x_wconf 86' lang='lat' dir='ltr'>rernm</span> <span class='ocrx_word' id='word_1_413' title='bbox 1659 3171 1898 3214; x_wconf 83' lang='lat' dir='ltr'>similitudo</span> <span class='ocrx_word' id='word_1_414' title='bbox 1926 3172 2070 3214; x_wconf 80' lang='lat' dir='ltr'>offen-</span> 
     </span>
     <span class='ocr_line' id='line_1_68' title="bbox 1200 3230 2070 3284; baseline -0.001 -11"><span class='ocrx_word' id='word_1_415' title='bbox 1200 3232 1283 3284; x_wconf 86' lang='lat' dir='ltr'>dit,</span> <span class='ocrx_word' id='word_1_416' title='bbox 1335 3231 1412 3273; x_wconf 90' lang='lat' dir='ltr'>scd</span> <span class='ocrx_word' id='word_1_417' title='bbox 1466 3232 1586 3274; x_wconf 85' lang='lat' dir='ltr'>multi</span> <span class='ocrx_word' id='word_1_418' title='bbox 1638 3232 1783 3273; x_wconf 80' lang='lat' dir='ltr'>aliena</span> <span class='ocrx_word' id='word_1_419' title='bbox 1835 3230 2070 3272; x_wconf 81' lang='lat' dir='ltr'>malefacta</span> 
     </span>
     <span class='ocr_line' id='line_1_69' title="bbox 1200 3290 2070 3346; baseline -0.002 -14"><span class='ocrx_word' id='word_1_420' title='bbox 1200 3291 1280 3332; x_wconf 89' lang='lat' dir='ltr'>sibi</span> <span class='ocrx_word' id='word_1_421' title='bbox 1302 3292 1530 3346; x_wconf 82' lang='lat' dir='ltr'>exprobari</span> <span class='ocrx_word' id='word_1_422' title='bbox 1554 3291 1750 3333; x_wconf 88' lang='lat' dir='ltr'>credunt.</span> <span class='ocrx_word' id='word_1_423' title='bbox 1843 3290 2070 3345; x_wconf 81' lang='lat' dir='ltr'>infamiam</span> 
     </span>
     <span class='ocr_line' id='line_1_70' title="bbox 1199 3349 2068 3403; baseline -0.005 -11"><span class='ocrx_word' id='word_1_424' title='bbox 1199 3351 1382 3392; x_wconf 76' lang='lat' dir='ltr'>subiere.-</span> <span class='ocrx_word' id='word_1_425' title='bbox 1427 3350 1606 3392; x_wconf 77' lang='lat' dir='ltr'>insolito</span> <span class='ocrx_word' id='word_1_426' title='bbox 1651 3362 1830 3391; x_wconf 89' lang='lat' dir='ltr'>numero</span> <span class='ocrx_word' id='word_1_427' title='bbox 1863 3349 2068 3403; x_wconf 77' lang='lat' dir='ltr'>infamias</span> 
     </span>
     <span class='ocr_line' id='line_1_71' title="bbox 1200 3403 2068 3464; baseline -0.005 -14"><span class='ocrx_word' id='word_1_428' title='bbox 1200 3409 1309 3451; x_wconf 84' lang='lat' dir='ltr'>nihil</span> <span class='ocrx_word' id='word_1_429' title='bbox 1345 3409 1549 3464; x_wconf 84' lang='lat' dir='ltr'>praesidii</span> <span class='ocrx_word' id='word_1_430' title='bbox 1583 3424 1605 3451; x_wconf 86' lang='lat' dir='ltr'>a</span> <span class='ocrx_word' id='word_1_431' title='bbox 1641 3410 1778 3451; x_wconf 83' lang='lat' dir='ltr'>forma</span> <span class='ocrx_word' id='word_1_432' title='bbox 1816 3408 1981 3463; x_wconf 76' lang='lat' dir='ltr'>ylorias</span> <span class='ocrx_word' id='word_1_433' title='bbox 2013 3403 2068 3447; x_wconf 83' lang='grc' dir='ltr'>ΙΙΙ</span> 
     </span>
     <span class='ocr_line' id='line_1_72' title="bbox 1202 3465 2065 3521; baseline -0.008 -11"><span class='ocrx_word' id='word_1_434' title='bbox 1202 3469 1286 3521; x_wconf 76' lang='lat'>45,</span> <span class='ocrx_word' id='word_1_435' title='bbox 1332 3476 1377 3509; x_wconf 88' lang='lat' dir='ltr'>ut</span> <span class='ocrx_word' id='word_1_436' title='bbox 1420 3475 1597 3510; x_wconf 79' lang='lat' dir='ltr'>anctore</span> <span class='ocrx_word' id='word_1_437' title='bbox 1637 3467 1797 3510; x_wconf 87' lang='lat' dir='ltr'>Rothio</span> <span class='ocrx_word' id='word_1_438' title='bbox 1841 3465 1918 3518; x_wconf 85' lang='lat' dir='ltr'>(ad</span> <span class='ocrx_word' id='word_1_439' title='bbox 1960 3465 2065 3519; x_wconf 85' lang='lat' dir='ltr'>Agr.</span> 
     </span>
     <span class='ocr_line' id='line_1_73' title="bbox 1204 3522 2069 3586; baseline -0.009 -17"><span class='ocrx_word' id='word_1_440' title='bbox 1204 3541 1247 3582; x_wconf 90' lang='lat' dir='ltr'>p.</span> <span class='ocrx_word' id='word_1_441' title='bbox 1296 3529 1410 3586; x_wconf 75' lang='lat'>114)</span> <span class='ocrx_word' id='word_1_442' title='bbox 1467 3528 1691 3570; x_wconf 85' lang='lat' dir='ltr'>credidere</span> <span class='ocrx_word' id='word_1_443' title='bbox 1734 3522 1978 3567; x_wconf 85' lang='lat' dir='ltr'>Waltherus</span> <span class='ocrx_word' id='word_1_444' title='bbox 2024 3527 2069 3564; x_wconf 89' lang='lat' dir='ltr'>et</span> 
     </span>
     <span class='ocr_line' id='line_1_74' title="bbox 1207 3581 2067 3638; baseline -0.01 -8"><span class='ocrx_word' id='word_1_445' title='bbox 1207 3586 1422 3630; x_wconf 85' lang='lat' dir='ltr'>Orellius:</span> <span class='ocrx_word' id='word_1_446' title='bbox 1471 3601 1566 3629; x_wconf 83' lang='lat' dir='ltr'>nam</span> <span class='ocrx_word' id='word_1_447' title='bbox 1610 3586 1663 3628; x_wconf 86' lang='lat' dir='ltr'>ad</span> <span class='ocrx_word' id='word_1_448' title='bbox 1695 3585 1789 3626; x_wconf 84' lang='lat' dir='ltr'>eius</span> <span class='ocrx_word' id='word_1_449' title='bbox 1821 3581 2067 3638; x_wconf 87' lang='lat' dir='ltr'>analogiam</span> 
     </span>
     <span class='ocr_line' id='line_1_75' title="bbox 1206 3642 2066 3702; baseline -0.013 -14"><span class='ocrx_word' id='word_1_450' title='bbox 1206 3648 1415 3702; x_wconf 78' lang='lat' dir='ltr'>infamiae</span> <span class='ocrx_word' id='word_1_451' title='bbox 1447 3646 1592 3688; x_wconf 86' lang='lat' dir='ltr'>forent</span> <span class='ocrx_word' id='word_1_452' title='bbox 1622 3650 1695 3686; x_wconf 88' lang='lat' dir='ltr'>aut</span> <span class='ocrx_word' id='word_1_453' title='bbox 1725 3642 1915 3685; x_wconf 71' lang='lat' dir='ltr'>homines</span> <span class='ocrx_word' id='word_1_454' title='bbox 1945 3642 2066 3696; x_wconf 79' lang='lat' dir='ltr'>infa-</span> 
     </span>
    </p>
   </div>
  </div>
 </body>
</html>
