2222 4022
230 255 348 301 XXX
1014 252 1284 298 PROOEMlI

228 403 500 462 merentur,
541 398 662 449 novi
699 396 926 464 quamvis
965 397 1163 465 egregii
1201 402 1646 450 contemnerentur
1669 403 1701 449 ¹.
1762 391 2060 453 Accedebat

227 490 486 541 scribendi
522 490 667 541 labor
705 495 754 540 et
790 489 1011 540 desidia:
1050 490 1284 540 nimirum
1325 489 1525 542 modica
1547 482 1781 543 Suetonii
1801 491 2057 544 volumina

228 581 327 632 cito
370 597 430 632 ac
469 581 618 632 facile
659 580 1096 646 describebantur,
1136 581 1187 631 in
1216 581 1423 648 triginta
1446 582 1604 633 Taciti
1630 582 1773 634 libris
1799 583 2067 635 scribendi-

229 687 434 737 operam
473 672 695 723 tolerare
731 672 879 737 pauci
913 672 1273 723 sustinuerunt.
1349 673 1495 734 Quod
1549 658 1659 725 cum
1699 689 1854 742 aegre
1899 675 2058 726 ferret

227 764 426 817 Marcus
471 764 708 815 Claudius
745 763 977 828 TacituS,
1034 746 1114 815 ei
1139 763 1231 815 Gai
1282 764 1439 815 Taciti
1477 766 1725 831 posteris,
1782 781 1916 817 anno
1959 768 2059 818 275

224 856 325 907 Vll.
364 854 608 906 kalendas
647 854 897 907 Octobres
935 855 1223 906 declaratus
1275 856 1578 922 imperator,
1634 857 1869 923 impetum
1924 857 2057 923 cepit

229 946 596 996 conservandis
650 946 746 996 viri
797 946 1004 1012 cognati
1053 946 1292 1012 operibus
1343 946 1755 1013 saluberrimum,
1813 948 2060 1014 iussitque

223 1037 370 1088 huius
408 1038 569 1089 libros
609 1053 701 1103 per
739 1052 900 1089 annos
939 1038 1170 1105 singulos
1208 1038 1381 1090 decies
1419 1040 1575 1091 scribi
1611 1039 1882 1105 publicitus
1921 1044 1972 1092 et
2007 1040 2059 1090 in

220 1129 543 1180 bibliothecis
578 1130 725 1194 poni:
767 1129 830 1180 cf.
869 1130 1119 1180 Prooemii
1159 1146 1202 1180 c2
1239 1130 1288 1182 3.
1365 1131 1454 1181 Cui
1491 1131 1728 1182 mandato
1766 1132 1810 1183 si
1850 1131 2062 1183 satisfa-

222 1224 354 1271 ctum
394 1225 556 1284 esset,
613 1235 747 1270 nunc
786 1219 972 1288 integri
1020 1221 1135 1272 libri
1184 1221 1254 1271 illi
1293 1222 1588 1288 superstites
1639 1223 1836 1275 forent:
1884 1238 2059 1275 verum

221 1312 420 1363 Tacitus
472 1312 747 1378 imperator
804 1318 948 1364 sexto
1003 1328 1178 1364 mense
1223 1318 1487 1380 postquam
1538 1314 1800 1380 imperium
1853 1315 2063 1381 adeptus

222 1406 300 1453 est
333 1403 553 1454 animam
592 1403 869 1468 expiravit,
917 1418 1082 1469 neque
1134 1419 1408 1455 successor
1443 1405 1601 1456 frater
1638 1405 1904 1458 Florianus
1941 1421 2061 1458 mox

218 1493 547 1559 interemptus
602 1510 713 1546 eam
769 1510 939 1545 curam
986 1495 1248 1560 suscipere
1294 1496 1468 1561 potuit.
1543 1496 1623 1546 Ab
1677 1496 1778 1547 hoc
1832 1501 2060 1564 tempore

219 1585 383 1637 exorti
419 1590 534 1637 sunt
571 1585 847 1651 scriptores
872 1586 943 1635 illi
976 1586 1221 1637 historiae
1248 1587 1528 1653 Augustae.
1593 1588 1688 1648 Qui
1729 1603 1841 1639 cum
1872 1588 2062 1654 despe-

216 1682 391 1728 rarent
437 1677 663 1741 aspirare
723 1692 781 1728 se
826 1693 980 1743 posse
1029 1678 1091 1728 ad
1141 1678 1439 1744 gravitatem
1499 1684 1548 1730 et
1587 1679 1943 1746 diligentiam,'
1995 1679 2056 1730 ad

219 1768 558 1834 eloquentiam
596 1772 645 1819 et
686 1769 883 1834 copiam
920 1770 971 1818 in
1010 1769 1181 1820 Tacito
1221 1771 1576 1835 conspicuam,
1619 1770 1846 1823 Suetonii
1886 1769 2051 1822 stilum

220 1865 271 1911 et
306 1875 497 1911 morem
536 1860 779 1910 narrandi
821 1860 975 1911 multo
1011 1861 1293 1911 faciliorem
1331 1861 1491 1911 secuti
1533 1866 1680 1926 sunt,
1722 1861 1774 1912 id
1816 1861 1952 1928 quod
1993 1861 2056 1913 de

220 1967 276 2004 se
312 1951 574 2018 profitetur
609 1951 809 2002 Flavius
845 1951 1092 2017 Vopiscus
1133 1952 1185 2001 in
1224 1952 1387 2002 Probo
1427 1969 1469 2003 c.
1514 1954 1568 2003 2:
1627 1957 1673 2002 et
1707 1951 1829 2002 mihi
1861 1952 2058 2018 quidem

222 2041 276 2092 id
313 2042 467 2092 animi
500 2042 613 2108 fuit,
649 2058 753 2093 non
787 2049 840 2093 ut
865 2045 1146 2109 Sallustios,
1185 2044 1374 2108 Livias·‚
1412 2042 1626 2105 Tacitos‚
1669 2042 1873 2111 Troyos,
1910 2047 2060 2108 atque

225 2149 397 2184 omnes
442 2133 804 2185 disertissimos
851 2135 1081 2185 imitarer
1119 2136 1259 2185 viros
1292 2135 1344 2184 in
1382 2135 1489 2184 vita
1521 2133 1815 2198 principum
1844 2138 1896 2184 et
1931 2139 2058 2200 tem-

218 2224 433 2289 poribus
471 2224 800 2288 disserendis,
844 2224 936 2274 sed
971 2224 1187 2274 Marium
1224 2225 1516 2288 Maximum,
1557 2223 1851 2274 Suetonium
1894 2221 2062 2273 Tran—

219 2314 440 2379 quillum,
470 2347 535 2355 -
561 2321 853 2380 ceterosque
886 2314 971 2378 qui
1012 2315 1137 2364 haec
1174 2320 1223 2364 et
1257 2314 1381 2364 talia
1417 2329 1518 2363 non
1554 2320 1655 2364 tam
1687 2314 1872 2364 diserte
1909 2327 2062 2379 quam

219 2420 340 2455 vere
377 2406 649 2456 memoriae
682 2406 1015 2457 trad-iderunt.
1090 2406 1226 2457 Idem
1263 2405 1542 2457 Aureliano
1583 2421 1625 2457 c..
1669 2407 1724 2456 2:
1765 2420 1842 2455 me
1881 2411 2061 2457 contra
2135 2416 2142 2423 ·

219 2498 436 2559 dicente,
492 2498 736 2548 neminem
791 2498 1091 2563 scriptorem
1138 2502 1376 2562 quantum
1427 2497 1494 2546 ad
1530 2496 1795 2547 historiam
1826 2495 2059 2561 pertinet,

159 2652 163 2657 μ
218 2603 320 2638 non
353 2588 545 2653 aliquid
581 2604 693 2638 esse
726 2589 1007 2653 mentitum,
1051 2589 1296 2653 prodente
1332 2587 1602 2652 quinetiam
1638 2588 1690 2636 in
1729 2601 1826 2652 qno
1865 2586 2059 2651 Livius,

219 2678 272 2729 in
311 2694 407 2744 quo
443 2679 746 2744 Saliustius,
798 2680 852 2729 in
893 2695 989 2745 quo
1027 2679 1296 2730 Cornelius
1342 2678 1567 2742 Tacitus,
1622 2677 1674 2726 in
1705 2693 1807 2742 quo
1842 2677 2059 2743 ,denique

227 2768 419 2836 Troyus
478 2771 760 2837 manifestis
808 2770 1016 2820 testibus
1054 2770 1487 2820 convincerentur.
1561 2770 1745 2836 Aliqua
1783 2769 2056 2820 verbor-um

220 2861 379 2913 Taciti
417 2863 570 2930 (Agr.
610 2879 653 2914 c.
699 2865 788 2926 12)
825 2863 1118 2914 recordatio
1159 2862 1554 2928 deprehenditur
1588 2861 1720 2928 apud
1757 2861 2056 2913 Eumenium

221 2953 272 3003 in
315 2953 629 3021 Panegyrico
682 2954 1020 3005 Constantino
1062 2954 1198 3004 dicto
1239 2969 1283 3004 c.
1325 2952 1389 3004 9:
1446 2952 1766 3019 teupi-ssimae
1818 2951 1924 3003 dies
1978 2953 2057 3014 (in

220 3045 506 3111 Britannia)
546 3050 595 3094 et
627 3045 796 3096 nullae
830 3045 940 3095 sine
976 3045 1148 3110 aliqua
1188 3045 1298 3094 luce
1334 3049 1522 3107 noctes,
1565 3045 1679 3095 dnm
1713 3045 1803 3094 itta
1861 3043 2061 3094 litorum

225 3141 454 3187 extrema
486 3135 725 3200 planities
764 3151 865 3186 non
902 3136 1081 3186 attollit
1114 3135 1349 3199 umbras,
1399 3135 1659 3200 noctisque
1699 3140 1880 3186 metam
1928 3133 2061 3185 caeti

224 3233 272 3277 et
307 3227 530 3278 siderum
582 3228 767 3279 transit
806 3228 1103 3293 adspectus,
1155 3233 1209 3277 ut
1243 3228 1323 3278 sol
1356 3227 1498 3292 ipse,
1537 3227 1622 3292 qui
1666 3227 1812 3278 nobis
1860 3226 2060 3277 videtur

321 3354 356 3392 1.
415 3350 535 3393 Hanc
577 3352 632 3394 ob
676 3365 848 3395 causam
881 3366 1025 3408 neque
1058 3354 1102 3394 in
1187 3358 1391 3395 moratur.
1436 3351 1596 3394 Eadem
1617 3354 1786 3395 incuria
1806 3353 1890 3396 fuit
1911 3365 2059 3410 gram-
2125 3383 2137 3391 ,

229 3406 462 3451 Frontonis
497 3411 696 3467 reliquiis
721 3425 865 3468 neque
887 3414 930 3453 in
955 3412 1101 3466 Gellii,
1187 3414 1443 3453 maticorum
1485 3412 1757 3465 Latinorum,
1801 3413 2058 3468 plerumque

228 3468 392 3524 alioqui
448 3471 625 3511 minime
688 3474 897 3513 incuriosi
953 3485 1102 3514 eorum
1188 3479 1390 3514 auctores
1423 3478 1611 3525 veteres,
1645 3471 1858 3526 aquibus
1887 3470 2059 3523 Tacitus

229 3529 302 3583 qui
335 3529 574 3569 litterarum
607 3529 735 3571 laude
767 3530 978 3585 floruere,
1012 3531 1103 3573 No-
1187 3530 1353 3573 laudari
1387 3531 1576 3573 nondum
1605 3531 1762 3586 potuit,
1794 3543 1950 3573 secure
1977 3543 2058 3573 ex-

231 3587 372 3632 ctibus
388 3587 549 3632 Atticis
580 3587 751 3632 Tacitus
785 3603 973 3646 unquam
1006 3604 1103 3633 me-
1190 3591 1463 3633 cribentium.
