2280 4004
241 275 354 330 αῗῦῖ
380 284 451 333 5⁶.
485 290 504 319 Τ
812 285 974 331 LIBER
1004 280 1119 330 x111.
1182 281 1288 330 cst.
1321 280 1512 331 28—29.
1977 274 2065 323 1⁸6

220 422 567 498 “quaestorem
597 428 947 480 contentiones
973 427 1208 494 proprias
1236 427 1479 492 exercuit,
1507 431 1757 492 tamquam
1786 421 1865 474 ius
1890 419 2066 473 hastae

246 521 493 574 adversus
543 521 724 587 inopes
778 521 1109 573 inclementer
1156 525 1347 591 ageret.
1443 519 1574 571 Dein
1621 517 1857 586 princeps
1895 524 2068 566 curam

247 591 526 663 tabularum
569 610 882 678 publicarum
918 627 946 663 a
985 612 1336 679 quaestoribus
1376 611 1439 663 ad
1474 609 1762 676 praefectos
1795 604 2069 658 transtulit.

163 699 403 756 29var1e
438 703 607 755 habita
644 719 706 754 ac
740 718 894 771 saepe
931 709 1117 756 mutata
1155 704 1263 755 elus
1298 703 1374 755 rei
1412 700 1591 754 forma.
1663 700 1788 752 Nam
1808 699 2068 765 Augustus

249 795 447 847 senatui
484 795 709 861 permisit
740 791 969 863 deligere
996 795 1314 863 praefectos3
1353 793 1538 862 deinde
1572 792 1759 845 ambitu
1791 787 2108 856 suffragio-t

249 899 359 937 rum
397 871 662 952 suspecto,
715 891 856 939 sorte
905 888 1219 940 ducebantur
1276 902 1340 940 ex
1393 895 1603 938 numero
1657 887 1948 951 praetorum
1983 879 2069 946 qui

248 958 560 1045 praeessent.
635 978 811 1044 Neque
858 978 910 1029 id
950 979 1035 1030 diu
1082 979 1295 1043 mansit,
1360 978 1476 1044 quia
1522 988 1638 1029 sors
1696 972 1966 1027 deerrabat
2003 968 2069 1022 ad

249 1074 423 1135 parum
461 1068 694 1119 idoneos,
768 1063 906 1120 Tunc
945 1069 1182 1122 Claudius
1235 1074 1532 1136 quaestores
1580 1081 1779 1119 rursum
1814 1061 2067 1130 imposuit,

249 1159 431 1225 iisque,
472 1172 537 1211 ne
573 1164 707 1211 metu
744 1159 1083 1213 offensionum
1119 1161 1328 1228 segnius
1368 1159 1709 1223 consulerent,
1745 1161 1887 1209 extra
1925 1153 2075 1206 ordi-

250 1262 365 1301 nem
398 1249 623 1302 honores
655 1252 903 1317 promisit.
979 1253 1079 1305 Sed
1110 1247 1288 1304 deerat
1321 1252 1480 1303 robur
1504 1246 1682 1302 aetatis
1712 1263 1824 1301 eum
1858 1247 2139 1314 primamne

251 1341 596 1409 magistratum
646 1343 1044 1410 capessentibus.
1117 1344 1276 1411 Igitur
1310 1344 1446 1396 Nero
1492 1346 1728 1411 praetura
1773 1339 2071 1410 perfunctos

253 1431 303 1483 et
343 1430 652 1501 experientia
687 1434 931 1502 probatos
969 1433 1175 1504 delegit.

371 1590 410 1632 1.
443 1596 677 1646 quaestorem
709 1588 788 1633 Illa.
909 1593 1080 1646 taquam
1107 1588 1189 1634 Ma.
1340 1591 1383 1633 2.
1415 1595 1563 1646 aqeret
1603 1586 1770 1630 Riclefs
1810 1585 2076 1629 Theodiscus

250 1648 492 1704 interpres:
526 1662 623 1696 cort·
653 1649 721 1692 Ma
751 1656 796 1695 et
827 1652 963 1694 ceteri
996 1658 1196 1706 aupereq
1237 1655 1338 1694 ante
1368 1649 1543 1691 videtur
1580 1647 1718 1690 fuisse
1749 1646 1940 1690 auderet.
2031 1646 2077 1692 3·

252 1715 383 1766 quest.
409 1707 488 1753 Ma.
559 1759 561 1761 ,
603 1710 647 1756 4.
679 1724 776 1766 sepe
807 1708 889 1751 Ma.
990 1717 1155 1754 mutata
1185 1710 1428 1765 Spirensis:
1459 1706 1527 1753 Ma
1557 1708 1732 1751 Imitata
1765 1708 1884 1762 (sine
1914 1710 2076 1763 puncto

257 1769 304 1811 in
335 1767 366 1810 l.
396 1760 467 1825 ὓ,
507 1766 541 1814 G
573 1774 617 1811 et·
649 1769 746 1811 edd.
780 1775 881 1811 ante
915 1768 1182 1812 Orellianam
1213 1771 1448 1812 immutata.
1606 1769 1649 1811 5.
1689 1767 1859 1811 senatui
1884 1765 2078 1822 permisit

252 1825 439 1883 deliqere
474 1825 559 1870 hoc
588 1828 740 1870 ordine
769 1827 850 1881 Ma,
884 1841 971 1869 non
999 1830 1209 1885 promisit,
1245 1834 1292 1869 ut
1323 1834 1469 1869 narrat
1498 1827 1702 1869 Pichena.
1827 1825 1979 1867 deinde
2011 1822 2079 1868 Ma

252 1888 361 1944 (non
393 1887 526 1936 dein).
634 1887 677 1931 8.
716 1894 845 1943 quest.
880 1887 960 1930 Ma.
1086 1890 1154 1932 10.
1189 1890 1313 1930 etatis
1346 1886 1426 1930 Ma.
1538 1888 1606 1928 11.
1635 1886 1918 1942 praefectura
1950 1879 2077 1926 GMa:

253 1947 445 2047 ἱῖιιϊθκίι
474 1945 681 1990 Pichena.
805 1949 870 1991 12.
905 1953 1047 1990 utrum
1086 1949 1130 1988 in
1163 1947 1229 1992 Ma
1269 1947 1421 1992 delevit
1453 1959 1506 1991 an
1543 1945 1700 1990 delexit
1738 1945 1951 1989 incertum
1986 1949 2079 1987 erat

318 2006 446 2049 itero.
516 2007 519 2009 ’

254 2146 386 2180 unum
420 2144 579 2179 annum
620 2137 848 2181 commissa
895 2145 975 2181 est.
1039 2138 1125 2183 Sed
1211 2143 1327 2181 ctum
1362 2142 1427 2179 est
1461 2137 1516 2179 ab
1548 2147 1661 2178 anno
1696 2136 1795 2181 726.
1830 2135 1913 2178 Dio
1937 2133 2028 2177 LIII
2053 2136 2082 2179 2

256 2198 434 2255 gravius
465 2210 491 2238 a
522 2206 628 2238 vero
662 2196 854 2250 aberrat,
899 2198 997 2240 dum
1031 2202 1122 2241 sta-

254 2258 337 2298 tuit
389 2256 695 2313 quaestoribus
755 2258 854 2312 post
907 2256 985 2299 illa
1035 2272 1124 2300 non

254 2315 439 2358 rediisse
474 2325 568 2357 eam
602 2329 748 2358 curam
786 2319 829 2359 et
859 2315 1027 2359 aediles
1046 2330 1126 2360 ae-

255 2376 371 2416 rario
420 2374 672 2429 ¹praefuisse
718 2385 796 2430 per
846 2388 982 2418 annos
1032 2377 1126 2419 fere

256 2435 408 2476 decem
443 2440 486 2475 et
516 2440 685 2490 septem
716 2444 857 2496 usque
889 2434 943 2477 ud
974 2449 1013 2478 a.
1042 2436 1127 2481 726

257 2507 296 2535 a.
331 2506 374 2535 u.
420 2492 513 2534 Hoc
540 2491 711 2548 Lipsius
745 2500 910 2536 temere
944 2492 1128 2553 collegit

259 2565 312 2594 ex
347 2550 501 2594 eodem
514 2552 669 2595 Dionis
690 2552 806 2607 loco,
832 2554 905 2595 ubi
923 2554 1125 2611 legimus,

258 2604 308 2655 τὸ
345 2611 389 2654 ‹5'
422 2607 505 2655 οὖν
534 2609 651 2655 κατὰ
683 2611 764 2667 τὴν
796 2611 1050 2667 διοίκησιν,
1083 2617 1129 2665 ἐξ

258 2673 438 2716 ἐκείνου
475 2671 536 2714 δι’
575 2671 692 2734 ἅπερ
726 2671 862 2717 εἶπον
884 2685 1126 2732 παρατρα-

259 2730 363 2783 πέν,
398 2729 547 2781 οὐκέτι
580 2739 677 2781 τοῖς
708 2737 898 2791 ταμίαις
918 2730 989 2776 ἀεὶ
1021 2735 1126 2778 ἑπε-

257 2790 438 2845 τράπη,
485 2782 596 2833 ἀλλὰ
636 2784 687 2835 τὸ
728 2795 990 2836 τελευταῖον
1032 2796 1130 2841 τοῖς

259 2843 633 2905 ἔστρατηγηκόσι
678 2848 1010 2908 προσετάχθη,
1053 2851 1130 2893 sed

258 2907 344 2949 nio
379 2906 462 2948 hoc
494 2908 614 2960 dicit,
649 2910 804 2950 aerarii
839 2920 1006 2963 curam,
1040 2916 1129 2951 tum

258 2967 441 3020 primum
473 2966 528 3007 ob
548 2967 685 3009 dictas
716 2978 868 3010 causas
902 2972 1024 3011 extra
1055 2981 1130 3011 or-

260 3023 405 3067 dinem
437 3020 710 3068 commissam
745 3028 822 3083 (ἐξ
856 3028 1036 3073 ἐκείνου
1070 3028 1130 3075 δι’

263 3083 385 3140 ἃνίερ
439 3085 575 3129 εἶπον
627 3088 990 3145 παρατραπέν),
1045 3090 1129 3129 iam

263 3143 568 3197 quaestoribus
599 3159 685 3186 non
706 3159 870 3202 semper
888 3145 1062 3204 (οὐκέτι
1078 3173 1129 3178 ——-

266 3200 359 3256 ἀεὶ)
405 3202 603 3244 traditam
638 3217 760 3257 esse,
805 3204 883 3247 sed
921 3213 1131 3262 postremo

266 3255 339 3314 (ιό
389 3262 669 3320 mentam)
712 3266 955 3316 praetorios
1002 3277 1132 3318 prae-

264 3319 430 3375 positos
464 3318 615 3362 fuisse.
681 3321 764 3363 Dio
791 3323 924 3377 igitur
950 3322 1032 3364 liae
1054 3322 1133 3364 ad-

265 3379 506 3418 monitione
548 3378 592 3418 id
638 3380 751 3434 egit,
802 3386 847 3420 ut
888 3395 998 3437 quae
1039 3382 1133 3435 ipsc

266 3441 419 3491 postea
454 3439 498 3476 in
528 3440 676 3491 ¹operis
711 3446 917 3480 contextu
941 3439 1054 3493 (Lln
1082 3442 1131 3495 2)

266 3497 345 3537 sub
385 3509 497 3537 anno
530 3493 615 3539 726
648 3509 684 3539 a.
721 3511 761 3539 u.
798 3501 1011 3550 narravit,
1064 3501 1132 3539 in-

266 3557 393 3597 terim
424 3557 711 3610 praeciperet.

369 3620 481 3656 sorte
532 3615 797 3657 ducebantur
858 3630 910 3659 ea:
958 3629 1133 3659 numero

266 3671 514 3729 ''praetor-mn
547 3677 617 3730 qui
644 3683 915 3731 praeessent.-
948 3676 1032 3719 hoc
1064 3677 1166 3720 fa·-

1208 2200 1250 2239 in
1297 2198 1390 2239 eius
1423 2198 1523 2238 anni
1555 2197 1688 2238 actis:
1736 2195 1860 2252 πρός
1907 2210 1955 2238 τε
2000 2190 2082 2248 τὴν

1209 2258 1441 2311 διοίκησιν
1481 2256 1622 2315 σφῶν
1655 2256 1963 2311 (pecuniarum
1999 2267 2080 2295 ae..

1208 2317 1347 2374 rarii)
1410 2314 1493 2359 δύο
1560 2316 1660 2359 κατ’
1720 2317 1822 2363 ἔτος
1878 2315 1929 2356 ἐκ
1989 2313 2082 2358 τῶν

1209 2374 1647 2436 ἐστρατηγηκότων,
1696 2375 1956 2433 αἱρεῖσθαι4
1978 2374 2081 2416 ἐκέ-

1209 2436 1357 2479 λευσε.
1419 2434 1541 2476 Adde
1574 2432 1769 2476 eiusdem
1802 2432 1902 2474 libri
1935 2445 1973 2474 c.
2007 2432 2082 2475 32.

1211 2497 1390 2540 Sueton.
1424 2493 1538 2550 Aug.
1572 2494 1658 2536 33:
1687 2499 1733 2534 ut
1765 2505 1873 2533 cura
1913 2491 2082 2532 aerarii

1211 2569 1239 2597 a
1251 2552 1542 2610 quaestoribus
1560 2553 1739 2594 urbanis
1761 2551 1819 2592 ad
1835 2551 2081 2607 praetorios

1239 2621 1481 2656 ractoresve
1514 2613 1734 2664 transiret,
1762 2613 1937 2666 (auctor
1956 2610 2079 2667 fuit).

1243 2675 1381 2715 acitus
1433 2684 1509 2714 eos
1550 2672 1623 2727 qni
1665 2670 2082 2726 practuraxfunge-

1210 2739 1359 2776 rentur
1378 2733 1542 2787 quique
1561 2731 1702 2772 functi
1721 2734 1869 2772 essent
1887 2729 2083 2771 breviter

1207 2800 1431 2849 praetores
1457 2790 1722 2846 designavit,
1746 2795 1794 2830 ut
1817 2789 1952 2831 verba
1968 2788 2082 2831 Sue-

1212 2853 1321 2893 tonii
1356 2851 1622 2904 comparanti
1664 2849 1819 2905 liquet.
1881 2847 1996 2890 Idem
2028 2847 2081 2890 H.

1211 2908 1271 2953 IV
1304 2910 1331 2954 9
1370 2913 1593 2966 praetores
1636 2909 1805 2952 aerarii
1835 2913 1965 2951 vocat
2008 2907 2082 2966 qui

1211 2975 1415 3026 praetura
1449 2969 1665 3023 perfuncti
1701 2971 1838 3010 erant.

1304 3029 1509 3071 Claudius
1536 3034 1780 3082 quaestores
1802 3041 1974 3069 rursum
1998 3027 2083 3068 im·-

1209 3090 1381 3145 posm't:
1417 3089 1594 3130 Sueton.
1630 3084 1900 3131 Glaudf24:
1934 3098 2085 3128 curam

1214 3149 1386 3188 aerarii
1417 3147 1599 3187 Saturni
1629 3145 1813 3186 reddidit
1848 3148 2082 3200 (quaesto-

1215 3206 1374 3262 ribus),
1411 3218 1537 3258 quam
1567 3204 1702 3245 medio
1734 3211 1921 3259 tempore
1945 3216 2083 3258 prae..

1215 3272 1327 3306 tores
1353 3271 1441 3315 aut,
1473 3263 1536 3304 uti
1559 3274 1690 3316 nunc,
1711 3269 1921 3320 praetura
1943 3263 2085 3318 functi

1218 3324 1523 3365 sustinuerant.
1995 3334 2007 3346 ·

1305 3380 1419 3424 Nero
1465 3386 1674 3437 praetura
1729 3380 1977 3435 perfunctos
2028 3407 2083 3413 —

1217 3440 1392 3495 delenit:
1455 3452 1546 3479 mos
1596 3453 1620 3480 a
1668 3438 1841 3480 Nerone
1883 3439 2083 3481 inductus

1216 3499 1353 3541 valuit
1387 3500 1513 3539 ctiam
1540 3500 1779 3552 imperante
1812 3499 2080 3552 Vespasiano

1218 3560 1293 3613 (Η.
1338 3559 1397 3600 1v
1442 3558 1517 3615 9),
1570 3570 1715 3612 neque
1762 3558 1946 3599 omissus
1991 3566 2085 3600 erat

1218 3616 1434 3660 Hadriano
1495 3617 1723 3673 principe,
1786 3622 1832 3658 ut
1883 3618 2082 3661 Suetonii

1216 3678 1351 3721 verba
1381 3676 1508 3719 modo
1541 3677 1799 3732 transcripta
1832 3677 2005 3720 docent.
