2280 4004
249 298 279 337 a
307 292 354 339 ff.
389 293 500 341 47.1·
847 289 1012 335 LIBER
1043 290 1115 336 xl.
1177 290 1447 338 Car.'7—9.
2010 286 2066 332 11

246 436 390 500 pm,
442 431 603 485 biduo
633 433 731 484 tria
768 430 903 484 milia
941 430 1218 484 stadiorum
1257 428 1480 495 invadit,
1519 429 1853 500 ignarumque
1889 433 1938 482 et
1975 446 2069 483 ex-f

246 523 476 577 terri-tum
512 523 764 577 Gotarzen
799 522 1090 589 proturbat3
1142 536 1307 588 neque
1353 525 1617 574 cunctatur
1652 522 1771 590 quin
1810 521 2068 587 proximas

245 614 593 680 praefecturas
632 613 901 681 corripiat,
938 613 1062 666 solis
1102 612 1494 688 Seleucensibus
1529 612 1922 666 dominationem
1959 614 2068 666 eius

246 705 596 758 abnuentibus.
669 706 724 756 In
759 719 921 772 quoS,
978 709 1031 755 ut
1067 704 1224 770 patris
1263 704 1341 755 sui
1381 719 1581 771 quoque
1617 704 1936 770 defectoreS,
1985 705 2069 764 ,ira

246 796 410 863 magis
445 810 594 862 quam
632 811 696 850 ex
731 810 827 847 usu
865 795 1122 861 praesenti
1159 809 1436 861 accensus,
1493 795 1763 862 inplicatur
1801 795 2109 853 obsidiones

245 886 386 939 urbis
422 886 624 940 validae
660 890 710 937 et
745 886 1067 938 munimentis
1106 886 1294 938 obiecti
1347 887 1508 938 amnis
1545 901 1790 953 muroque
1839 891 1889 939 et
1924 901 2068 938 com-

245 977 493 1031 meatibus
526 976 768 1031 firmatae.
841 977 1046 1029 Interim
1075 976 1319 1030 Gotarzes
1345 977 1599 1029 Daharum
1623 978 2072 1044 Hyrcanorumque

243 1068 424 1133 opibus
465 1073 640 1120 auctus
674 1067 861 1120 bellum
895 1074 1141 1131 renovat3
1191 1073 1499 1134 coactusque
1535 1068 1809 1121 Vardanes·
1839 1070 2070 1123 omittere

193 1157 847 1222 98eleuciamBactrianos
883 1159 1015 1225 apud
1055 1173 1259 1225 campos
1299 1164 1467 1210 castra
1496 1159 1719 1211 contulit.
1792 1160 1930 1212 Tunc
1964 1159 2074 1213 dis-‚-

244 1251 424 1303 tractis
461 1250 685 1303 Orientis
723 1250 916 1302 viribus
953 1254 1004 1301 et
1037 1263 1255 1315 quonam
1291 1249 1597 1303 inclinarent
1635 1250 1874 1316 incertiS,
1922 1266 2137 1307 casusne

243 1340 518 1396 Mithridati
557 1341 703 1394 datus
750 1347 828 1394 est
866 1341 1149 1407 occupandi
1181 1341 1503 1406 Armeniam,
1561 1341 1612 1393 vi
1655 1342 1824 1393 militis
1856 1343 2070 1395 Romani

245 1431 309 1484 ad
345 1431 629 1484 excidenda
657 1432 978 1484 castellorum
1003 1432 1179 1497 ardua,
1216 1432 1364 1484 simul
1390 1433 1581 1485 Hibero
1617 1433 1844 1487 exercitu
1867 1448 2071 1501 campos

243 1523 569 1593 persultante.
639 1524 747 1579 Nec
783 1524 915 1577 enim
952 1523 1198 1577 resistere
1232 1523 1491 1589 Armenii,
1531 1523 1665 1590 fuso,
1702 1525 1785 1592 qui
1826 1525 2072 1593 proelium

362 1693 405 1737 3.
440 1692 764 1745 dominationes,
785 1692 942 1736 litteris
962 1705 1004 1733 es
1022 1703 1238 1746 superscr.
1276 1692 1302 1732 ἔ
1336 1689 1415 1733 Ma.
1508 1692 1550 1734 5.
1582 1690 1688 1747 inpl.
1722 1689 1812 1747 Ma„
1836 1703 1921 1732 non
1954 1691 2070 1749 impl.

248 1753 288 1796 7.
325 1750 530 1794 denarum
561 1749 642 1793 Ma.
774 1753 816 1796 8.
850 1758 998 1793 auctos
1031 1749 1109 1792 Ma.
1242 1751 1309 1792 11.
1345 1750 1468 1792 datus
1501 1754 1578 1807 est]
1616 1750 1741 1792 datae
1775 1763 1870 1792 cum
1904 1750 2070 1793 duabus
2122 1763 2126 1766 ’

238 1811 429 1855 lineolis
459 1823 591 1866 super
623 1824 645 1852 e
677 1809 757 1853 Ma.
877 1812 945 1855 13.
976 1810 1176 1855 resistere
1205 1808 1300 1854 Ma:
1337 1810 1532 1855 restitere
1566 1808 1614 1855 G.
1747 1810 1963 1872 praelium
1996 1806 2067 1854 Or.

248 1973 366 2031 quod
395 1988 556 2019 nomen
593 1976 792 2020 Caesaris
836 1979 907 2034 qui
940 1978 1115 2021 Mithri-

248 2034 390 2075 datem
423 2038 465 2076 in
499 2036 677 2078 vincula
726 2040 845 2079 misit
887 2040 1114 2081 omittitur.

247 2092 288 2134 Is
322 2093 405 2134 suit
437 2094 566 2137 Gaius
600 2094 760 2152 Caesar
801 2097 1028 2154 Caligula:
1070 2113 1112 2141 v.

245 2151 328 2194 Dio
364 2148 436 2194 Lx
470 2153 513 2195 8.
575 2154 730 2198 Senec.
770 2155 823 2198 de
854 2156 1006 2213 Tmuq.
1046 2157 1112 2200 11.

244 2210 381 2252 Taciti
411 2214 629 2255 sententia
661 2214 820 2270 (verba
851 2228 978 2258 nemo
1011 2214 1115 2258 red-

249 2270 432 2328 diderit)
465 2271 650 2315 fortasse
681 2272 790 2317 fuit:
829 2289 949 2330 quem
977 2278 1114 2333 impe-

245 2330 398 2371 ritasse
437 2330 677 2385 Armeniis,
725 2346 826 2375 mox
867 2336 911 2376 in
963 2335 1114 2378 urbem

246 2389 435 2430 excitum
469 2391 589 2431 iussu
608 2390 684 2433 Gai
709 2392 912 2436 Caesaris
927 2395 1114 2437 vinctum

243 2449 490 2492 memoravi.
541 2449 753 2493 Omissum
774 2453 818 2493 in
840 2453 962 2495 libris
982 2466 1113 2509 prae-

243 2516 402 2549 nomen
436 2507 635 2551 Caesaris
684 2523 708 2552 a
741 2525 809 2554 me
844 2511 1035 2555 additum
1070 2514 1113 2554 in

243 2566 474 2608 verborum
496 2574 703 2611 contextu
725 2573 866 2624 posui,
905 2586 928 2613 a
952 2574 1111 2614 ceteris

243 2625 545 2668 abstinendum
578 2634 720 2670 ratus:
755 2631 811 2672 cf.
846 2631 898 2672 ad
931 2630 987 2673 XI
1024 2634 1062 2673 1.

339 2685 454 2727 inter
486 2687 682 2730 Gotarzis
717 2689 924 2746 pleraque
956 2703 1113 2732 saeva:

245 2743 301 2784 cf.
334 2738 546 2798 Iosephus
578 2746 630 2788 A.
664 2746 741 2788 XX
771 2750 799 2791 3
832 2751 876 2801 ς.
911 2749 964 2801 3,
998 2749 1112 2804 apud

243 2814 371 2856 quem
418 2806 669 2863 Γοτιίρζης,
721 2819 809 2848 non
857 2807 1110 2864 Γοθοῖρζης,

241 2872 341 2902 mox
384 2860 681 2918 Οὗαρδάνης,
726 2878 813 2906 non
847 2865 1109 2923 Βαρδιένης.

330 2921 400 2973 qut
442 2932 588 2962 necem
635 2925 770 2977 fratri
799 2923 1024 2966 Artabano
1054 2951 1110 2959 -—-

236 2988 608 3033 praeparaverat.-
661 2994 769 3024 cave
812 2982 929 3026 hunc
977 2983 1110 3026 Arta-

242 3034 398 3077 banum
433 3038 675 3082 commutes
707 3054 803 3083 cum
838 3056 891 3084 eo
925 3043 1109 3086 Partho-

243 3107 333 3136 rum
370 3109 502 3152 rege,
540 3101 611 3153 qui
644 3106 767 3153 pater
798 3101 881 3142 fuit
913 3102 1109 3145 Gotarzis

240 3158 283 3194 ct
333 3155 543 3197 Vardanis
587 3158 823 3213 (Iosephus
870 3162 922 3202 A.
968 3162 1043 3203 XX
1082 3164 1109 3204 3

239 3213 284 3263 §.
318 3213 368 3269 3)
405 3219 448 3254 et
479 3211 686 3258 Artabani
726 3230 750 3259 a
783 3217 968 3261 Gotarze
1001 3221 1108 3262 sub-

239 3269 341 3323 lati,
380 3266 432 3313 de
482 3279 566 3329 quo
598 3273 768 3318 Tacitus
801 3277 838 3318 ll
871 3280 898 3321 3
932 3284 974 3320 et
1005 3278 1034 3322 4
1067 3285 1109 3320 et

241 3328 319 3381 58,
358 3324 414 3370 Vl
446 3332 499 3372 31
535 3344 627 3388 sqq.
662 3338 705 3375 et
736 3335 926 3379 43—44.
984 3334 1108 3379 Hunc

243 3400 431 3429 errorem
465 3393 679 3433 commisit
707 3391 929 3434 Broterius
966 3404 1107 3451 eoque

237 3458 261 3486 a
294 3458 398 3488 vero
432 3447 636 3491 seductus
668 3451 799 3492 alium
823 3452 987 3493 addidit
1013 3459 1102 3494 sta-

236 3505 311 3547 tim
346 3509 684 3550 memorandum.

324 3562 446 3606 biduo
487 3569 575 3608 tria
610 3567 731 3609 milia
765 3568 1000 3610 stadiorum
1030 3571 1102 3611 in-

236 3620 377 3665 vadit:
410 3625 446 3666 si
469 3626 689 3669 Vardanes
714 3627 832 3669 solus
855 3629 899 3670 in
922 3628 1101 3671 Parthos

236 3677 433 3737 redisset,
466 3686 624 3743 ingens
644 3686 715 3729 hic
737 3694 887 3730 cursus
916 3685 1099 3732 aliorum

1200 1989 1424 2022 cursorum
1457 1976 1686 2034 exemplis,
1720 1989 1902 2034 quorum
1935 1975 2071 2020 multa

1200 2039 1384 2095 collegit
1432 2039 1605 2093 Lipsius
1650 2038 1827 2080 Centur.
1881 2033 2068 2091 Epistol.

1198 2099 1251 2140 ad
1287 2099 1435 2140 Italos.
1471 2099 1541 2142 59.
1572 2102 1697 2154 (opp.
1733 2104 1762 2141 t.
1796 2098 1833 2139 ΙΙ
1855 2110 1896 2152 p.
1924 2094 2070 2141 600—

1198 2157 1324 2215 606),
1359 2154 1674 2213 quodammodo
1707 2157 1864 2199 firmari
1897 2162 2068 2210 posset:

1197 2230 1313 2258 nunc
1353 2229 1459 2259 vero
1503 2226 1599 2259 cnm
1643 2226 1712 2259 res
1744 2216 1838 2271 ipsa
1869 2213 2071 2258 ostendat

1197 2276 1321 2318 illum
1356 2289 1451 2318 cum
1486 2277 1683 2318 exercitu
1715 2277 1760 2318 in
1783 2283 1940 2318 terram
1963 2273 2069 2317 Par-

1197 2333 1368 2377 thorum
1429 2334 1637 2378 invadere
1692 2343 1735 2378 et
1783 2335 1837 2378 ad
1885 2348 2068 2392 regnum

1198 2393 1496 2450 occupandum
1554 2397 1732 2448 venire,
1784 2396 1862 2438 ille
1916 2407 2067 2437 cursus

1195 2467 1283 2495 non
1321 2453 1461 2496 solum
1493 2451 1624 2510 plane
1667 2450 1938 2497 incredibilis
1984 2458 2066 2508 est,

1195 2514 1273 2555 sed
1306 2514 1433 2555 etiam
1471 2512 1701 2556 Vardanen
1741 2525 1828 2555 non
1862 2519 1908 2553 ut
1939 2516 2068 2570 regni

1194 2574 1534 2627 reciperatorem
1567 2573 1644 2616 sed
1673 2580 1719 2615 ut
1738 2575 1936 2616 insanum
1964 2586 2067 2616 cur-

1195 2645 1336 2674 sorem
1356 2632 1622 2675 ostenderet.
1659 2632 1934 2687 Quapropter
1959 2632 2067 2676 illud

1196 2689 1283 2734 cria
1313 2691 1434 2733 milia
1460 2691 1696 2733 stadiorum
1728 2692 1782 2734 de
1816 2693 1944 2733 trium
1982 2693 2066 2733 mi-

1195 2751 1300 2792 lium
1333 2751 1568 2792 stadiorum
1602 2753 1770 2806 spatio,
1803 2751 1918 2806 quod
1953 2749 2067 2793 Var-

1195 2809 1329 2851 danes
1363 2822 1459 2851 cum
1492 2811 1583 2852 suis
1615 2810 1828 2852 militibus
1863 2812 1908 2851 in
1941 2810 2068 2864 plura

1194 2870 1368 2924 agmina
1401 2869 1553 2911 divisis
1583 2869 1810 2924 amplexus
1854 2875 1944 2922 est,
1993 2870 2065 2910 in..

1193 2927 1482 2983 telligendum
1523 2930 1740 2971 existimo.
1785 2928 1927 2970 Etiam
1961 2941 2065 2970 ver..

1193 2980 1293 3027 hum
1331 2987 1496 3029 invadit
1539 3000 1591 3029 eo
1639 2988 1801 3030 ducere
1848 2988 2062 3031 videatur.

1194 3043 1259 3086 Cf.
1291 3044 1328 3086 ΙΙ
1364 3045 1439 3088 18:
1474 3047 1622 3100 quinta
1654 3046 1706 3088 ab
1741 3046 1851 3088 hora
1891 3047 1976 3088 diei
2009 3048 2067 3088 ad

1191 3111 1355 3145 noctem
1400 3106 1516 3146 caesi
1569 3107 1706 3147 hostes
1760 3106 1902 3146 decem
1943 3105 2066 3147 milia

1187 3174 1389 3218 passuum
1445 3162 1512 3217 (h.
1573 3177 1612 3205 e.
1670 3166 1855 3217 spatium
1909 3164 2063 3206 decem

1191 3218 1357 3261 milium
1379 3227 1606 3278 passuum)
1633 3221 1916 3263 cadaveribus
1938 3230 2063 3276 atque

1191 3279 1323 3320 armis
1354 3279 1589 3335 opplevere.
1611 3279 1751 3324 11162.
1800 3280 1952 3335 Spreta
1982 3279 2064 3323 hac

1190 3338 1406 3393 brevitate
1449 3339 1464 3379 1
1505 3339 1558 3380 51
1614 3339 1796 3380 scribit:
1849 3339 2062 3394 quinqua..

1188 3395 1310 3450 ⁸qinta
1330 3396 1490 3438 milium
1507 3399 1687 3452 spatium
1719 3400 1837 3452 ferro
1856 3399 2061 3453 flammis-

1189 3466 1266 3508 que
1290 3463 1521 3510 per-vastat,
1552 3456 1627 3497 sed
1649 3459 1744 3512 quis
1770 3463 1903 3514 neget
1923 3458 2058 3499 scribi

1188 3515 1383 3567 potuisse
1427 3516 1736 3571 quinquaqinta
1782 3517 1904 3562 milia
1947 3531 2055 3577 pas-

1187 3573 1341 3613 suum?

1292 3632 1445 3677 obiecti
1503 3634 1668 3676 amnis:
1737 3635 1843 3677 dicit
1897 3634 2058 3693 Tigrim

1185 3687 1389 3745 fluvium3
1424 3705 1464 3734 v.
1500 3692 1552 3736 ad
1588 3690 1644 3736 vl
1675 3695 1747 3739 42.
