2280 4004
190 1223 237 1259 ¹⁰
253 1217 556 1270 clarescere.

254 255 343 298 2¹72

1019 256 1311 301 ANNALIVM

1820 273 1860 304 a.
1893 272 1946 309 ιι..-
1969 261 2073 308 817.

251 398 510 467 Agrippae
566 398 840 451 fabricatus
889 402 968 449 est
1010 402 1202 463 ratem,
1261 399 1341 450 cui
1380 401 1748 466 superpositum
1791 401 2076 455 convivium

248 491 450 541 navium
489 490 697 541 aliarum
743 493 906 539 tractu
956 494 1261 542 moveretur.

1333 485 1502 543 Naves
1543 505 1667 543 auro
1711 496 1762 543 et
1799 492 1957 552 ebore
1991 491 2106 560 ,di-5

249 581 463 631 sunctae
480 597 494 642 3
531 579 854 646 remigesque
889 580 1075 631 exoleti
1098 595 1191 647 per
1218 585 1408 632 aetates
1439 587 1488 632 et
1520 582 1786 634 scientiam
1815 582 2075 643 libidinum

251 669 697 735 componebantur

771 670 1019 740 Volucres
1070 676 1119 723 et
1166 671 1303 723 feras
1352 671 1570 725 diversis
1612 689 1640 725 e
1676 674 1828 726 terris
1878 679 1927 725 et
1964 674 2083 729 ani-2.

212 760 395 811 smalia
435 760 588 812 maris
634 761 840 813 Oceano
899 761 1126 828 abusque
1183 762 1446 828 petiverat.

247 851 508 918 lupanaria
567 852 799 903 astabant
853 852 1148 907 inlustribus
1198 854 1399 905 feminis
1457 855 1736 920 completa:

248 947 419 994 scorta
476 943 773 1003 visebantur
830 943 979 994 nudis
1034 945 1351 1010 corporibus,

1521 763 1874 830 Crepidinibus
1910 765 2080 833 stagni

1793 860 1843 908 et
1903 861 2078 908 contra

1449 945 1551 996 Iam
1600 951 1775 1013 gestus
1815 951 2079 1013 motusque

250 1034 492 1098 obsceni3
552 1039 601 1086 et
657 1039 919 1101 postquam
982 1036 1225 1088 tenebrae
1271 1036 1604 1103 incedebant,
1668 1042 1905 1104 quantum
1941 1039 2078 1101 iuxta

249 1126 501 1191 nemoris,
560 1130 608 1177 et
649 1126 974 1178 circumiecta
1017 1132 1149 1179 tecta
1206 1143 1492 1203 consonare
1534 1134 1684 1181 cantu
1723 1134 1774 1183 et
1808 1129 2079 1182 luminibus

631 1218 742 1284 Ipse
781 1233 873 1285 per
909 1218 1046 1270 licita
1085 1224 1233 1286 atque
1267 1219 1458 1274 inlicita
1496 1220 1764 1287 foedatus,
1821 1221 1949 1274 nihil
1983 1221 2080 1273 fla-

250 1308 361 1374 gitii
398 1308 675 1375 reliquerat
716 1323 813 1375 quo
855 1310 1142 1375 corruptior
1177 1316 1384 1378 ageret,
1445 1311 1543 1363 nisi
1590 1327 1784 1378 paucos
1817 1317 1933 1379 post
1967 1311 2078 1364 dies

247 1400 334 1449 uni
387 1417 452 1452 ex
506 1400 593 1451 illo
647 1401 1103 1452 contaminatorum
1154 1417 1316 1469 grege
1356 1407 1569 1465 (nomen
1603 1403 1922 1471 Pythagorae
1961 1404 2080 1470 suit)

248 1490 300 1540 in
354 1490 555 1542 modum
628 1491 946 1543 sollemnium
1007 1492 1360 1559 coniugiorum
1431 1493 1803 1560 denupsisset„

1865 1493 2080 1546 luditum

249 1581 539 1647 imperatori
575 1582 886 1646 flammeum3
927 1583 1026 1634 visi
1064 1584 1332 1649 auspiceS,
1375 1583 1468 1636 dos
1508 1590 1557 1637 et
1592 1584 1811 1652 genialis
1850 1590 1990 1652 torus
2032 1588 2083 1636 et

188 1672 390 1725 ¹⁵faces
425 1673 701 1740 nuptiales3
739 1679 918 1726 cuncta
955 1675 1173 1742 denique
1211 1681 1437 1742 spectata
1468 1692 1597 1745 quae
1632 1678 1781 1730 etiam
1807 1677 1861 1728 in
1894 1676 2081 1729 femina

247 1780 351 1816 nox
390 1766 568 1832 operit.

365 1941 407 1982 2.
443 1939 638 1982 distincte
675 1938 754 1981 Ma.
863 1940 905 1983 6.

257 2001 326 2041 12.
363 2000 432 2040 cm·
461 2013 618 2040 nomen
651 1999 700 2041 G.

939 1940 1003 1982 ill.
1038 1939 1110 1983 Or.

825 2002 907 2054 suit
935 2001 1162 2042 immodum
1194 2000 1273 2044 Ma.

248 2058 363 2099 misit
394 2056 460 2099 Ma
494 2071 590 2099 cum
624 2059 811 2100 ceteris.
843 2060 925 2100 visi
959 2059 1210 2102 Rhenanus.

1191 1942 1232 1984 7.
1277 1942 1366 1983 iam
1396 1942 1531 1984 lestus
1563 1941 1643 1985 Ma.
1740 1943 1809 1987 10.
1847 1942 1964 1998 faed.
1997 1941 2077 1986 Ma.

1402 2003 1471 2044 13.
1504 2001 1801 2058 sollempnium
1831 2000 2078 2046 Ma.14.

1334 2061 1407 2102 dos
1450 2059 1515 2103 Ma
1549 2061 1610 2118 (d’
1615 2075 1660 2103 os
1697 2061 1813 2117 apud
1843 2060 2080 2104 Picheuam

247 2116 506 2172 typothetae
539 2118 694 2160 vitium
727 2117 955 2176 videtur).
990 2118 1023 2162 G
1056 2120 1160 2162 duos
1193 2121 1238 2160 in
1268 2133 1434 2163 rasura.

248 2274 387 2318 herim
426 2287 562 2330 prope
597 2274 832 2317 Caesarum
874 2289 1027 2318 nemus
1059 2278 1124 2318 si-

245 2342 334 2376 tum
359 2337 402 2376 in
426 2334 750 2390 quartadecima
773 2337 975 2391 regione.
1017 2335 1124 2378 Eius

246 2394 727 2437 St1abomeminitXlll
753 2397 770 2436 1
801 2396 882 2439 19:
908 2397 1124 2442 ἐντεῦθεν

241 2458 333 2528 ²(fn
378 2455 682 2521 Λαμψάκου)
744 2455 792 2498 δὲ
842 2457 1125 2514 μεῖν’νεγκεν

241 2513 508 2572 Λγρίππας
539 2530 621 2557 τον
651 2516 926 2558 πεπτωκότα
945 2518 1123 2568 λέοντα,

249 2578 517 2617 Λυσίππου
552 2576 714 2630 ἔργον·
758 2572 955 2642 ἀνέθηκε
992 2576 1040 2618 δὲ
1075 2578 1124 2620 ἐν

248 2636 310 2690 m
350 2632 482 2675 ἄλσει
531 2635 591 2689 τῷ
631 2628 804 2691 ιιειαξὺ
854 2636 928 2686 τῆς
964 2636 1123 2691 λίμνης

248 2699 324 2735 και·
361 2698 443 2735 τοῦ
478 2689 690 2747 εὗρίπου.
755 2692 1008 2733 A1nmi·1nus
1043 2706 1124 2733 au-

246 2757 332 2792 tem
356 2764 409 2792 an
437 2750 551 2792 idem
576 2749 800 2806 intelligat
825 2751 959 2792 XXIX
990 2752 1017 2794 6
1053 2752 1121 2805 19,

246 2812 460 2852 incentum
489 2815 569 2851 est.
631 2810 738 2851 Eius
764 2810 919 2852 verba:
954 2812 1122 2852 instau-

247 2870 362 2912 rarit
395 2868 628 2924 (Claudius
676 2870 925 2923 praefectus
977 2869 1120 2927 urbis)

246 2936 392 2970 velera
430 2927 644 2984 plurima,·
686 2930 801 2969 inter
843 2943 951 2984 quae
979 2931 1122 2986 porti-

248 3002 342 3030 cum
404 2988 606 3028 excitavit
666 2989 882 3042 inyemem
944 2989 1120 3030 lavacro

255 3048 475 3103 Ayrippae
511 3047 769 3102 comiquam.

337 3107 458 3148 licita
491 3113 615 3160 alque
648 3107 849 3147 inlicita:
885 3119 962 3160 per
1001 3106 1122 3149 licita

248 3166 465 3208 indicatur
483 3165 668 3206 Neronis
694 3179 789 3206 cum
813 3165 988 3207 feminis
1012 3179 1121 3207 con-

248 3226 457 3278 suetudo,
503 3226 598 3266 sive
646 3224 839 3266 illustres
874 3231 995 3266 erant
1026 3226 1122 3267 sive

248 3291 418 3337 scorta,
469 3297 546 3339 per
595 3284 763 3326 inlicita
811 3290 884 3326 aut
927 3284 1120 3327 eiusdem

250 3358 344 3386 cum
388 3346 493 3385 viris
540 3343 794 3397 complexus
835 3349 908 3385 aut
955 3357 1122 3386 concu-

248 3403 364 3445 bitus
409 3417 503 3445 cum
547 3402 722 3444 feminis
769 3402 958 3444 nefando
1003 3417 1122 3445 more

250 3464 493 3504 institutus.

341 3523 630 3578 denupsissel:
682 3523 764 3563 iam
808 3523 922 3564 Nero
966 3520 1122 3563 mulier

250 3580 377 3622 nubit
409 3588 552 3623 scorto
579 3583 708 3622 mari:
743 3581 819 3623 sed
854 3594 965 3623 auno
989 3581 1042 3623 67
1078 3583 1121 3622 in

250 3637 457 3683 Achaiam
504 3641 727 3696 profectus
772 3642 953 3695 Sporum
1000 3642 1122 3697 quasi

1209 2276 1414 2318 feminam
1460 2276 1542 2318 sibi
1582 2277 1737 2319 marito
1785 2276 1948 2330 iunxit3
1995 2276 2080 2330 Dio

1210 2349 1278 2390 ap.
1304 2335 1468 2390 Xiphil.
1492 2335 1624 2377 LXIII
1660 2338 1728 2380 13.
1791 2336 1872 2379 Rei
1894 2335 2082 2379 foeditas

1211 2396 1342 2436 etiam
1390 2395 1526 2438 verbo
1562 2395 1801 2438 denubendi
1834 2394 2083 2452 sIgnificata

1211 2461 1290 2497 est.
1342 2455 1534 2498 Similem
1560 2455 1767 2497 connubii
1792 2468 1818 2497 a
1847 2454 1964 2497 binis
1985 2467 2082 2497 ma..

1209 2515 1328 2556 ribus
1376 2516 1473 2556 initi
1506 2511 1846 2557 celebrationem
1874 2513 2083 2556 describit

1207 2573 1430 2615 Iuvenalis
1462 2573 1499 2615 11
1535 2575 1796 2627 114-120,
1831 2573 2078 2617 134—138.

1207 2632 1253 2673 In
1288 2634 1465 2674 nomine
1499 2635 1594 2674 eius
1629 2635 1698 2674 cui
1731 2633 1935 2686 denupsit
1964 2631 2080 2674 Nero

1209 2692 1444 2734 Suetonius
1467 2691 1686 2746 discrepat
1718 2705 1742 2733 a
1761 2691 1908 2732 Tacito
1931 2691 2076 2746 Dory-

1208 2750 1480 2805 pliorumque
1514 2750 1708 2806 appellat
1747 2764 1784 2793 c,
1821 2749 1892 2794 29.
1959 2749 2080 2792 Con-

1208 2811 1342 2851 sentit
1377 2809 1524 2851 'l'acito
1552 2810 1636 2851 Dio
1663 2808 1839 2852 Cassius
1862 2808 1975 2851 LXII
2007 2809 2080 2863 28,

1207 2869 1339 2910 LXIII
1385 2870 1452 2912 13.
1543 2868 1610 2911 Cf.
1643 2868 1797 2912 Aurel.
1834 2869 1987 2911 Victor
2026 2868 2081 2911 de

1209 2928 1469 2970 Caesaribus
1503 2943 1541 2970 c.
1571 2929 1596 2971 5
1631 2930 1674 2980 ἕ.
1710 2929 1762 2971 5:
1797 2942 1844 2969 eo
1872 2942 2079 2984 progres-

1207 3003 1277 3029 sus
1309 2996 1382 3041 est,
1415 2989 1479 3028 uti
1499 3002 1633 3042 neque
1662 3001 1766 3029 suae
1800 3001 1935 3042 neque
1965 2987 2081 3028 alio-

1207 3062 1302 3089 rum
1329 3047 1567 3103 pudicitiae
1595 3060 1811 3103 parcens,
1845 3046 1903 3088 ad
1935 3053 2080 3088 extre-

1206 3120 1316 3146 mum
1361 3106 1540 3147 amictus
1581 3106 1827 3147 nubentium
1866 3106 2082 3161 virginum

1206 3167 1346 3221 specie
1374 3163 1594 3220 (Tacitum
1627 3165 1808 3206 inditum
1828 3165 2082 3220 imperatori

1205 3226 1475 3279 flammeumj‚
1488 3223 1633 3280 palam
1653 3230 1819 3274 senatu,
1837 3223 1931 3265 dole
1961 3224 2078 3276 dala,

1208 3285 1370 3325 cunctis
1401 3286 1514 3339 festa
1537 3297 1654 3324 more
1675 3282 2000 3335 celebrantibus,
2033 3283 2080 3324 in

1205 3357 1375 3384 manum
1405 3344 1652 3384 conveniret
1677 3342 1784 3384 lecto
1812 3356 1864 3383 ex
1887 3341 2080 3384 omnibus

1202 3403 1477 3459 prodiqiosis.
1525 3401 1654 3443 Lecto
1680 3416 1732 3442 ex
1754 3401 1944 3443 omnibus
1970 3414 2078 3458 pro-

1209 3462 1381 3517 diyt‘osis
1431 3461 1482 3503 ad
1525 3462 1813 3502 imitationem
1856 3459 2077 3502 Tacitinae

1209 3521 1445 3562 locutionis
1488 3522 1565 3562 uni
1604 3535 1655 3562 ea:
1694 3519 1769 3562 illo
1803 3519 2075 3562 contamina-

1209 3588 1345 3622 lovum
1376 3595 1504 3637 φερε
1538 3581 1745 3635 scriptum
1779 3585 1860 3621 est.
1923 3576 2074 3631 Sulpi-

1211 3642 1303 3682 cius
1326 3641 1514 3685 Severus
1536 3639 1645 3683 llist.
1670 3651 1792 3683 sacra
1809 3636 1847 3678 11
1878 3636 1934 3679 28
1961 3637 2005 3689 §.
2023 3637 2074 3683 2.
