2280 4004
258 244 285 280 a
317 230 364 276 G.
397 234 505 279 22..

257 374 393 442 lique
431 373 644 428 Romani
695 373 998 425 contumelia
1038 373 1320 426 indoluisse
1356 374 1627 436 Caesarem
1679 376 1871 442 ferunt,

257 467 392 533 quod
433 466 668 518 desertor
713 470 761 517 et
795 465 989 531 praedo
1026 465 1243 516 hostium
1281 480 1425 517 mor-e
1463 472 1654 534 ageret.

824 231 988 275 LIBER
1018 230 1095 276 111.
1158 231 1263 276 CAP-
1299 231 1490 281 72-74.

1993 239 2086 283 229

1934 390 2083 453 quam

1727 469 1802 520 Ne
1837 469 2079 534 Spartaco

258 558 459 625 quidem
482 562 598 625 post
632 561 706 607 tot
734 556 1073 608 consularium
1108 558 1420 608 exercituum
1456 557 1627 609 clades
1652 558 1858 609 inultam
1886 559 2080 618 Italiam

256 649 447 713 urenti,
487 661 782 714 quamquam
822 647 1033 699 Sertorii
1071 653 1220 713 atque
1256 648 1558 700 Mithridatis
1599 638 1888 717 ingentibus
1931 651 2077 702 bellis

254 739 448 792 labaret-
494 752 576 789 res
625 737 852 803 publica,
910 737 1077 788 datum
1125 743 1179 788 ut
1224 744 1371 804 pacto
1427 740 1479 789 in
1524 739 1673 791 fidem
1727 741 2120 806 acciperemus„

254 833 436 884 nedum
485 830 823 897 pulcherrimo
871 830 1042 896 populi
1079 832 1292 883 Romani
1345 813 1551 898 fastigio
1605 832 1733 884 latro
1780 833 2076 886 Tacfarinas

252 939 378 992 pace
429 927 477 973 et
533 921 869 972 concessione
933 936 1173 987 agrorum
1229 921 1580 973 redimeretur.

1663 923 1760 974 Dat
1817 925 2078 991 negotium

252 1014 462 1078 BlaeSO,
519 1016 718 1063 ceteros
756 1012 955 1077 quidem
1006 1012 1069 1062 ad
1116 1027 1256 1076 spem
1301 1012 1580 1078 proliceret
1618 1028 1756 1064 arma
1795 1014 1907 1066 sine
1942 1030 2077 1067 noxa

249 1103 489 1171 ponendi,
529 1092 685 1168 ipsius
725 1108 890 1154 autem
924 1102 1067 1153 ducis
1105 1117 1307 1168 quoquo
1348 1102 1501 1153 modo
1540 1108 1816 1168 poteretur.

253 1195 383 1261 cepti
430 1211 489 1247 ea
535 1193 684 1244 venia
737 1193 983 1259 plerique.

1891 1106 1952 1157 Et
1989 1121 2079 1167 re·->

1078 1193 1198 1251 Mox
1246 1192 1515 1243 adversum
1561 1199 1718 1244 artes·
1742 1195 2077 1247 Tacfarinatis
2095 1209 2143 1266 iq

167 1285 382 1338 74haud
427 1284 657 1336 dissimili
708 1284 860 1335 modo
914 1283 1284 1350 belligeratum.
1672 1269 1677 1273 ⁴

1396 1284 1521 1348 Nam
1581 1284 1696 1350 quia
1748 1285 1832 1336 ille
1885 1286 2076 1338 robore

252 1367 503 1428 exereitus
540 1375 715 1441 impar,
753 1374 954 1426 furandi
995 1374 1201 1437 melior,
1242 1373 1400 1439 pluris
1438 1389 1531 1440 pei
1568 1374 1755 1441 globos
1794 1375 2081 1428 incursaret

253 1465 576 1532 eludeietque
613 1470 662 1516 et
687 1464 898 1515 insidias
929 1463 1077 1515 simul
1114 1469 1395 1529 temptaret,
1436 1469 1538 1517 tres
1580 1464 1830 1531 incessus,
1870 1466 2078 1517 totidem

253 1557 454 1624 agmina
489 1560 742 1622 parantur.

1467 1524 1650 1540 *mv-..W

817 1555 893 1606 Ex
933 1554 1043 1620 quis
1096 1553 1361 1605 Cornelius
1398 1554 1569 1620 Scipio
1614 1555 1814 1623 legatus
1860 1556 2080 1621 praefuit

252 1663 348 1714 qua
399 1647 662 1713 praedatio
711 1647 762 1696 in
811 1646 1100 1711 Leptitanos
1158 1650 1207 1696 et
1260 1645 1479 1712 suffugia
1535 1646 1916 1709 Garamantum
1976 1648 2075 1698 alio
2096 1656 2142 1710 ¹⁵.

249 1737 437 1802 latere,
503 1753 567 1788 ne
624 1737 925 1788 Cirtensium
975 1736 1095 1804 pagi
1148 1735 1350 1805 impune
1405 1736 1750 1801 traherentur,

249 1843 447 1880 manum
481 1827 689 1879 Blaesus
739 1827 868 1878 filius
908 1827 1064 1899 duxit.

1818 1739 2077 1805 propriam

1138 1826 1306 1878 Medio
1348 1842 1458 1877 cum
1496 1827 1738 1892 delectis,
1786 1829 1992 1880 castella
2032 1835 2081 1891 et

250 1919 553 1979 munitiones
594 1919 793 1971 idoneis
831 1919 960 1970 locis
996 1919 1290 1991 imponenS,

1347 1918 1449 1969 dux
1485 1919 1594 1985 ipse
1639 1925 1745 1971 arta
1788 1925 1837 1971 et
1875 1921 2081 1977 infensa

250 2010 477 2062 hostibus
514 2015 693 2060 cuncta
727 2011 938 2075 fecerat,
980 2011 1112 2081 quia,
1155 2025 1357 2076 quoquo
1397 2009 1716 2075 inclinarent,
1751 2026 1869 2076 pars
1912 2005 2077 2078 aliqua

250 2102 418 2153 militis
454 2101 666 2153 Romani
703 2101 754 2151 in
790 2116 896 2166 ore,
936 2101 988 2150 in
1014 2100 1174 2151 latere
1211 2106 1260 2152 et
1299 2115 1452 2166 saepe
1491 2117 1519 2152 a
1555 2106 1702 2168 tergo
1737 2107 1871 2164 erat3
1909 2102 2078 2152 multi-
2094 2109 2142 2145 20

349 2277 409 2320 ..6
424 2256 494 2333 'po
529 2278 597 2332 (in
631 2277 716 2319 fine
747 2282 923 2334 versus)
955 2277 1101 2332 populi
1132 2277 1188 2318 Μ.
1249 2277 1292 2318 8.
1328 2283 1437 2318 caet.
1471 2276 1526 2318 M.

1599 2277 1642 2319 9.
1677 2255 1751 2318 aut
1782 2291 1878 2319 cum
1910 2277 1988 2321 liu.
2022 2253 2083 2322 Μ.

254 2338 321 2379 11.
356 2335 637 2378 haudissimili
669 2336 722 2378 Μ.
791 2338 858 2379 12.
891 2338 1065 2392 inpar
1054 2335 1106 2377 M.
1167 2336 1307 2391 plu-ris
1339 2337 1402 2388 M,
1437 2348 1524 2376 non
1551 2335 1713 2391 plures.
1781 2338 1847 2379 15.
1881 2337 2077 2393 Leptita-

250 2410 327 2437 nos
357 2394 707 2437 Freinshemius·
741 2396 780 2437 Μ
813 2396 1001 2450 lepcinos
1033 2395 1098 2446 M3
1133 2396 1189 2437 cf.
1225 2396 1275 2437 tl.
1303 2397 1331 2437 4
1363 2395 1433 2439 50.
1488 2394 1673 2437 Sallust.
1707 2395 1803 2452 lug.
1838 2396 1891 2439 77
1926 2402 1970 2438 et
2006 2397 2075 2439 79.

254 2455 321 2500 16.
355 2455 665 2498 necertensium
697 2454 751 2496 Μ.
816 2454 885 2497 18.
919 2456 1009 2511 inp.
1044 2454 1097 2496 Μ

262 2652 264 2654 »
336 2633 415 2660 nec
446 2617 658 2674 Augustus
689 2625 895 2660 arcuerat
921 2619 1117 2670 Taurum,

250 2678 513 2734 Philippum,
545 2677 746 2720 rBalbum
794 2702 850 2711 -—-
888 2681 1116 2733 conferre:

251 2737 444 2779 Statilius
474 2737 636 2778 'ram-us
678 2737 1042 2790 amphitheatrum
1075 2738 1119 2777 in

253 2808 403 2849 campo
444 2795 616 2847 Martio,
663 2796 847 2837 Marcius
896 2795 1119 2849 Philippus

253 2853 404 2895 aedem
426 2852 626 2895 Herculis
643 2854 872 2906 Musarum,
890 2853 1120 2895 Cornelius

252 2910 413 2952 Balbus
444 2912 658 2952 theatrum
691 2912 917 2953 fecerunt:
959 2912 1043 2954 Dio
1070 2911 1122 2953 LI

254 2971 325 3021 23,
357 2969 447 3011 le
480 2971 551 3013 25.
595 2970 791 3012 Velleius
822 2970 857 3012 11
887 2971 958 3014 89.
1008 2972 1121 3013 Sue-

254 3028 397 3069 tonius
443 3029 555 3084 Aug.
609 3029 691 3072 29:
751 3030 824 3071 secl
875 3037 913 3071 et
961 3037 1121 3071 ceteros

250 3088 466 3143 principes
497 3090 611 3129 viros
643 3102 770 3144 saepe
817 3089 1008 3131 hortatus
1046 3096 1120 3141 est,

254 3152 299 3186 ut
331 3160 409 3201 pro
429 3148 634 3200 facultate
653 3149 824 3202 quisque
846 3149 1123 3190 monumentis

256 3203 321 3244 vel
364 3206 483 3245 novis
530 3206 596 3246 vel
643 3208 814 3260 resectis
862 3214 901 3248 et
947 3207 1124 3248 excultis

256 3261 401 3303 urbem
463 3263 742 3308 adornarent.
818 3266 1035 3318 Multaque
1096 3278 1124 3304 a

256 3320 396 3361 multis
419 3328 611 3361 extructa
630 3330 723 3363 sunt
736 3337 750 3363 .·
781 3326 887 3365 sicut
907 3338 935 3364 a
958 3324 1124 3365 Marcio

260 3378 453 3435 Philippo
502 3380 628 3420 aedes
661 3381 856 3423 Herculis
891 3382 1125 3431 Musarum,

259 3452 287 3480 a
319 3437 368 3480 L.
406 3439 635 3491 Cornificio
669 3440 794 3481 aedes
823 3441 1021 3491 Dianae,
1073 3440 1125 3480 ab

261 3496 410 3539 Asinio
451 3498 642 3540 Pollione
681 3501 837 3541 atrium
882 3499 1128 3549 Libertatis,

261 3570 289 3598 a
323 3558 517 3611 Munatio
560 3558 719 3599 Planco
759 3558 885 3600 aedes
932 3558 1127 3609 Saturni,

263 3629 299 3660 a.
322 3616 688 3677 Cornelio-Balbo
702 3617 945 3671 theatrum,
974 3630 1004 3659 a
1024 3616 1130 3663 Sla-

1204 2617 1295 2658 tilio
1347 2617 1483 2659 Tauro
1525 2608 1904 2673 amphitheatrum,
1954 2633 1983 2660 a
2017 2620 2077 2661 M.

1203 2691 1302 2718 vero
1338 2676 1533 2732 A9rippa
1568 2677 1787 2732 complura
1819 2684 1857 2719 et
1889 2681 2078 2735 eyreqia.

1294 2734 1397 2789 Cap.
1439 2736 1509 2777 73.
1570 2736 1801 2778 indoluisse
1849 2736 2084 2780 Caesarem

1203 2797 1375 2849 ferunt:
1410 2793 1686 2836 indolescere
1710 2801 1775 2836 est
1794 2797 1986 2850 graviter
2005 2797 2081 2838 vel-

1204 2853 1471 2895 vehementer
1493 2852 2081 2898 dolere.Cf.117‘³·.indo-

1203 2912 1320 2953 luere
1339 2919 1511 2953 exterae
1536 2914 1734 2954 nationes
1757 2914 2079 2969 reqesque.1V

1211 2972 1290 3013 17:
1316 2971 1762 3027 Tiberius—aequari
1788 2974 2080 3015 adulescentes

1206 3037 1403 3072 senectae
1434 3044 1538 3071 suae
1567 3033 1839 3086 impatienter
1881 3033 2077 3074 indoluit.

1207 3088 1347 3130 Etiam
1380 3089 1484 3139 hoe,
1519 3089 1672 3141 lector,
1704 3089 1794 3129 noli
1830 3091 2080 3145 negligere,

1208 3154 1366 3202 quanta
1417 3146 1649 3201 diligentia
1704 3160 1846 3188 rerum
1895 3149 2082 3201 scriptor

1208 3206 1287 3246 sub
1322 3206 1450 3245 finem
1483 3204 1612 3246 huius
1655 3204 1753 3246 libri
1797 3204 2002 3247 decorum
2036 3208 2079 3246 in

1210 3264 1419 3303 omnihus
1463 3263 1650 3315 publicis
1703 3263 1831 3303 rebus
1887 3263 2080 3304 habitum

1209 3321 1369 3362 Tiberii
1388 3321 1646 3373 depinxerit.
1683 3321 1853 3374 Quippe
1871 3321 1955 3363 hoc
1967 3335 2081 3363 anno

1211 3380 1403 3420 florentis
1415 3378 1612 3420 Caesaris
1630 3378 1769 3435 gloria
1783 3379 2080 3422 concluditur:

1213 3451 1400 3493 sequens
1434 3437 1603 3479 initium
1637 3440 1768 3479 estin
1794 3440 1917 3492 peius
1948 3439 2082 3481 incli-

1213 3498 1380 3540 nantis:
1425 3502 1680 3553 utrumque,
1723 3499 1881 3539 iustum
1921 3503 1965 3539 et
1993 3496 2085 3540 ini-

1214 3569 1368 3613 quum,
1417 3556 1540 3599 trinis
1579 3556 1702 3601 libiis
1745 3556 1916 3601 Tacitus
1958 3568 2087 3600 com-

1213 3615 1388 3675 plexus
1402 3621 1499 3663 est

1986 3647 2052 3662 ..ὃν
2067 3659 2088 3676 Ι
