<?xml version="1.0" encoding="UTF-8"?>
<!DOCTYPE html PUBLIC "-//W3C//DTD XHTML 1.0 Transitional//EN"
    "http://www.w3.org/TR/xhtml1/DTD/xhtml1-transitional.dtd">
<html xmlns="http://www.w3.org/1999/xhtml" xml:lang="en" lang="en">
 <head>
  <title>
</title>
<meta http-equiv="Content-Type" content="text/html;charset=utf-8" />
  <meta name='ocr-system' content='tesseract 3.04.00' />
  <meta name='ocr-capabilities' content='ocr_page ocr_carea ocr_par ocr_line ocrx_word'/>
</head>
<body>
  <div class='ocr_page' id='page_1' title='image "./operaadcodicesan01taciuoft_0020.png"; bbox 0 0 2222 4022; ppageno 0'>
   <div class='ocr_carea' id='block_1_1' title="bbox 260 257 1325 301">
    <p class='ocr_par' dir='ltr' id='par_1_1' title="bbox 260 257 1325 301">
     <span class='ocr_line' id='line_1_1' title="bbox 260 257 1325 301; baseline 0.001 -3"><span class='ocrx_word' id='word_1_1' title='bbox 260 257 354 299; x_wconf 89' lang='lat' dir='ltr'>XlV</span> <span class='ocrx_word' id='word_1_2' title='bbox 1059 257 1325 301; x_wconf 76' lang='lat' dir='ltr'>PROOEMH</span> 
     </span>
    </p>
   </div>
   <div class='ocr_carea' id='block_1_2' title="bbox 259 399 2096 1560">
    <p class='ocr_par' dir='ltr' id='par_1_2' title="bbox 259 399 2096 1560">
     <span class='ocr_line' id='line_1_2' title="bbox 262 399 2088 467; baseline 0 -16"><span class='ocrx_word' id='word_1_3' title='bbox 262 401 465 452; x_wconf 88' lang='lat' dir='ltr'>immani</span> <span class='ocrx_word' id='word_1_4' title='bbox 505 402 671 452; x_wconf 90' lang='lat' dir='ltr'>animo</span> <span class='ocrx_word' id='word_1_5' title='bbox 712 401 939 467; x_wconf 87' lang='lat' dir='ltr'>quamvis</span> <span class='ocrx_word' id='word_1_6' title='bbox 978 401 1304 452; x_wconf 84' lang='lat' dir='ltr'>vehementer</span> <span class='ocrx_word' id='word_1_7' title='bbox 1350 403 1780 463; x_wconf 84' lang='lat' dir='ltr'><strong>commoveretur,</strong></span> <span class='ocrx_word' id='word_1_8' title='bbox 1807 399 1905 450; x_wconf 72' lang='lat' dir='ltr'>¹·ob</span> <span class='ocrx_word' id='word_1_9' title='bbox 1944 404 2088 451; x_wconf 81' lang='lat' dir='ltr'>atro-</span> 
     </span>
     <span class='ocr_line' id='line_1_3' title="bbox 262 489 2087 558; baseline -0.001 -17"><span class='ocrx_word' id='word_1_10' title='bbox 262 491 461 542; x_wconf 79' lang='lat' dir='ltr'>citatem</span> <span class='ocrx_word' id='word_1_11' title='bbox 499 497 777 558; x_wconf 88' lang='lat' dir='ltr'>temporum</span> <span class='ocrx_word' id='word_1_12' title='bbox 813 491 933 541; x_wconf 90' lang='lat' dir='ltr'>licet</span> <span class='ocrx_word' id='word_1_13' title='bbox 969 491 1196 558; x_wconf 86' lang='lat' dir='ltr'>graviter</span> <span class='ocrx_word' id='word_1_14' title='bbox 1229 491 1606 554; x_wconf 84' lang='lat' dir='ltr'>indolesceret,</span> <span class='ocrx_word' id='word_1_15' title='bbox 1645 494 1815 540; x_wconf 90' lang='lat' dir='ltr'>tamen</span> <span class='ocrx_word' id='word_1_16' title='bbox 1849 489 1929 540; x_wconf 88' lang='lat' dir='ltr'>vir</span> <span class='ocrx_word' id='word_1_17' title='bbox 1962 503 2087 556; x_wconf 85' lang='lat' dir='ltr'>pru-</span> 
     </span>
     <span class='ocr_line' id='line_1_4' title="bbox 262 580 2091 655; baseline -0.001 -22"><span class='ocrx_word' id='word_1_18' title='bbox 262 582 389 633; x_wconf 89' lang='lat' dir='ltr'>dens</span> <span class='ocrx_word' id='word_1_19' title='bbox 430 588 481 634; x_wconf 89' lang='lat' dir='ltr'>et</span> <span class='ocrx_word' id='word_1_20' title='bbox 513 583 795 634; x_wconf 81' lang='lat' dir='ltr'>modestiae</span> <span class='ocrx_word' id='word_1_21' title='bbox 828 583 1055 655; x_wconf 81' lang='lat' dir='ltr'>retinens</span> <span class='ocrx_word' id='word_1_22' title='bbox 1092 583 1226 634; x_wconf 90' lang='lat' dir='ltr'>nulla</span> <span class='ocrx_word' id='word_1_23' title='bbox 1264 598 1354 635; x_wconf 90' lang='lat' dir='ltr'>sua</span> <span class='ocrx_word' id='word_1_24' title='bbox 1383 581 1618 649; x_wconf 87' lang='lat' dir='ltr'>superbia</span> <span class='ocrx_word' id='word_1_25' title='bbox 1651 586 1699 632; x_wconf 91' lang='lat' dir='ltr'>et</span> <span class='ocrx_word' id='word_1_26' title='bbox 1737 580 2091 647; x_wconf 80' lang='lat' dir='ltr'>intempestiva</span> 
     </span>
     <span class='ocr_line' id='line_1_5' title="bbox 262 670 2090 742; baseline -0.001 -18"><span class='ocrx_word' id='word_1_27' title='bbox 262 673 495 725; x_wconf 89' lang='lat' dir='ltr'>libertate</span> <span class='ocrx_word' id='word_1_28' title='bbox 554 674 736 725; x_wconf 85' lang='lat' dir='ltr'>famam</span> <span class='ocrx_word' id='word_1_29' title='bbox 780 679 828 725; x_wconf 93' lang='lat' dir='ltr'>et</span> <span class='ocrx_word' id='word_1_30' title='bbox 879 674 1032 725; x_wconf 87' lang='lat' dir='ltr'>fatum</span> <span class='ocrx_word' id='word_1_31' title='bbox 1085 674 1413 740; x_wconf 87' lang='lat' dir='ltr'>provocavit,</span> <span class='ocrx_word' id='word_1_32' title='bbox 1474 673 1566 725; x_wconf 92' lang='lat' dir='ltr'>sed</span> <span class='ocrx_word' id='word_1_33' title='bbox 1617 671 1959 742; x_wconf 15' lang='lat' dir='ltr'>posseletiam</span> <span class='ocrx_word' id='word_1_34' title='bbox 1996 670 2090 723; x_wconf 92' lang='lat' dir='ltr'>sub</span> 
     </span>
     <span class='ocr_line' id='line_1_6' title="bbox 261 757 2091 832; baseline -0.001 -17"><span class='ocrx_word' id='word_1_35' title='bbox 261 763 406 815; x_wconf 84' lang='lat' dir='ltr'>malis</span> <span class='ocrx_word' id='word_1_36' title='bbox 454 764 765 830; x_wconf 91' lang='lat' dir='ltr'>principibus</span> <span class='ocrx_word' id='word_1_37' title='bbox 804 779 1019 832; x_wconf 89' lang='lat' dir='ltr'>magnos</span> <span class='ocrx_word' id='word_1_38' title='bbox 1055 757 1196 817; x_wconf 60' lang='lat' dir='ltr'>iiiros</span> <span class='ocrx_word' id='word_1_39' title='bbox 1234 763 1423 830; x_wconf 48' lang='lat' dir='ltr'>esseffi</span> <span class='ocrx_word' id='word_1_40' title='bbox 1445 764 1603 815; x_wconf 89' lang='lat' dir='ltr'>licere</span> <span class='ocrx_word' id='word_1_41' title='bbox 1634 762 1788 815; x_wconf 83' lang='lat' dir='ltr'>‘inter</span> <span class='ocrx_word' id='word_1_42' title='bbox 1828 762 2091 829; x_wconf 83' lang='lat' dir='ltr'>abruptam</span> 
     </span>
     <span class='ocr_line' id='line_1_7' title="bbox 270 852 2091 922; baseline -0.001 -17"><span class='ocrx_word' id='word_1_43' title='bbox 270 855 638 905; x_wconf 85' lang='lat' dir='ltr'>contumaciam</span> <span class='ocrx_word' id='word_1_44' title='bbox 680 860 728 906; x_wconf 92' lang='lat' dir='ltr'>et</span> <span class='ocrx_word' id='word_1_45' title='bbox 778 854 1008 907; x_wconf 86' lang='lat' dir='ltr'>deforme</span> <span class='ocrx_word' id='word_1_46' title='bbox 1046 855 1343 921; x_wconf 88' lang='lat' dir='ltr'>obsequium</span> <span class='ocrx_word' id='word_1_47' title='bbox 1399 870 1619 922; x_wconf 86' lang='lat' dir='ltr'>pergere</span> <span class='ocrx_word' id='word_1_48' title='bbox 1667 854 1763 906; x_wconf 90' lang='lat' dir='ltr'>iter</span> <span class='ocrx_word' id='word_1_49' title='bbox 1815 852 2091 906; x_wconf 84' lang='lat' dir='ltr'>ambitione</span> 
     </span>
     <span class='ocr_line' id='line_1_8' title="bbox 261 941 2096 1013; baseline -0.001 -17"><span class='ocrx_word' id='word_1_50' title='bbox 261 950 310 996; x_wconf 93' lang='lat' dir='ltr'>et</span> <span class='ocrx_word' id='word_1_51' title='bbox 349 945 587 1011; x_wconf 86' lang='lat' dir='ltr'>periculis</span> <span class='ocrx_word' id='word_1_52' title='bbox 627 944 856 997; x_wconf 88' lang='lat' dir='ltr'>vacuum‘</span> <span class='ocrx_word' id='word_1_53' title='bbox 889 952 900 979; x_wconf 92' lang='lat'><strong>¹</strong></span> <span class='ocrx_word' id='word_1_54' title='bbox 941 947 1264 998; x_wconf 85' lang='lat' dir='ltr'>existimavit.</span> <span class='ocrx_word' id='word_1_55' title='bbox 1340 947 1481 1008; x_wconf 90' lang='lat' dir='ltr'>Quae</span> <span class='ocrx_word' id='word_1_56' title='bbox 1519 945 1847 1013; x_wconf 86' lang='lat' dir='ltr'>temperantia</span> <span class='ocrx_word' id='word_1_57' title='bbox 1886 962 1913 996; x_wconf 88' lang='lat' dir='ltr'>a</span> <span class='ocrx_word' id='word_1_58' title='bbox 1951 941 2096 1011; x_wconf 54' lang='lat' dir='ltr'>pe‘ri-</span> 
     </span>
     <span class='ocr_line' id='line_1_9' title="bbox 264 1035 2094 1104; baseline 0.001 -18"><span class='ocrx_word' id='word_1_59' title='bbox 264 1035 390 1087; x_wconf 90' lang='lat' dir='ltr'>culis</span> <span class='ocrx_word' id='word_1_60' title='bbox 430 1037 491 1088; x_wconf 89' lang='lat' dir='ltr'>ab</span> <span class='ocrx_word' id='word_1_61' title='bbox 528 1037 813 1103; x_wconf 88' lang='lat' dir='ltr'>importuno</span> <span class='ocrx_word' id='word_1_62' title='bbox 849 1038 1080 1104; x_wconf 85' lang='lat' dir='ltr'>principe</span> <span class='ocrx_word' id='word_1_63' title='bbox 1131 1038 1319 1104; x_wconf 89' lang='lat' dir='ltr'>alioqui</span> <span class='ocrx_word' id='word_1_64' title='bbox 1356 1038 1639 1090; x_wconf 81' lang='lat' dir='ltr'>metuendis</span> <span class='ocrx_word' id='word_1_65' title='bbox 1677 1037 1838 1104; x_wconf 90' lang='lat' dir='ltr'>ipsum</span> <span class='ocrx_word' id='word_1_66' title='bbox 1877 1051 2094 1088; x_wconf 86' lang='lat' dir='ltr'>conser-</span> 
     </span>
     <span class='ocr_line' id='line_1_10' title="bbox 259 1110 2092 1195; baseline 0.001 -18"><span class='ocrx_word' id='word_1_67' title='bbox 259 1128 396 1178; x_wconf 88' lang='lat' dir='ltr'>vavit</span> <span class='ocrx_word' id='word_1_68' title='bbox 431 1127 750 1180; x_wconf 90' lang='lat' dir='ltr'>incolumem.</span> <span class='ocrx_word' id='word_1_69' title='bbox 824 1130 931 1181; x_wconf 90' lang='lat' dir='ltr'>Nec</span> <span class='ocrx_word' id='word_1_70' title='bbox 981 1110 1104 1180; x_wconf 79' lang='lat' dir='ltr'>vero</span> <span class='ocrx_word' id='word_1_71' title='bbox 1146 1116 1280 1195; x_wconf 80' lang='lat' dir='ltr'>quod</span> <span class='ocrx_word' id='word_1_72' title='bbox 1331 1130 1393 1181; x_wconf 88' lang='lat' dir='ltr'>ad</span> <span class='ocrx_word' id='word_1_73' title='bbox 1432 1130 1656 1181; x_wconf 88' lang='lat' dir='ltr'>honores</span> <span class='ocrx_word' id='word_1_74' title='bbox 1706 1133 1977 1194; x_wconf 89' lang='lat' dir='ltr'>provectus</span> <span class='ocrx_word' id='word_1_75' title='bbox 2013 1132 2092 1180; x_wconf 91' lang='lat' dir='ltr'>est</span> 
     </span>
     <span class='ocr_line' id='line_1_11' title="bbox 260 1217 2093 1287; baseline 0.001 -18"><span class='ocrx_word' id='word_1_76' title='bbox 260 1217 322 1269; x_wconf 89' lang='lat' dir='ltr'>ab</span> <span class='ocrx_word' id='word_1_77' title='bbox 360 1233 517 1270; x_wconf 87' lang='lat' dir='ltr'>saevo</span> <span class='ocrx_word' id='word_1_78' title='bbox 557 1220 793 1285; x_wconf 91' lang='lat' dir='ltr'>domino,</span> <span class='ocrx_word' id='word_1_79' title='bbox 856 1220 1102 1287; x_wconf 82' lang='lat' dir='ltr'>colligere</span> <span class='ocrx_word' id='word_1_80' title='bbox 1136 1221 1255 1272; x_wconf 89' lang='lat' dir='ltr'>inde</span> <span class='ocrx_word' id='word_1_81' title='bbox 1293 1221 1442 1286; x_wconf 86' lang='lat' dir='ltr'>licet,</span> <span class='ocrx_word' id='word_1_82' title='bbox 1503 1221 1636 1272; x_wconf 86' lang='lat' dir='ltr'>facta</span> <span class='ocrx_word' id='word_1_83' title='bbox 1677 1220 1786 1271; x_wconf 91' lang='lat' dir='ltr'>eius</span> <span class='ocrx_word' id='word_1_84' title='bbox 1821 1233 2093 1285; x_wconf 85' lang='lat' dir='ltr'>moresque</span> 
     </span>
     <span class='ocr_line' id='line_1_12' title="bbox 264 1309 2092 1376; baseline 0.001 -17"><span class='ocrx_word' id='word_1_85' title='bbox 264 1309 467 1361; x_wconf 89' lang='lat' dir='ltr'>diversa</span> <span class='ocrx_word' id='word_1_86' title='bbox 507 1311 665 1363; x_wconf 87' lang='lat' dir='ltr'>fuisse</span> <span class='ocrx_word' id='word_1_87' title='bbox 715 1329 742 1362; x_wconf 92' lang='lat' dir='ltr'>a</span> <span class='ocrx_word' id='word_1_88' title='bbox 797 1312 965 1363; x_wconf 90' lang='lat' dir='ltr'>verbis</span> <span class='ocrx_word' id='word_1_89' title='bbox 1016 1313 1298 1363; x_wconf 88' lang='lat' dir='ltr'>libertatem</span> <span class='ocrx_word' id='word_1_90' title='bbox 1362 1312 1805 1376; x_wconf 88' lang='lat' dir='ltr'>asseverantibus,</span> <span class='ocrx_word' id='word_1_91' title='bbox 1865 1310 1916 1361; x_wconf 92' lang='lat' dir='ltr'>id</span> <span class='ocrx_word' id='word_1_92' title='bbox 1957 1309 2092 1376; x_wconf 86' lang='lat' dir='ltr'>q&#39;uod</span> 
     </span>
     <span class='ocr_line' id='line_1_13' title="bbox 260 1399 2096 1469; baseline -0.001 -19"><span class='ocrx_word' id='word_1_93' title='bbox 260 1414 357 1451; x_wconf 93' lang='lat' dir='ltr'>usu</span> <span class='ocrx_word' id='word_1_94' title='bbox 397 1400 604 1452; x_wconf 90' lang='lat' dir='ltr'>venisse</span> <span class='ocrx_word' id='word_1_95' title='bbox 659 1403 710 1452; x_wconf 91' lang='lat' dir='ltr'>in</span> <span class='ocrx_word' id='word_1_96' title='bbox 748 1399 984 1454; x_wconf 77' lang='lat' dir='ltr'>Sallustio</span> <span class='ocrx_word' id='word_1_97' title='bbox 1025 1403 1202 1468; x_wconf 87' lang='lat' dir='ltr'>Crispo</span> <span class='ocrx_word' id='word_1_98' title='bbox 1264 1403 1568 1469; x_wconf 82' lang='lat' dir='ltr'>accepimus,</span> <span class='ocrx_word' id='word_1_99' title='bbox 1661 1403 1856 1454; x_wconf 82' lang='lat' dir='ltr'>Etenim</span> <span class='ocrx_word' id='word_1_100' title='bbox 1907 1401 2096 1452; x_wconf 89' lang='lat' dir='ltr'>Plinius</span> 
     </span>
     <span class='ocr_line' id='line_1_14' title="bbox 263 1492 2095 1560; baseline -0.001 -16"><span class='ocrx_word' id='word_1_101' title='bbox 263 1492 545 1557; x_wconf 83' lang='lat' dir='ltr'>Secundus,</span> <span class='ocrx_word' id='word_1_102' title='bbox 587 1492 667 1544; x_wconf 89' lang='lat' dir='ltr'>vir</span> <span class='ocrx_word' id='word_1_103' title='bbox 706 1493 869 1545; x_wconf 91' lang='lat' dir='ltr'>bonus</span> <span class='ocrx_word' id='word_1_104' title='bbox 909 1499 958 1545; x_wconf 90' lang='lat' dir='ltr'>et</span> <span class='ocrx_word' id='word_1_105' title='bbox 995 1494 1185 1559; x_wconf 62' lang='lat' dir='ltr'>iustus,</span> <span class='ocrx_word' id='word_1_106' title='bbox 1213 1494 1448 1560; x_wconf 89' lang='lat' dir='ltr'>idemque</span> <span class='ocrx_word' id='word_1_107' title='bbox 1488 1508 1661 1545; x_wconf 90' lang='lat' dir='ltr'>eorum</span> <span class='ocrx_word' id='word_1_108' title='bbox 1701 1493 1784 1559; x_wconf 90' lang='lat' dir='ltr'>qui</span> <span class='ocrx_word' id='word_1_109' title='bbox 1807 1492 2095 1544; x_wconf 87' lang='lat' dir='ltr'>Domitia-no</span> 
     </span>
    </p>
   </div>
   <div class='ocr_carea' id='block_1_3' title="bbox 258 1582 2170 1649">
    <p class='ocr_par' dir='ltr' id='par_1_3' title="bbox 258 1582 2170 1649">
     <span class='ocr_line' id='line_1_15' title="bbox 258 1582 2170 1649; baseline 0.002 -17"><span class='ocrx_word' id='word_1_110' title='bbox 258 1582 488 1649; x_wconf 89' lang='lat' dir='ltr'>principe</span> <span class='ocrx_word' id='word_1_111' title='bbox 527 1585 774 1636; x_wconf 88' lang='lat' dir='ltr'>saevitiae</span> <span class='ocrx_word' id='word_1_112' title='bbox 815 1590 900 1636; x_wconf 86' lang='lat' dir='ltr'>aut</span> <span class='ocrx_word' id='word_1_113' title='bbox 937 1586 1242 1636; x_wconf 88' lang='lat' dir='ltr'>adulationis</span> <span class='ocrx_word' id='word_1_114' title='bbox 1288 1586 1543 1636; x_wconf 77' lang='lat' dir='ltr'>infamiam</span> <span class='ocrx_word' id='word_1_115' title='bbox 1583 1585 1844 1636; x_wconf 87' lang='lat' dir='ltr'>subierant</span> <span class='ocrx_word' id='word_1_116' title='bbox 1879 1583 2095 1639; x_wconf 80' lang='lat' dir='ltr'>acerbus</span> <span class='ocrx_word' id='word_1_117' title='bbox 2162 1624 2170 1636; x_wconf 77' lang='grc'><strong><em>,</em></strong></span> 
     </span>
    </p>
   </div>
   <div class='ocr_carea' id='block_1_4' title="bbox 263 1673 2102 2378">
    <p class='ocr_par' dir='ltr' id='par_1_4' title="bbox 263 1673 2102 2378">
     <span class='ocr_line' id='line_1_16' title="bbox 263 1673 2095 1742; baseline -0.001 -17"><span class='ocrx_word' id='word_1_118' title='bbox 263 1675 564 1741; x_wconf 81' lang='lat' dir='ltr'>exagitator,</span> <span class='ocrx_word' id='word_1_119' title='bbox 605 1675 827 1727; x_wconf 89' lang='lat' dir='ltr'>Tacitum</span> <span class='ocrx_word' id='word_1_120' title='bbox 866 1677 1079 1727; x_wconf 87' lang='lat' dir='ltr'>amicum</span> <span class='ocrx_word' id='word_1_121' title='bbox 1115 1693 1256 1728; x_wconf 90' lang='lat' dir='ltr'>suum</span> <span class='ocrx_word' id='word_1_122' title='bbox 1293 1677 1343 1726; x_wconf 90' lang='lat' dir='ltr'>in</span> <span class='ocrx_word' id='word_1_123' title='bbox 1381 1676 1608 1742; x_wconf 87' lang='lat' dir='ltr'>epistolis</span> <span class='ocrx_word' id='word_1_124' title='bbox 1647 1675 1880 1727; x_wconf 87' lang='lat' dir='ltr'>laudibus</span> <span class='ocrx_word' id='word_1_125' title='bbox 1919 1673 2095 1726; x_wconf 89' lang='lat' dir='ltr'>extulit</span> 
     </span>
     <span class='ocr_line' id='line_1_17' title="bbox 263 1765 2096 1834; baseline -0.001 -18"><span class='ocrx_word' id='word_1_126' title='bbox 263 1769 313 1816; x_wconf 91' lang='lat' dir='ltr'>et</span> <span class='ocrx_word' id='word_1_127' title='bbox 348 1770 598 1831; x_wconf 88' lang='lat' dir='ltr'>tamquam</span> <span class='ocrx_word' id='word_1_128' title='bbox 636 1767 871 1819; x_wconf 89' lang='lat' dir='ltr'>sincerae</span> <span class='ocrx_word' id='word_1_129' title='bbox 913 1769 1110 1818; x_wconf 89' lang='lat' dir='ltr'>virtutis</span> <span class='ocrx_word' id='word_1_130' title='bbox 1169 1773 1216 1819; x_wconf 87' lang='lat' dir='ltr'>et</span> <span class='ocrx_word' id='word_1_131' title='bbox 1252 1769 1554 1833; x_wconf 86' lang='lat' dir='ltr'>praestantis</span> <span class='ocrx_word' id='word_1_132' title='bbox 1594 1768 1787 1834; x_wconf 90' lang='lat' dir='ltr'>ingenii</span> <span class='ocrx_word' id='word_1_133' title='bbox 1837 1765 2096 1832; x_wconf 82' lang='lat' dir='ltr'>exemplar</span> 
     </span>
     <span class='ocr_line' id='line_1_18' title="bbox 263 1856 2094 1924; baseline 0 -18"><span class='ocrx_word' id='word_1_134' title='bbox 263 1856 490 1922; x_wconf 87' lang='lat' dir='ltr'>suspexit</span> <span class='ocrx_word' id='word_1_135' title='bbox 515 1861 568 1922; x_wconf 84' lang='lat'>²,</span> <span class='ocrx_word' id='word_1_136' title='bbox 634 1863 683 1908; x_wconf 92' lang='lat' dir='ltr'>et</span> <span class='ocrx_word' id='word_1_137' title='bbox 718 1858 1079 1924; x_wconf 18' lang='lat' dir='ltr'>&#39;l&#39;acitusstipse</span> <span class='ocrx_word' id='word_1_138' title='bbox 1131 1859 1182 1908; x_wconf 92' lang='lat' dir='ltr'>in</span> <span class='ocrx_word' id='word_1_139' title='bbox 1229 1859 1372 1910; x_wconf 89' lang='lat' dir='ltr'>libris</span> <span class='ocrx_word' id='word_1_140' title='bbox 1414 1859 1519 1909; x_wconf 86' lang='lat' dir='ltr'>suis</span> <span class='ocrx_word' id='word_1_141' title='bbox 1559 1858 1793 1910; x_wconf 88' lang='lat' dir='ltr'>virtutem</span> <span class='ocrx_word' id='word_1_142' title='bbox 1834 1857 2094 1909; x_wconf 85' lang='lat' dir='ltr'>ardentius</span> 
     </span>
     <span class='ocr_line' id='line_1_19' title="bbox 265 1946 2098 2015; baseline 0 -17"><span class='ocrx_word' id='word_1_143' title='bbox 265 1946 607 2013; x_wconf 87' lang='lat' dir='ltr'>amplectitur,</span> <span class='ocrx_word' id='word_1_144' title='bbox 651 1950 819 2001; x_wconf 90' lang='lat' dir='ltr'>scelus</span> <span class='ocrx_word' id='word_1_145' title='bbox 854 1951 1034 2002; x_wconf 86' lang='lat' dir='ltr'>fortius</span> <span class='ocrx_word' id='word_1_146' title='bbox 1074 1954 1364 2014; x_wconf 86' lang='lat' dir='ltr'>aversatur,</span> <span class='ocrx_word' id='word_1_147' title='bbox 1415 1965 1561 2015; x_wconf 90' lang='lat' dir='ltr'>quam</span> <span class='ocrx_word' id='word_1_148' title='bbox 1597 1954 1651 1999; x_wconf 91' lang='lat' dir='ltr'>ut</span> <span class='ocrx_word' id='word_1_149' title='bbox 1688 1954 1910 2001; x_wconf 86' lang='lat' dir='ltr'>statuere</span> <span class='ocrx_word' id='word_1_150' title='bbox 1945 1948 2098 1999; x_wconf 88' lang='lat' dir='ltr'>liceat</span> 
     </span>
     <span class='ocr_line' id='line_1_20' title="bbox 264 2037 2101 2109; baseline 0.001 -21"><span class='ocrx_word' id='word_1_151' title='bbox 264 2037 395 2089; x_wconf 89' lang='lat' dir='ltr'>haec</span> <span class='ocrx_word' id='word_1_152' title='bbox 444 2040 671 2104; x_wconf 88' lang='lat' dir='ltr'>potuisse</span> <span class='ocrx_word' id='word_1_153' title='bbox 711 2041 965 2107; x_wconf 83' lang='lat' dir='ltr'>proficisci</span> <span class='ocrx_word' id='word_1_154' title='bbox 1003 2042 1065 2092; x_wconf 90' lang='lat' dir='ltr'>ab</span> <span class='ocrx_word' id='word_1_155' title='bbox 1105 2042 1314 2109; x_wconf 90' lang='lat' dir='ltr'>ingenio</span> <span class='ocrx_word' id='word_1_156' title='bbox 1356 2041 1529 2092; x_wconf 91' lang='lat' dir='ltr'>servili</span> <span class='ocrx_word' id='word_1_157' title='bbox 1570 2045 1620 2092; x_wconf 88' lang='lat' dir='ltr'>et</span> <span class='ocrx_word' id='word_1_158' title='bbox 1663 2041 1715 2090; x_wconf 93' lang='lat' dir='ltr'>in</span> <span class='ocrx_word' id='word_1_159' title='bbox 1754 2039 2101 2101; x_wconf 75' lang='lat' dir='ltr'>adulationem.</span> 
     </span>
     <span class='ocr_line' id='line_1_21' title="bbox 265 2128 2097 2198; baseline 0.001 -19"><span class='ocrx_word' id='word_1_160' title='bbox 265 2128 524 2195; x_wconf 82' lang='lat' dir='ltr'>prolapSO.</span> <span class='ocrx_word' id='word_1_161' title='bbox 598 2131 753 2182; x_wconf 90' lang='lat' dir='ltr'>Immo</span> <span class='ocrx_word' id='word_1_162' title='bbox 790 2132 1027 2198; x_wconf 88' lang='lat' dir='ltr'>quamdiu</span> <span class='ocrx_word' id='word_1_163' title='bbox 1064 2131 1382 2182; x_wconf 89' lang='lat' dir='ltr'>Domitianus</span> <span class='ocrx_word' id='word_1_164' title='bbox 1416 2131 1542 2182; x_wconf 84' lang='lat' dir='ltr'>vixit</span> <span class='ocrx_word' id='word_1_165' title='bbox 1581 2136 1630 2182; x_wconf 90' lang='lat' dir='ltr'>et</span> <span class='ocrx_word' id='word_1_166' title='bbox 1663 2130 1817 2182; x_wconf 88' lang='lat' dir='ltr'>rebus</span> <span class='ocrx_word' id='word_1_167' title='bbox 1855 2129 2097 2182; x_wconf 87' lang='lat' dir='ltr'>Romanis</span> 
     </span>
     <span class='ocr_line' id='line_1_22' title="bbox 268 2219 2102 2286; baseline 0.001 -17"><span class='ocrx_word' id='word_1_168' title='bbox 268 2219 523 2285; x_wconf 88' lang='lat' dir='ltr'>incubuit,</span> <span class='ocrx_word' id='word_1_169' title='bbox 580 2221 781 2271; x_wconf 87' lang='lat' dir='ltr'>Tacitus</span> <span class='ocrx_word' id='word_1_170' title='bbox 837 2236 966 2286; x_wconf 90' lang='lat' dir='ltr'>quae</span> <span class='ocrx_word' id='word_1_171' title='bbox 1030 2224 1384 2285; x_wconf 88' lang='lat' dir='ltr'>composuerat</span> <span class='ocrx_word' id='word_1_172' title='bbox 1442 2220 1494 2269; x_wconf 91' lang='lat' dir='ltr'>in</span> <span class='ocrx_word' id='word_1_173' title='bbox 1569 2219 1772 2271; x_wconf 87' lang='lat' dir='ltr'>scriniis</span> <span class='ocrx_word' id='word_1_174' title='bbox 1834 2220 2102 2271; x_wconf 65' lang='lat' dir='ltr'>continere&gt;</span> 
     </span>
     <span class='ocr_line' id='line_1_23' title="bbox 266 2309 2100 2378; baseline 0 -17"><span class='ocrx_word' id='word_1_175' title='bbox 266 2310 438 2362; x_wconf 89' lang='lat' dir='ltr'>maluit</span> <span class='ocrx_word' id='word_1_176' title='bbox 475 2312 806 2377; x_wconf 88' lang='lat' dir='ltr'>abscondita,</span> <span class='ocrx_word' id='word_1_177' title='bbox 869 2328 1015 2378; x_wconf 88' lang='lat' dir='ltr'>quam</span> <span class='ocrx_word' id='word_1_178' title='bbox 1073 2312 1325 2363; x_wconf 88' lang='lat' dir='ltr'>adulando</span> <span class='ocrx_word' id='word_1_179' title='bbox 1383 2311 1626 2378; x_wconf 87' lang='lat' dir='ltr'>principis</span> <span class='ocrx_word' id='word_1_180' title='bbox 1667 2309 1930 2363; x_wconf 86' lang='lat' dir='ltr'>saevitiam</span> <span class='ocrx_word' id='word_1_181' title='bbox 1977 2323 2100 2376; x_wconf 86' lang='lat' dir='ltr'>per-</span> 
     </span>
    </p>
   </div>
   <div class='ocr_carea' id='block_1_5' title="bbox 208 2458 1145 3643">
    <p class='ocr_par' dir='ltr' id='par_1_5' title="bbox 208 2458 1144 3096">
     <span class='ocr_line' id='line_1_24' title="bbox 267 2458 1135 2515; baseline -0.002 -13"><span class='ocrx_word' id='word_1_182' title='bbox 267 2461 381 2502; x_wconf 89' lang='lat' dir='ltr'>centi</span> <span class='ocrx_word' id='word_1_183' title='bbox 439 2458 649 2512; x_wconf 73' lang='lat' dir='ltr'>sanquine</span> <span class='ocrx_word' id='word_1_184' title='bbox 691 2460 871 2501; x_wconf 83' lang='lat' dir='ltr'>Senecio</span> <span class='ocrx_word' id='word_1_185' title='bbox 929 2459 1135 2515; x_wconf 82' lang='lat' dir='ltr'>perfudit.</span> 
     </span>
     <span class='ocr_line' id='line_1_25' title="bbox 267 2518 1139 2573; baseline -0.002 -12"><span class='ocrx_word' id='word_1_186' title='bbox 267 2520 386 2561; x_wconf 84' lang='lat' dir='ltr'>Haec</span> <span class='ocrx_word' id='word_1_187' title='bbox 416 2518 589 2560; x_wconf 86' lang='lat' dir='ltr'>Tacitus</span> <span class='ocrx_word' id='word_1_188' title='bbox 632 2531 719 2560; x_wconf 90' lang='lat' dir='ltr'>non</span> <span class='ocrx_word' id='word_1_189' title='bbox 767 2519 820 2561; x_wconf 90' lang='lat' dir='ltr'>de</span> <span class='ocrx_word' id='word_1_190' title='bbox 853 2532 900 2561; x_wconf 89' lang='grc'>56</span> <span class='ocrx_word' id='word_1_191' title='bbox 932 2521 1028 2573; x_wconf 90' lang='lat' dir='ltr'>ipso</span> <span class='ocrx_word' id='word_1_192' title='bbox 1061 2519 1139 2560; x_wconf 88' lang='lat' dir='ltr'>sed</span> 
     </span>
     <span class='ocr_line' id='line_1_26' title="bbox 272 2577 1138 2634; baseline -0.002 -14"><span class='ocrx_word' id='word_1_193' title='bbox 272 2592 324 2620; x_wconf 88' lang='lat' dir='ltr'>ex</span> <span class='ocrx_word' id='word_1_194' title='bbox 357 2591 432 2620; x_wconf 84' lang='lat' dir='ltr'>ore</span> <span class='ocrx_word' id='word_1_195' title='bbox 466 2577 634 2625; x_wconf 85' lang='lat' dir='ltr'>rettulit</span> <span class='ocrx_word' id='word_1_196' title='bbox 673 2585 923 2620; x_wconf 88' lang='lat' dir='ltr'>senatorum</span> <span class='ocrx_word' id='word_1_197' title='bbox 957 2580 1027 2634; x_wconf 93' lang='lat' dir='ltr'>qui</span> <span class='ocrx_word' id='word_1_198' title='bbox 1060 2592 1138 2619; x_wconf 88' lang='lat' dir='ltr'>su-</span> 
     </span>
     <span class='ocr_line' id='line_1_27' title="bbox 267 2637 1139 2695; baseline -0.001 -16"><span class='ocrx_word' id='word_1_199' title='bbox 267 2639 471 2692; x_wconf 88' lang='lat' dir='ltr'>perstites</span> <span class='ocrx_word' id='word_1_200' title='bbox 493 2637 730 2693; x_wconf 79' lang='lat' dir='ltr'>Agricolae</span> <span class='ocrx_word' id='word_1_201' title='bbox 752 2639 918 2695; x_wconf 85' lang='lat' dir='ltr'>flagitia</span> <span class='ocrx_word' id='word_1_202' title='bbox 940 2638 1139 2680; x_wconf 79' lang='lat' dir='ltr'>Caesaris</span> 
     </span>
     <span class='ocr_line' id='line_1_28' title="bbox 208 2697 1141 2754; baseline 0 -16"><span class='ocrx_word' id='word_1_203' title='bbox 208 2743 212 2747; x_wconf 90' lang='lat'>.</span> <span class='ocrx_word' id='word_1_204' title='bbox 267 2697 420 2739; x_wconf 85' lang='lat' dir='ltr'>videre</span> <span class='ocrx_word' id='word_1_205' title='bbox 458 2697 598 2738; x_wconf 89' lang='lat' dir='ltr'>coacti</span> <span class='ocrx_word' id='word_1_206' title='bbox 639 2704 739 2739; x_wconf 87' lang='lat' dir='ltr'>sunt</span> <span class='ocrx_word' id='word_1_207' title='bbox 785 2699 866 2754; x_wconf 86' lang='lat' dir='ltr'>(cf.</span> <span class='ocrx_word' id='word_1_208' title='bbox 901 2704 1047 2739; x_wconf 86' lang='lat' dir='ltr'>annot.</span> <span class='ocrx_word' id='word_1_209' title='bbox 1087 2697 1141 2738; x_wconf 90' lang='lat' dir='ltr'>ad</span> 
     </span>
     <span class='ocr_line' id='line_1_29' title="bbox 271 2755 1142 2814; baseline -0.002 -15"><span class='ocrx_word' id='word_1_210' title='bbox 271 2770 322 2799; x_wconf 82' lang='lat' dir='ltr'>ca</span> <span class='ocrx_word' id='word_1_211' title='bbox 346 2755 583 2812; x_wconf 84' lang='lat' dir='ltr'>Agricolae</span> <span class='ocrx_word' id='word_1_212' title='bbox 604 2758 778 2814; x_wconf 88' lang='lat' dir='ltr'>verba).</span> <span class='ocrx_word' id='word_1_213' title='bbox 842 2758 953 2799; x_wconf 88' lang='lat' dir='ltr'>Hinc</span> <span class='ocrx_word' id='word_1_214' title='bbox 978 2757 1142 2799; x_wconf 84' lang='lat' dir='ltr'>clarum</span> 
     </span>
     <span class='ocr_line' id='line_1_30' title="bbox 269 2816 1144 2858; baseline 0.002 -2"><span class='ocrx_word' id='word_1_215' title='bbox 269 2829 346 2857; x_wconf 90' lang='lat' dir='ltr'>cur</span> <span class='ocrx_word' id='word_1_216' title='bbox 386 2816 556 2857; x_wconf 80' lang='lat' dir='ltr'>&#39;l‘acitus</span> <span class='ocrx_word' id='word_1_217' title='bbox 600 2818 754 2858; x_wconf 89' lang='lat' dir='ltr'>eodem</span> <span class='ocrx_word' id='word_1_218' title='bbox 810 2817 909 2858; x_wconf 93' lang='lat' dir='ltr'>loco</span> <span class='ocrx_word' id='word_1_219' title='bbox 963 2816 1016 2858; x_wconf 88' lang='lat' dir='ltr'>dc</span> <span class='ocrx_word' id='word_1_220' title='bbox 1058 2824 1144 2858; x_wconf 89' lang='lat' dir='ltr'>tam</span> 
     </span>
     <span class='ocr_line' id='line_1_31' title="bbox 269 2874 1143 2930; baseline 0.002 -15"><span class='ocrx_word' id='word_1_221' title='bbox 269 2874 425 2930; x_wconf 68' lang='lat' dir='ltr'>lonyae</span> <span class='ocrx_word' id='word_1_222' title='bbox 475 2874 693 2917; x_wconf 80' lang='lat' dir='ltr'>absentiae</span> <span class='ocrx_word' id='word_1_223' title='bbox 741 2890 847 2918; x_wconf 85' lang='lat' dir='ltr'>suae</span> <span class='ocrx_word' id='word_1_224' title='bbox 901 2876 1143 2917; x_wconf 84' lang='lat' dir='ltr'>conditione</span> 
     </span>
     <span class='ocr_line' id='line_1_32' title="bbox 268 2934 1143 2991; baseline 0.001 -15"><span class='ocrx_word' id='word_1_225' title='bbox 268 2934 442 2976; x_wconf 90' lang='lat' dir='ltr'>locutus</span> <span class='ocrx_word' id='word_1_226' title='bbox 476 2936 545 2986; x_wconf 85' lang='lat' dir='ltr'>sit,</span> <span class='ocrx_word' id='word_1_227' title='bbox 580 2936 622 2975; x_wconf 87' lang='lat' dir='ltr'>in</span> <span class='ocrx_word' id='word_1_228' title='bbox 663 2935 819 2991; x_wconf 91' lang='lat' dir='ltr'>quibus</span> <span class='ocrx_word' id='word_1_229' title='bbox 852 2935 998 2977; x_wconf 88' lang='lat' dir='ltr'>verbis</span> <span class='ocrx_word' id='word_1_230' title='bbox 1032 2936 1143 2978; x_wconf 88' lang='lat' dir='ltr'>nihil</span> 
     </span>
     <span class='ocr_line' id='line_1_33' title="bbox 269 2993 1143 3037; baseline 0.003 -3"><span class='ocrx_word' id='word_1_231' title='bbox 269 2993 520 3035; x_wconf 87' lang='lat' dir='ltr'>mutandum</span> <span class='ocrx_word' id='word_1_232' title='bbox 584 3007 680 3036; x_wconf 89' lang='grc'><strong>6556</strong></span> <span class='ocrx_word' id='word_1_233' title='bbox 751 2996 794 3035; x_wconf 92' lang='lat' dir='ltr'>in</span> <span class='ocrx_word' id='word_1_234' title='bbox 858 2997 1143 3037; x_wconf 86' lang='lat' dir='ltr'>annotatione</span> 
     </span>
     <span class='ocr_line' id='line_1_34' title="bbox 270 3053 512 3096; baseline 0.004 -2"><span class='ocrx_word' id='word_1_235' title='bbox 270 3053 512 3096; x_wconf 87' lang='lat' dir='ltr'>docebitur.</span> 
     </span>
    </p>

    <p class='ocr_par' dir='ltr' id='par_1_6' title="bbox 268 3111 1145 3643">
     <span class='ocr_line' id='line_1_35' title="bbox 366 3111 1145 3168; baseline -0.003 -13"><span class='ocrx_word' id='word_1_236' title='bbox 366 3116 402 3155; x_wconf 92' lang='lat'>1.</span> <span class='ocrx_word' id='word_1_237' title='bbox 450 3113 555 3168; x_wconf 86' lang='lat' dir='ltr'>Agr.</span> <span class='ocrx_word' id='word_1_238' title='bbox 576 3112 658 3155; x_wconf 80' lang='lat'>42:</span> <span class='ocrx_word' id='word_1_239' title='bbox 683 3111 823 3152; x_wconf 86' lang='lat' dir='ltr'>sciant</span> <span class='ocrx_word' id='word_1_240' title='bbox 849 3113 994 3166; x_wconf 89' lang='lat' dir='ltr'>quibus</span> <span class='ocrx_word' id='word_1_241' title='bbox 1014 3114 1145 3154; x_wconf 86' lang='lat' dir='ltr'>moris</span> 
     </span>
     <span class='ocr_line' id='line_1_36' title="bbox 272 3171 1144 3226; baseline 0 -13"><span class='ocrx_word' id='word_1_242' title='bbox 272 3179 332 3213; x_wconf 82' lang='lat' dir='ltr'>est</span> <span class='ocrx_word' id='word_1_243' title='bbox 363 3171 534 3213; x_wconf 82' lang='lat' dir='ltr'>inlicita</span> <span class='ocrx_word' id='word_1_244' title='bbox 561 3171 729 3223; x_wconf 80' lang='lat' dir='ltr'>mirari,</span> <span class='ocrx_word' id='word_1_245' title='bbox 761 3184 883 3226; x_wconf 86' lang='lat' dir='ltr'>posse</span> <span class='ocrx_word' id='word_1_246' title='bbox 910 3173 1036 3212; x_wconf 88' lang='lat' dir='ltr'>etiam</span> <span class='ocrx_word' id='word_1_247' title='bbox 1070 3172 1144 3213; x_wconf 86' lang='lat' dir='ltr'>sub</span> 
     </span>
     <span class='ocr_line' id='line_1_37' title="bbox 268 3231 1141 3288; baseline 0.001 -17"><span class='ocrx_word' id='word_1_248' title='bbox 268 3231 393 3273; x_wconf 85' lang='lat' dir='ltr'>malis</span> <span class='ocrx_word' id='word_1_249' title='bbox 410 3231 678 3288; x_wconf 83' lang='lat' dir='ltr'>principibus</span> <span class='ocrx_word' id='word_1_250' title='bbox 703 3244 878 3285; x_wconf 76' lang='lat' dir='ltr'>maqnos</span> <span class='ocrx_word' id='word_1_251' title='bbox 900 3232 1015 3271; x_wconf 87' lang='lat' dir='ltr'>viros</span> <span class='ocrx_word' id='word_1_252' title='bbox 1037 3246 1141 3283; x_wconf 86' lang='lat' dir='ltr'>esse,</span> 
     </span>
     <span class='ocr_line' id='line_1_38' title="bbox 271 3290 1143 3345; baseline 0 -14"><span class='ocrx_word' id='word_1_253' title='bbox 271 3291 589 3345; x_wconf 83' lang='lat' dir='ltr'>obsequiumque</span> <span class='ocrx_word' id='word_1_254' title='bbox 624 3304 677 3331; x_wconf 87' lang='lat' dir='ltr'>ac</span> <span class='ocrx_word' id='word_1_255' title='bbox 707 3290 967 3342; x_wconf 78' lang='lat' dir='ltr'>modestiam,</span> <span class='ocrx_word' id='word_1_256' title='bbox 1003 3291 1040 3331; x_wconf 88' lang='lat' dir='ltr'>si</span> <span class='ocrx_word' id='word_1_257' title='bbox 1071 3291 1143 3331; x_wconf 87' lang='lat' dir='ltr'>in-</span> 
     </span>
     <span class='ocr_line' id='line_1_39' title="bbox 274 3349 1145 3405; baseline 0 -15"><span class='ocrx_word' id='word_1_258' title='bbox 274 3350 438 3390; x_wconf 82' lang='lat' dir='ltr'>dustria</span> <span class='ocrx_word' id='word_1_259' title='bbox 475 3364 528 3391; x_wconf 88' lang='lat' dir='ltr'>ac</span> <span class='ocrx_word' id='word_1_260' title='bbox 559 3350 680 3405; x_wconf 66' lang='lat' dir='ltr'>vigor</span> <span class='ocrx_word' id='word_1_261' title='bbox 716 3350 885 3402; x_wconf 80' lang='lat' dir='ltr'>adsint,</span> <span class='ocrx_word' id='word_1_262' title='bbox 920 3364 967 3390; x_wconf 91' lang='lat' dir='ltr'>eo</span> <span class='ocrx_word' id='word_1_263' title='bbox 1004 3349 1145 3391; x_wconf 83' lang='lat' dir='ltr'>laudis</span> 
     </span>
     <span class='ocr_line' id='line_1_40' title="bbox 273 3408 1142 3465; baseline 0.002 -17"><span class='ocrx_word' id='word_1_264' title='bbox 273 3408 492 3459; x_wconf 74' lang='lat' dir='ltr'>excedere,</span> <span class='ocrx_word' id='word_1_265' title='bbox 521 3423 597 3463; x_wconf 90' lang='lat' dir='ltr'>quo</span> <span class='ocrx_word' id='word_1_266' title='bbox 620 3409 812 3464; x_wconf 83' lang='lat' dir='ltr'>plerique</span> <span class='ocrx_word' id='word_1_267' title='bbox 838 3423 918 3465; x_wconf 86' lang='lat' dir='ltr'>per</span> <span class='ocrx_word' id='word_1_268' title='bbox 945 3409 1142 3465; x_wconf 85' lang='lat' dir='ltr'>abrupta,</span> 
     </span>
     <span class='ocr_line' id='line_1_41' title="bbox 272 3467 1143 3523; baseline 0.001 -14"><span class='ocrx_word' id='word_1_269' title='bbox 272 3467 348 3509; x_wconf 81' lang='lat' dir='ltr'>sed</span> <span class='ocrx_word' id='word_1_270' title='bbox 386 3469 431 3508; x_wconf 92' lang='lat' dir='ltr'>in</span> <span class='ocrx_word' id='word_1_271' title='bbox 473 3467 636 3508; x_wconf 84' lang='lat' dir='ltr'>nullum</span> <span class='ocrx_word' id='word_1_272' title='bbox 675 3471 740 3509; x_wconf 83' lang='lat' dir='ltr'>rei</span> <span class='ocrx_word' id='word_1_273' title='bbox 781 3468 978 3523; x_wconf 80' lang='lat' dir='ltr'>publicae</span> <span class='ocrx_word' id='word_1_274' title='bbox 1009 3484 1143 3520; x_wconf 84' lang='lat' dir='ltr'>usum,</span> 
     </span>
     <span class='ocr_line' id='line_1_42' title="bbox 273 3526 1143 3571; baseline 0.001 -3"><span class='ocrx_word' id='word_1_275' title='bbox 273 3526 500 3568; x_wconf 85' lang='lat' dir='ltr'>ambitiosa</span> <span class='ocrx_word' id='word_1_276' title='bbox 529 3534 664 3567; x_wconf 85' lang='lat' dir='ltr'>morte</span> <span class='ocrx_word' id='word_1_277' title='bbox 697 3527 1010 3571; x_wconf 78' lang='lat' dir='ltr'>inclaruerunt.</span> <span class='ocrx_word' id='word_1_278' title='bbox 1077 3527 1143 3569; x_wconf 81' lang='lat' dir='ltr'>Cf.</span> 
     </span>
     <span class='ocr_line' id='line_1_43' title="bbox 271 3585 1143 3643; baseline 0 -15"><span class='ocrx_word' id='word_1_279' title='bbox 271 3585 334 3628; x_wconf 84' lang='lat' dir='ltr'>IV</span> <span class='ocrx_word' id='word_1_280' title='bbox 366 3586 449 3630; x_wconf 69' lang='lat'>202</span> <span class='ocrx_word' id='word_1_281' title='bbox 494 3585 606 3627; x_wconf 82' lang='lat' dir='ltr'>uncte</span> <span class='ocrx_word' id='word_1_282' title='bbox 638 3586 834 3627; x_wconf 83' lang='lat' dir='ltr'>dubitare</span> <span class='ocrx_word' id='word_1_283' title='bbox 865 3602 1019 3643; x_wconf 68' lang='lat' dir='ltr'>cogor,</span> <span class='ocrx_word' id='word_1_284' title='bbox 1052 3591 1143 3643; x_wconf 84' lang='lat' dir='ltr'>sato</span> 
     </span>
    </p>
   </div>
   <div class='ocr_carea' id='block_1_6' title="bbox 1221 2456 2102 3642">
    <p class='ocr_par' dir='ltr' id='par_1_7' title="bbox 1221 2456 2102 2856">
     <span class='ocr_line' id='line_1_44' title="bbox 1225 2456 2100 2511; baseline -0.001 -13"><span class='ocrx_word' id='word_1_285' title='bbox 1225 2465 1263 2499; x_wconf 89' lang='lat' dir='ltr'>et</span> <span class='ocrx_word' id='word_1_286' title='bbox 1304 2464 1418 2499; x_wconf 85' lang='lat' dir='ltr'>sorte</span> <span class='ocrx_word' id='word_1_287' title='bbox 1459 2458 1690 2511; x_wconf 84' lang='lat' dir='ltr'>nascendi,</span> <span class='ocrx_word' id='word_1_288' title='bbox 1736 2464 1783 2500; x_wconf 87' lang='lat' dir='ltr'>ut</span> <span class='ocrx_word' id='word_1_289' title='bbox 1821 2463 1988 2510; x_wconf 87' lang='lat' dir='ltr'>cetera,</span> <span class='ocrx_word' id='word_1_290' title='bbox 2035 2456 2100 2498; x_wconf 84' lang='lat' dir='ltr'>ita</span> 
     </span>
     <span class='ocr_line' id='line_1_45' title="bbox 1221 2516 2100 2573; baseline -0.001 -16"><span class='ocrx_word' id='word_1_291' title='bbox 1221 2518 1465 2573; x_wconf 80' lang='lat' dir='ltr'>principum</span> <span class='ocrx_word' id='word_1_292' title='bbox 1494 2518 1722 2560; x_wconf 82' lang='lat' dir='ltr'>inclinatio</span> <span class='ocrx_word' id='word_1_293' title='bbox 1754 2518 1802 2559; x_wconf 78' lang='lat' dir='ltr'>in</span> <span class='ocrx_word' id='word_1_294' title='bbox 1833 2517 1923 2571; x_wconf 79' lang='lat' dir='ltr'>hos,</span> <span class='ocrx_word' id='word_1_295' title='bbox 1957 2516 2100 2572; x_wconf 77' lang='lat' dir='ltr'>offen-</span> 
     </span>
     <span class='ocr_line' id='line_1_46' title="bbox 1224 2575 2099 2632; baseline -0.003 -13"><span class='ocrx_word' id='word_1_296' title='bbox 1224 2579 1286 2619; x_wconf 88' lang='lat' dir='ltr'>sio</span> <span class='ocrx_word' id='word_1_297' title='bbox 1311 2577 1357 2617; x_wconf 88' lang='lat' dir='ltr'>in</span> <span class='ocrx_word' id='word_1_298' title='bbox 1386 2577 1498 2629; x_wconf 81' lang='lat' dir='ltr'>illos,</span> <span class='ocrx_word' id='word_1_299' title='bbox 1531 2591 1589 2618; x_wconf 86' lang='lat' dir='ltr'>an</span> <span class='ocrx_word' id='word_1_300' title='bbox 1608 2579 1662 2619; x_wconf 87' lang='lat' dir='ltr'>sit</span> <span class='ocrx_word' id='word_1_301' title='bbox 1685 2576 1850 2632; x_wconf 82' lang='lat' dir='ltr'>aliquid</span> <span class='ocrx_word' id='word_1_302' title='bbox 1870 2578 1916 2618; x_wconf 79' lang='lat' dir='ltr'>in</span> <span class='ocrx_word' id='word_1_303' title='bbox 1941 2575 2099 2617; x_wconf 76' lang='lat' dir='ltr'>nostris</span> 
     </span>
     <span class='ocr_line' id='line_1_47' title="bbox 1225 2635 2101 2692; baseline -0.003 -14"><span class='ocrx_word' id='word_1_304' title='bbox 1225 2635 1441 2688; x_wconf 88' lang='lat' dir='ltr'>consiliis,</span> <span class='ocrx_word' id='word_1_305' title='bbox 1487 2637 1696 2692; x_wconf 85' lang='lat' dir='ltr'>liceatque</span> <span class='ocrx_word' id='word_1_306' title='bbox 1727 2638 1842 2678; x_wconf 84' lang='lat' dir='ltr'>inter</span> <span class='ocrx_word' id='word_1_307' title='bbox 1876 2636 2101 2692; x_wconf 82' lang='lat' dir='ltr'>abruptam</span> 
     </span>
     <span class='ocr_line' id='line_1_48' title="bbox 1229 2694 2102 2752; baseline -0.003 -15"><span class='ocrx_word' id='word_1_308' title='bbox 1229 2697 1541 2737; x_wconf 85' lang='lat' dir='ltr'>contumaciam</span> <span class='ocrx_word' id='word_1_309' title='bbox 1574 2704 1612 2738; x_wconf 87' lang='lat' dir='ltr'>et</span> <span class='ocrx_word' id='word_1_310' title='bbox 1645 2697 1834 2752; x_wconf 80' lang='lat' dir='ltr'>deforme</span> <span class='ocrx_word' id='word_1_311' title='bbox 1862 2694 2102 2749; x_wconf 76' lang='lat' dir='ltr'>obsequium</span> 
     </span>
     <span class='ocr_line' id='line_1_49' title="bbox 1223 2753 2101 2812; baseline 0 -17"><span class='ocrx_word' id='word_1_312' title='bbox 1223 2769 1404 2812; x_wconf 72' lang='lat' dir='ltr'>perqere</span> <span class='ocrx_word' id='word_1_313' title='bbox 1439 2757 1522 2797; x_wconf 78' lang='lat' dir='ltr'>iter</span> <span class='ocrx_word' id='word_1_314' title='bbox 1555 2756 1786 2797; x_wconf 84' lang='lat' dir='ltr'>ambitione</span> <span class='ocrx_word' id='word_1_315' title='bbox 1825 2763 1864 2797; x_wconf 92' lang='lat' dir='ltr'>et</span> <span class='ocrx_word' id='word_1_316' title='bbox 1892 2753 2101 2812; x_wconf 73' lang='lat' dir='ltr'>periculis</span> 
     </span>
     <span class='ocr_line' id='line_1_50' title="bbox 1226 2829 1420 2856; baseline 0 -1"><span class='ocrx_word' id='word_1_317' title='bbox 1226 2829 1420 2856; x_wconf 82' lang='lat' dir='ltr'>vacuum.</span> 
     </span>
    </p>

    <p class='ocr_par' dir='ltr' id='par_1_8' title="bbox 1225 2871 2102 3642">
     <span class='ocr_line' id='line_1_51' title="bbox 1316 2871 2100 2927; baseline -0.006 -10"><span class='ocrx_word' id='word_1_318' title='bbox 1316 2876 1357 2917; x_wconf 85' lang='lat'>2.</span> <span class='ocrx_word' id='word_1_319' title='bbox 1411 2873 1589 2914; x_wconf 86' lang='lat' dir='ltr'>Praeter</span> <span class='ocrx_word' id='word_1_320' title='bbox 1635 2871 1758 2914; x_wconf 83' lang='lat' dir='ltr'>locos</span> <span class='ocrx_word' id='word_1_321' title='bbox 1803 2871 2100 2927; x_wconf 81' lang='lat' dir='ltr'>Epistularum</span> 
     </span>
     <span class='ocr_line' id='line_1_52' title="bbox 1228 2931 2099 2974; baseline -0.001 -1"><span class='ocrx_word' id='word_1_322' title='bbox 1228 2946 1329 2974; x_wconf 85' lang='lat' dir='ltr'>mox</span> <span class='ocrx_word' id='word_1_323' title='bbox 1376 2934 1419 2973; x_wconf 88' lang='lat' dir='ltr'>in</span> <span class='ocrx_word' id='word_1_324' title='bbox 1467 2938 1673 2973; x_wconf 81' lang='lat' dir='ltr'>contextu</span> <span class='ocrx_word' id='word_1_325' title='bbox 1722 2931 2099 2974; x_wconf 77' lang='lat' dir='ltr'>commentationis</span> 
     </span>
     <span class='ocr_line' id='line_1_53' title="bbox 1229 2990 2102 3034; baseline -0.001 -1"><span class='ocrx_word' id='word_1_326' title='bbox 1229 2992 1475 3034; x_wconf 82' lang='lat' dir='ltr'>afferendos</span> <span class='ocrx_word' id='word_1_327' title='bbox 1519 3005 1634 3033; x_wconf 91' lang='lat' dir='ltr'>nunc</span> <span class='ocrx_word' id='word_1_328' title='bbox 1676 2992 1732 3033; x_wconf 84' lang='lat' dir='ltr'>cf.</span> <span class='ocrx_word' id='word_1_329' title='bbox 1768 2991 1828 3033; x_wconf 86' lang='lat' dir='ltr'>lv</span> <span class='ocrx_word' id='word_1_330' title='bbox 1865 2993 1945 3034; x_wconf 85' lang='lat'>15:</span> <span class='ocrx_word' id='word_1_331' title='bbox 1989 2990 2102 3032; x_wconf 76' lang='lat' dir='ltr'>idem</span> 
     </span>
     <span class='ocr_line' id='line_1_54' title="bbox 1233 3049 2100 3106; baseline -0.003 -13"><span class='ocrx_word' id='word_1_332' title='bbox 1233 3052 1478 3093; x_wconf 85' lang='lat' dir='ltr'>Cornelium</span> <span class='ocrx_word' id='word_1_333' title='bbox 1516 3052 1724 3104; x_wconf 85' lang='lat' dir='ltr'>Tacitum,</span> <span class='ocrx_word' id='word_1_334' title='bbox 1767 3052 1850 3093; x_wconf 83' lang='lat' dir='ltr'>scis</span> <span class='ocrx_word' id='word_1_335' title='bbox 1882 3064 2002 3106; x_wconf 87' lang='lat' dir='ltr'>quem</span> <span class='ocrx_word' id='word_1_336' title='bbox 2032 3049 2100 3090; x_wconf 76' lang='lat' dir='ltr'>vi-</span> 
     </span>
     <span class='ocr_line' id='line_1_55' title="bbox 1230 3109 2100 3166; baseline -0.001 -15"><span class='ocrx_word' id='word_1_337' title='bbox 1230 3126 1348 3164; x_wconf 86' lang='lat' dir='ltr'>rum,</span> <span class='ocrx_word' id='word_1_338' title='bbox 1380 3118 1480 3152; x_wconf 86' lang='lat' dir='ltr'>arta</span> <span class='ocrx_word' id='word_1_339' title='bbox 1523 3110 1826 3166; x_wconf 80' lang='lat' dir='ltr'>familiaritate</span> <span class='ocrx_word' id='word_1_340' title='bbox 1859 3109 2100 3165; x_wconf 74' lang='lat' dir='ltr'>complexus</span> 
     </span>
     <span class='ocr_line' id='line_1_56' title="bbox 1230 3168 2100 3223; baseline -0.002 -12"><span class='ocrx_word' id='word_1_341' title='bbox 1230 3178 1303 3213; x_wconf 86' lang='lat' dir='ltr'>est.</span> <span class='ocrx_word' id='word_1_342' title='bbox 1368 3170 1425 3211; x_wconf 91' lang='lat' dir='ltr'>lX</span> <span class='ocrx_word' id='word_1_343' title='bbox 1463 3169 1515 3213; x_wconf 84' lang='lat'>14</span> <span class='ocrx_word' id='word_1_344' title='bbox 1547 3170 1598 3211; x_wconf 90' lang='lat' dir='ltr'>ad</span> <span class='ocrx_word' id='word_1_345' title='bbox 1631 3169 1851 3211; x_wconf 86' lang='lat' dir='ltr'>Tacitum:</span> <span class='ocrx_word' id='word_1_346' title='bbox 1898 3182 1980 3210; x_wconf 82' lang='lat' dir='ltr'>nec</span> <span class='ocrx_word' id='word_1_347' title='bbox 2009 3168 2100 3223; x_wconf 82' lang='lat' dir='ltr'>ipse</span> 
     </span>
     <span class='ocr_line' id='line_1_57' title="bbox 1229 3226 2101 3286; baseline -0.002 -16"><span class='ocrx_word' id='word_1_348' title='bbox 1229 3230 1304 3270; x_wconf 84' lang='lat' dir='ltr'>tibi</span> <span class='ocrx_word' id='word_1_349' title='bbox 1330 3229 1524 3286; x_wconf 82' lang='lat' dir='ltr'>plaudis,</span> <span class='ocrx_word' id='word_1_350' title='bbox 1559 3237 1599 3271; x_wconf 88' lang='lat' dir='ltr'>et</span> <span class='ocrx_word' id='word_1_351' title='bbox 1633 3243 1708 3285; x_wconf 70' lang='lat' dir='ltr'>eqo</span> <span class='ocrx_word' id='word_1_352' title='bbox 1738 3226 1849 3270; x_wconf 71' lang='lat' dir='ltr'>nihil</span> <span class='ocrx_word' id='word_1_353' title='bbox 1878 3229 2014 3284; x_wconf 65' lang='lat' dir='ltr'>magis</span> <span class='ocrx_word' id='word_1_354' title='bbox 2047 3239 2101 3268; x_wconf 69' lang='lat' dir='ltr'>ex</span> 
     </span>
     <span class='ocr_line' id='line_1_58' title="bbox 1225 3286 2099 3342; baseline -0.001 -13"><span class='ocrx_word' id='word_1_355' title='bbox 1225 3289 1308 3342; x_wconf 80' lang='lat' dir='ltr'>fide</span> <span class='ocrx_word' id='word_1_356' title='bbox 1354 3303 1479 3342; x_wconf 87' lang='lat' dir='ltr'>quam</span> <span class='ocrx_word' id='word_1_357' title='bbox 1533 3289 1582 3330; x_wconf 83' lang='lat' dir='ltr'>de</span> <span class='ocrx_word' id='word_1_358' title='bbox 1623 3296 1662 3330; x_wconf 89' lang='lat' dir='ltr'>te</span> <span class='ocrx_word' id='word_1_359' title='bbox 1695 3288 1850 3330; x_wconf 83' lang='lat' dir='ltr'>scribo.</span> <span class='ocrx_word' id='word_1_360' title='bbox 1915 3286 2099 3329; x_wconf 72' lang='lat' dir='ltr'>Posteris</span> 
     </span>
     <span class='ocr_line' id='line_1_59' title="bbox 1229 3347 2099 3402; baseline -0.002 -15"><span class='ocrx_word' id='word_1_361' title='bbox 1229 3362 1288 3388; x_wconf 88' lang='lat' dir='ltr'>an</span> <span class='ocrx_word' id='word_1_362' title='bbox 1323 3347 1470 3402; x_wconf 85' lang='lat' dir='ltr'>aliqua</span> <span class='ocrx_word' id='word_1_363' title='bbox 1503 3362 1611 3390; x_wconf 83' lang='lat' dir='ltr'>cura</span> <span class='ocrx_word' id='word_1_364' title='bbox 1645 3349 1783 3390; x_wconf 78' lang='lat' dir='ltr'>nostri</span> <span class='ocrx_word' id='word_1_365' title='bbox 1807 3347 1979 3388; x_wconf 80' lang='lat' dir='ltr'>nescio.-</span> <span class='ocrx_word' id='word_1_366' title='bbox 2020 3358 2099 3386; x_wconf 81' lang='lat' dir='ltr'>nos</span> 
     </span>
     <span class='ocr_line' id='line_1_60' title="bbox 1231 3405 2101 3460; baseline -0.003 -13"><span class='ocrx_word' id='word_1_367' title='bbox 1231 3415 1344 3448; x_wconf 88' lang='lat' dir='ltr'>certe</span> <span class='ocrx_word' id='word_1_368' title='bbox 1376 3421 1588 3449; x_wconf 83' lang='lat' dir='ltr'>meremur</span> <span class='ocrx_word' id='word_1_369' title='bbox 1627 3415 1672 3450; x_wconf 88' lang='lat' dir='ltr'>ut</span> <span class='ocrx_word' id='word_1_370' title='bbox 1710 3409 1763 3449; x_wconf 87' lang='lat' dir='ltr'>sit</span> <span class='ocrx_word' id='word_1_371' title='bbox 1796 3405 1965 3460; x_wconf 63' lang='lat' dir='ltr'>aliquan,-</span> <span class='ocrx_word' id='word_1_372' title='bbox 2013 3417 2101 3445; x_wconf 82' lang='lat' dir='ltr'>non</span> 
     </span>
     <span class='ocr_line' id='line_1_61' title="bbox 1231 3463 2100 3522; baseline -0.005 -14"><span class='ocrx_word' id='word_1_373' title='bbox 1231 3467 1324 3508; x_wconf 85' lang='lat' dir='ltr'>dico</span> <span class='ocrx_word' id='word_1_374' title='bbox 1374 3468 1547 3522; x_wconf 67' lang='lat' dir='ltr'>ingenio</span> <span class='ocrx_word' id='word_1_375' title='bbox 1597 3468 1660 3518; x_wconf 85' lang='lat' dir='ltr'>(id</span> <span class='ocrx_word' id='word_1_376' title='bbox 1691 3467 1802 3508; x_wconf 87' lang='lat' dir='ltr'>enim</span> <span class='ocrx_word' id='word_1_377' title='bbox 1841 3463 2100 3520; x_wconf 82' lang='lat' dir='ltr'>superbum),</span> 
     </span>
     <span class='ocr_line' id='line_1_62' title="bbox 1231 3523 2102 3568; baseline -0.006 0"><span class='ocrx_word' id='word_1_378' title='bbox 1231 3527 1304 3568; x_wconf 84' lang='lat' dir='ltr'>sed</span> <span class='ocrx_word' id='word_1_379' title='bbox 1339 3527 1477 3567; x_wconf 87' lang='lat' dir='ltr'>studio</span> <span class='ocrx_word' id='word_1_380' title='bbox 1511 3533 1551 3567; x_wconf 84' lang='lat' dir='ltr'>et</span> <span class='ocrx_word' id='word_1_381' title='bbox 1595 3526 1741 3568; x_wconf 85' lang='lat' dir='ltr'>labore</span> <span class='ocrx_word' id='word_1_382' title='bbox 1775 3531 1813 3566; x_wconf 87' lang='lat' dir='ltr'>et</span> <span class='ocrx_word' id='word_1_383' title='bbox 1854 3523 2102 3566; x_wconf 81' lang='lat' dir='ltr'>reverentia</span> 
     </span>
     <span class='ocr_line' id='line_1_63' title="bbox 1228 3592 1509 3642; baseline 0.007 -16"><span class='ocrx_word' id='word_1_384' title='bbox 1228 3592 1509 3642; x_wconf 80' lang='lat' dir='ltr'>posterorum.</span> 
     </span>
    </p>
   </div>
  </div>
 </body>
</html>
