2222 4022
163 259 344 310 quvm
955 259 1225 304 PROOEMII

281 405 542 470 Heinisch‚
563 404 937 459 Annotationes
964 404 1188 457 adloco‘s
1221 401 1469 470 quosdam
1485 401 1644 454 Taciti
1671 401 2006 455 difficiliores,

173 497 350 564 Progr.
412 496 538 548 Ibid.
585 495 732 548 1846.
795 495 844 546 4.

327 586 373 638 J.
414 586 571 650 Held,
633 585 1034 638 Observationes
1088 584 1140 636 in
1198 582 1514 636 difficiliores
1560 581 1809 649 quosdam
1859 582 2010 635 Corn.

181 678 345 730 Taciti
381 678 652 729 Annalium
692 677 855 729 locos
930 678 1106 745 Progr.
1169 676 1416 731 Suidnicii
1458 675 1606 729 1837.
1674 675 1724 726 4.

317 799 455 808 —--—
539 768 906 820 Commentatio
967 768 1032 819 de
1074 751 1174 820 3Cn.
1226 766 1347 819 Julii
1397 765 1677 834 Agricolae
1731 765 1834 817 vita
1887 779 2015 831 quae

188 859 345 927 vulgo
388 859 627 911 Cornelio
668 859 840 910 Tacito
881 858 1195 926 adsignatur.
1269 858 1394 911 Ibid.
1440 855 1588 910 1845.
1629 857 1678 907 4.

324 950 378 1002 C.
419 951 678 1015 HeraeuS‚
728 950 906 1003 Studia
958 950 1136 1002 critica
1183 949 1233 1000 in
1273 949 1534 1003 Medioeos
1585 944 1743 1001 Taciti
1779 945 2014 998 Codices.

175 1039 253 1091 Ps.
296 1041 332 1091 I.
411 1040 603 1092 Cassel.
648 1037 797 1093 1846.
852 1040 903 1092 8.

323 1131 544 1198 Herzog,
593 1131 1015 1182 Observationum
1053 1130 1232 1196 partic.
1274 1130 1366 1182 XII
1403 1129 1455 1179 in
1494 1143 1590 1194 qua
1628 1142 1761 1179 nova
1795 1129 2015 1177 tentatur

189 1222 539 1288 interpretatio
580 1221 681 1272 loci
722 1222 807 1287 qui
854 1219 934 1273 est
983 1222 1036 1272 in
1066 1222 1222 1273 Taciti
1269 1221 1371 1272 vita
1406 1220 1584 1286 Agric.
1640 1217 1770 1269 c.·6.
1844 1216 2015 1269 Ludos

185 1317 234 1364 et
273 1312 444 1363 inania
484 1312 697 1364 honoris
738 1316 834 1363 etc.
910 1313 1086 1378 Progr.
1165 1311 1328 1362 Gerae
1371 1310 1518 1363 1840.
1557 1307 1607 1360 4.

327 1433 466 1443 ·-——-
541 1402 898 1455 Observation.
955 1403 1132 1469 partic.
1179 1403 1294 1455 XIII
1349 1417 1446 1468 qua
1504 1386 1792 1453 continetur
1846 1397 2018 1450 brevis

180 1484 357 1545 contra
389 1493 622 1545 Wexium
663 1494 936 1559 disputatio
976 1494 1042 1545 de
1078 1493 1195 1545 loco
1233 1492 1392 1544 Tacit-i
1429 1492 1516 1558 qui
1551 1496 1631 1543 est
1665 1490 1843 1558 Agric.
1882 1503 1928 1541 c.
1966 1491 2014 1542 2.

177 1584 354 1651 Progr.
417 1583 543 1635 Ibid.
587 1582 735 1636 1841.
792 1582 841 1633 4.
2023 1583 2027 1587 ’

314 1675 398 1725 Ph.
442 1675 494 1726 C.
532 1675 692 1740 HeSS,
752 1674 937 1726 Variae
972 1674 1221 1725 lectiones
1255 1678 1304 1724 et
1341 1672 1731 1724 observationes
1768 1672 1821 1722 in
1856 1671 2014 1723 Taciti

184 1765 522 1817 Germaniam.
581 1765 856 1817 Comment.
899 1765 933 1815 I.
974 1765 1032 1816 II.
1075 1765 1157 1815 III.
1230 1763 1503 1815 Helmstad.
1540 1763 1688 1828 1827,
1721 1763 1804 1827 28,
1831 1759 1915 1814 34.
1967 1761 2017 1812 4.

317 1858 374 1909 Κ.
425 1855 782 1920 Hoffmeister‚
853 1855 1090 1923 Beitrage
1144 1870 1236 1906 zur
1292 1854 1684 1906 wissenschaftl.
1743 1853 2018 1906 Kenntniss

179 1947 270 2000 des
308 1947 506 1999 Geistes
545 1947 639 1998 der
675 1947 842 1999 Alten.
935 1947 978 1997 1.
1026 1945 1217 1997 Bdchn.
1258 1975 1324 1983 -—
1363 1946 1525 1996 Etiam
1562 1945 1655 1996 sub
1695 1944 1870 1996 titulo:
1931 1944 2014 1996 die

177 2039 650 2106 Weltanschauung
683 2038 773 2090 des
812 2037 1029 2088 Tacitus,
1103 2037 1268 2088 Essen
1313 2037 1461 2090 1831.
1518 2035 1568 2089 4„
1852 2086 1856 2090 .

317 2130 534 2197 Hoegg,
603 2130 680 2180 Ex
742 2129 794 2180 T.
844 2127 1094 2196 Agricola
1147 2127 1399 2180 PraefatIo
1467 2127 1731 2180 illustrata.
1838 2126 2016 2194 Progr-

182 2221 467 2289 Arnsberg.
515 2221 663 2273 1846.
724 2219 773 2270 4.

319 2313 398 2364 Fr.
438 2312 619 2376 Jacob,
661 2310 1062 2363 Observationes
1103 2311 1166 2361 ad
1202 2309 1359 2361 Taciti
1397 2310 1607 2361 annales
1645 2309 1854 2361 criticae
1889 2312 2016 2375 part.

189 2404 225 2455 1.
267 2403 325 2454 ΙΙ.
400 2403 577 2470 Progr.
650 2402 886 2454 Lubecae
930 2401 1078 2466 1837,
1117 2401 1200 2453 38.
1262 2402 1311 2451 4.

322 2524 461 2533 --
535 2493 935 2545 Observationes
979 2493 1043 2544 ad
1083 2491 1243 2544 Taciti
1281 2491 1523 2544 historias
1563 2490 1773 2542 criticae
1808 2494 1934 2557 part.
1976 2489 2012 2543 1.

183 2585 361 2652 Progr.
438 2584 562 2635 Ibid.
611 2583 759 2636 1839.
820 2582 869 2634 4.

324 2674 381 2726 G.
422 2675 749 2737 Kammerer,
803 2675 880 2726 De
917 2674 1089 2726 indole
1127 2690 1188 2726 ac
1227 2673 1387 2739 pretio
1426 2671 1659 2723 codicum
1700 2684 1821 2724 mss.
1859 2671 2019 2723 Taciti

179 2765 460 2832 Agricolae
528 2771 578 2817 et
654 2766 932 2816 editionum
995 2770 1114 2816 vett.
1185 2763 1247 2815 ad
1300 2762 1521 2830 Lipsium
1582 2776 1743 2828 usque
1813 2761 2015 2814 dissert.

180 2856 519 2908 Vratislaviae
562 2855 711 2908 1842.
775 2857 825 2907 8.

322 2947 443 2998 Iusti
469 2947 605 3013 Lipsi
635 2948 686 2998 in
707 2948 760 2999 C.
785 2946 1073 2999 Cornelium
1103 2945 1325 2996 Tacitum
1361 2948 1514 2996 notae
1539 2959 1649 2995 cum
1676 2945 2018 3012 manuscripto

183 3037 298 3088 cod.
336 3037 687 3090 Mirandulano
727 3038 944 3089 collatae
984 3054 1012 3089 a
1043 3037 1280 3102 Pompeio
1326 3037 1703 3102 Lampugnano.
1779 3036 2017 3104 Bet-gomi

188 3128 338 3181 1602.
392 3129 440 3179 8.
537 3128 638 3181 Sub
690 3128 830 3179 larva
868 3127 1213 3194 Lampugnani
1265 3127 1424 3178 latere
1461 3125 1792 3191 Marquardus
1829 3127 2020 3180 Freher

181 3220 320 3269 visus
363 3223 440 3269 est
475 3223 559 3270 aut
593 3218 887 3285 Hippolytus
927 3234 952 3268 a
981 3217 1203 3269 Collibus
1241 3222 1297 3279 (a
1329 3216 1513 3278 Colle).

321 3310 440 3360 lusti
483 3310 637 3376 Lipsii
693 3310 980 3375 dispunctio
1035 3302 1266 3359 notarum
1314 3307 1650 3359 Mirandulani
1703 3307 1898 3361 codicis
1956 3307 2019 3359 ad

185 3398 335 3449 Corn.
376 3401 616 3451 Tacitum.
689 3401 903 3452 Lovanii
948 3399 1096 3452 1602.
1137 3401 1185 3451 8.
2048 3392 2051 3396 ⁴

325 3489 370 3538 J.
410 3490 468 3538 H.
506 3491 558 3540 L.
605 3491 890 3555 Meierotto‚
923 3491 999 3541 De
1042 3489 1282 3553 fontibus,
1321 3503 1448 3555 quos
1477 3489 1676 3540 Tacitus
1718 3489 1769 3538 in
1807 3486 2018 3539 traden-

184 3576 261 3630 dis
287 3577 440 3631 rebus
471 3580 587 3630 ante
612 3593 668 3630 se
696 3581 856 3647 gestis
883 3578 1120 3633 videatur
1142 3584 1397 3646 sequutus.
1469 3577 1690 3631 Bemlini
1720 3576 1867 3630 1795.
1908 3575 2013 3630 Fol..
