2280 4004
235 262 325 327 12,ss
1037 261 1330 321 ANNALWM
1810 279 1850 311 a.
1883 276 1929 313 ι.
1963 266 2063 315 ⁷73.

236 409 527 475 extinctum,
568 422 744 465 verum
777 407 1005 468 immisso
1043 422 1365 475 percussore.
1442 409 1666 471 Quorum
1701 414 1934 465 neutrum
1968 410 2066 479 ad-

234 501 604 566 severaverim:
661 515 828 567 neque
889 504 1058 555 tamen
1099 501 1339 553 occulere
1390 501 1541 560 debui
1590 506 1847 555 narratum
1879 502 1954 556 ab·
1998 503 2063 555 iis

236 593 321 667 qui
357 598 583 655 nostram
620 593 682 656 ad
705 593 960 645 iuventam
990 593 1315 653 duraverunt.
1373 595 1564 651 Caesar
1599 595 1731 647 flexo
1773 594 1826 645 in
1857 594 2070 647 maesti-

234 683 355 735 tiam
395 699 503 750 ore,
544 699 686 736 suam
724 685 969 737 invidiam
1010 686 1098 737 tali
1117 673 1310 738 '“morte
1351 687 1630 753 quaesitam
1667 685 1798 752 apud
1838 689 2067 743 senatum

198 785 266 837 5*
304 789 336 825 »ει
387 773 684 840 crebrisque
732 774 1222 843 interrogationibus
1272 776 1491 843 exquirit
1536 775 1734 843 qualem
1767 777 1882 829 Piso
1935 776 2073 830 dinem

235 881 523 933 supremum
547 871 851 934 noctemque
878 868 1154 935 exegisset.
1210 868 1378 934 Atque
1414 867 1500 918 illo
1523 867 1767 934 pleraque
1791 867 2067 935 sapienter,

235 957 487 1023 quaedam
525 957 862 1011 inconsultius
896 959 1256 1026 respondente,
1295 959 1481 1017 recitat
1516 958 1782 1012 codicillos
1821 976 1851 1012 a
1882 958 2074 1016 Pisone
2112 953 2115 956 ’

234 1048 288 1099 in
323 1048 459 1100 hunc
496 1049 657 1103 ferme
694 1050 897 1103 modum
935 1051 1279 1117 compositos:
1312 1050 1715 1116 ‘conspiratione
1749 1050 2069 1103 inimicorum

237 1145 288 1191 et
323 1140 515 1192 invidia
551 1141 667 1193 falsi
707 1141 935 1195 criminis
974 1156 1265 1208 oppressuS‚
1304 1145 1549 1208 quatenus
1588 1140 1791 1195 veritati
1829 1145 1880 1192 et
1914 1140 2070 1195 inno-

174 1231 437 1287 nocentiae
483 1246 629 1283 meae
677 1246 924 1298 nusquam
984 1231 1129 1284 locus
1187 1236 1290 1297 est,
1361 1232 1486 1284 deos
1546 1231 1856 1286 immortales
1908 1236 2070 1285 testor

235 1323 429 1377 vixisse
467 1339 576 1390 me,
619 1324 838 1389 Caesar,
902 1340 1014 1375 cum
1051 1324 1151 1376 fide
1205 1323 1475 1376 adversum
1522 1328 1604 1389 te,
1663 1338 1830 1390 neque
1881 1322 1982 1377 alia
2015 1323 2069 1375 in

234 1418 447 1467 matrem
483 1419 619 1466 tuam
667 1416 885 1481 pietate3
939 1429 1137 1481 vosque
1179 1429 1302 1480 om,
1366 1415 1543 1468 liberis
1598 1415 1727 1467 meis
1773 1412 2068 1481 consulatis,

236 1521 301 1574 ex
339 1505 520 1572 quibus
568 1506 772 1559 Gnaeus
807 1506 923 1557 Piso
973 1506 1326 1572 qualicumque
1372 1507 1608 1559 fortunae
1645 1522 1791 1559 meae
1835 1519 1941 1557 non
1992 1508 2072 1557 est

236 1594 520 1661 adiunctus,
565 1611 678 1647 cum
716 1610 866 1647 omne
905 1595 1004 1646 hoc
1027 1599 1222 1661 tempus
1257 1595 1310 1645 in
1346 1595 1474 1652 urbe
1514 1595 1694 1663 egerit,
1729 1594 1931 1646 Marcus
1955 1592 2078 1649 Piso.

173 1703 220 1742 ιε,
234 1689 469 1751 repetere
511 1684 708 1752 Syriam
761 1685 1056 1737 dehortatus
1103 1691 1194 1737 est.
1295 1686 1462 1752 Atque
1514 1686 1704 1738 utinam
1756 1699 1856 1753 ego
1903 1684 2078 1752 potius-

235 1775 338 1827 filio
378 1776 550 1828 iuveni
582 1787 731 1842 quam
767 1773 854 1826 ille
894 1774 1025 1841 patri
1060 1775 1172 1826 seni
1211 1775 1469 1827 cessisset.
1525 1775 1600 1827 Eo
1640 1775 1924 1841 impensius,
1950 1788 2074 1841 pre-

359 1953 395 1994 1.
431 1950 534 1993 inm.
570 1950 625 1993 Μ.
688 1951 732 1994 3.
764 1951 981 1993 maestitia
1011 1965 1129 1993 more
1163 1951 1218 1994 M.
1296 1950 1338 1994 4.
1374 1958 1476 2008 aput
1509 1951 1563 1993 Μ.
1645 1951 1686 1995 5.
1721 1950 1895 2007 signum
1927 1949 2077 1996 hiatus

235 2009 289 2052 ab
323 2010 493 2053 editore
525 2015 605 2053 est.
672 2012 740 2054 10.
774 2012 876 2053 inm.
908 2011 963 2053 M.
1043 2012 1110 2054 13.
1147 2010 1338 2069 Gnaeus]
1379 2011 1427 2054 Ο.
1462 2012 1517 2054 N.
1551 2009 1607 2052 M.
1683 2012 1751 2054 14.
1783 2009 1845 2054 M.
1879 2009 1935 2054 Μ.
2001 2011 2070 2054 15.

235 2070 410 2127 Syriam
438 2070 494 2123 M,
530 2082 619 2114 nou
650 2071 841 2127 Suriam.
910 2070 977 2114 16.
1010 2071 1099 2127 inp.
1134 2070 1188 2114 Μ.
1920 2083 1924 2088 ·

323 2217 438 2274 apud
467 2223 675 2269 senatum,
697 2216 883 2259 Marco
916 2215 1110 2258 Pisone

236 2291 448 2329 coram,
519 2277 798 2331 queritur‚·
869 2276 1111 2330 crebrisque

234 2336 645 2392 interroqationihus
666 2337 851 2390 exquirit
874 2341 958 2377 cet.
993 2334 1112 2376 Haec

235 2396 331 2438 fere
357 2397 531 2452 integra
551 2396 775 2450 scriptoris
798 2394 935 2437 verba
951 2394 1111 2436 viden-

236 2461 306 2496 tur
338 2468 465 2498 esse:
497 2467 596 2497 nam
628 2455 700 2510 qui
723 2454 869 2496 locum
901 2466 989 2495 non
1014 2465 1111 2495 esse

236 2514 436 2556 mutilum
471 2513 754 2567 contendunt,
787 2514 958 2569 magnis
991 2512 1111 2556 difti-

238 2574 473 2616 cultatibus
519 2573 720 2627 impliciti
767 2579 984 2614 tenentur.
1047 2570 1113 2613 Ex

238 2639 387 2675 nostra
436 2632 524 2673 loci
583 2633 862 2674 restitutione
916 2637 1111 2686 apparet,

239 2694 337 2748 quis
354 2691 431 2733 ille
460 2692 531 2742 sit,
547 2691 662 2732 unde
687 2692 877 2746 exquirit
898 2689 1111 2743 Tiberius,

237 2751 412 2807 qualem
444 2750 543 2791 Piso
586 2750 699 2792 diem
743 2763 989 2804 supremum
1029 2762 1114 2790 no-

240 2817 442 2866 ctemque
497 2810 748 2865 exegisset,
804 2815 985 2863 apparet
1027 2821 1112 2864 quo

237 2869 454 2912 referatur
506 2881 747 2922 pronomen
797 2869 898 2922 illo,
951 2869 1113 2923 quique

236 2929 409 2971 Pisonis
455 2928 622 2970 litteras
670 2929 855 2982 principi
904 2927 1112 2970 attulerit.

239 2989 367 3040 Quod
392 2988 565 3030 iuvenis
584 2988 683 3030 Piso
705 2987 914 3042 pleraque
934 2988 1113 3041 sapien-

237 3053 319 3101 ter,
354 3047 565 3103 quaedam
599 3047 889 3088 inconsultius
922 3048 1113 3088 interro-

239 3109 361 3163 ganti
403 3106 576 3148 Tiberio
617 3106 897 3160 respondisse
938 3105 1112 3157 dicitur,

236 3168 384 3221 priora
414 3167 640 3221 pertinent
672 3165 725 3207 ad
758 3179 824 3217 ea,
857 3178 969 3220 quae
999 3164 1112 3206 lilius

239 3239 264 3268 a
295 3231 417 3280 patre
449 3225 615 3267 honora
648 3224 701 3266 de
721 3224 893 3266 Tiberio
927 3223 1109 3278 prolata,

238 3285 379 3327 altera
410 3284 587 3341 adjlla,
622 3297 734 3340 quae
765 3284 818 3326 ab
839 3282 992 3326 eodem
1015 3296 1110 3325 cum

239 3344 387 3399 aliqua
421 3343 616 3385 eiusdem
641 3345 933 3386 insectatione
965 3349 1009 3384 et
1040 3344 1111 3383 in-

238 3403 355 3445 vidia
375 3404 654 3457 pronuntiata
671 3402 820 3445 refert.
853 3401 908 3444 Et
922 3402 1110 3444 Marcum

238 3461 413 3518 quidem
461 3461 662 3504 Pisonem
708 3468 811 3503 tunc
861 3463 905 3503 in
957 3467 1110 3504 senatu

237 3522 400 3572 fuisse,
449 3521 587 3575 liquet
632 3535 685 3562 ex
718 3535 754 3564 c.
794 3522 872 3563 17:
926 3522 1112 3563 Tiberius

240 3579 553 3621 adulescentem
606 3581 783 3621 crimine
829 3579 966 3623 civilis
1015 3579 1115 3622 belli

235 3639 452 3699 purgavit.
512 3637 711 3683 Ibidem:
776 3639 954 3684 Marcus
1015 3640 1112 3685 Piso

1196 2223 1326 2258 exuta
1358 2215 1565 2271 dignitate
1609 2214 1877 2272 (senatoria)
1911 2239 1967 2247 —
1997 2227 2072 2257 re-

1196 2275 1429 2331 legaretur.
1476 2274 1582 2315 Cum
1616 2274 1669 2316 de
1702 2274 1911 2316 Plancina
1929 2279 2071 2316 actum

1198 2341 1285 2386 est,
1320 2333 1449 2376 etiam
1485 2333 1656 2375 Gnaeus
1690 2333 1851 2387 adsuit,
1897 2338 1946 2374 ut
1977 2346 2073 2375 ma-

1195 2394 1401 2435 nifestum
1446 2406 1500 2434 ex
1541 2394 1595 2433 iis
1627 2405 1739 2448 quae
1790 2406 1827 2434 c.
1864 2393 1940 2435 17:
1991 2406 2073 2436 ur-

1196 2460 1320 2509 9ente
1344 2452 1507 2494 Tiberio
1528 2451 1682 2494 liberos
1698 2451 1878 2505 Pisonis,
1893 2458 2074 2505 votatrem

1194 2515 1257 2555 uti
1288 2518 1522 2554 tuerentur.

1272 2644 1352 2686 per
1370 2628 1591 2685 collegium
1603 2627 1847 2670 consulatus
1862 2626 2074 2682 quondam

1199 2689 1293 2730 divo
1327 2688 1515 2746 Auqusto
1554 2689 1729 2744 parenti
1770 2694 1839 2729 tuo
1866 2687 2074 2743 probatus
2135 2696 2139 2699 ’

1200 2755 1239 2790 et
1271 2748 1345 2791 tibi
1376 2749 1562 2790 amicus:
1594 2746 1834 2803 collegium
1859 2745 1943 2788 hoc
1962 2758 2073 2794 con-

1198 2807 1364 2850 sulatus
1411 2807 1464 2849 ad
1512 2819 1671 2848 annum
1726 2807 1808 2850 747
1864 2807 2071 2864 pertinet,

1199 2880 1284 2924 quo
1315 2866 1512 2909 Tiberius
1546 2868 1703 2908 iterum
1737 2872 1780 2907 et
1820 2864 1920 2907 Piso
1962 2877 2072 2908 con-

1197 2927 1316 2969 sules
1335 2933 1472 2968 erant.
1529 2925 1615 2969 Sed
1634 2925 1835 2967 Pisonem
1854 2924 1939 2966 hoc
1958 2937 2072 2971 anno

1196 2989 1351 3029 iterum
1390 2985 1615 3028 consulem
1659 2985 1798 3028 fuisse
1841 2995 1962 3026 error
2009 2990 2075 3027 est

1199 3047 1483 3100 interpretum
1539 3050 1718 3085 auctore
1782 3044 1931 3098 Lipsio
1985 3043 2074 3086 late

1198 3105 1420 3158 dispersus
1453 3110 1496 3144 et
1528 3105 1572 3144 in
1615 3102 1803 3145 indicem
1845 3101 2074 3145 consulum

1198 3164 1227 3205 l.
1264 3163 1337 3206 LV
1379 3163 1561 3215 Dionis,
1608 3163 1737 3203 etiam
1782 3162 1826 3202 in
1872 3159 2074 3205 Almelo-

1199 3224 1328 3265 vceni
1377 3221 1528 3263 Fastos
1579 3219 1827 3262 translatus.
1893 3219 2075 3264 Scilicet

1199 3283 1272 3338 qui
1323 3294 1435 3322 anno
1490 3281 1573 3324 731
1625 3278 1777 3322 consul
1833 3284 1925 3321 erat
1975 3292 2073 3322 cum

1197 3343 1420 3397 Augusto,
1464 3346 1588 3394 pater
1629 3339 1712 3381 ruit
1753 3337 1925 3381 Gnaeus
1967 3336 2072 3379 Cal·-

1198 3402 1376 3454 purnius
1409 3399 1524 3452 Piso,
1556 3412 1643 3440 non
1676 3398 1805 3440 filins.
1865 3395 1992 3438 Conf.
2017 3394 2071 3438 ad

1197 3459 1235 3501 11
1257 3460 1328 3503 43.
1381 3458 1591 3514 Obsequii
1618 3464 1787 3511 tempus
1807 3461 1956 3497 noster
1969 3453 2070 3495 Piso

1199 3531 1284 3561 non
1333 3532 1357 3560 a
1405 3524 1609 3572 suscepto
1657 3515 1883 3558 consulatu
1925 3511 2002 3555 sed
2046 3525 2071 3554 a

1200 3584 1436 3635 quaestura
1512 3577 1810 3618 administrata
1874 3577 2073 3615 numerat

1199 3639 1394 3697 quinque
1426 3641 1471 3680 et
1498 3634 1784 3693 quadraginta
1815 3643 1967 3676 annos.
