2280 4004
249 299 312 345 18
1016 297 1309 349 ANNALIVM

1822 322 1864 355 a.
1895 311 1941 356 ιε’.
1973 303 2075 357 787.

245 446 509 515 Augustus
544 445 720 514 paucis
757 450 874 498 ante
907 446 1071 514 annis,
1110 460 1222 500 cum
1248 443 1452 501 TiberIo
1489 448 1819 505 tribuniciam
1845 457 2076 522 potesta*

245 542 348 591 tem
384 553 414 589 a
449 539 676 606 patribus
710 552 909 590 rursum
931 539 1230 605 postularet,
1271 553 1571 608 quamquam
1599 541 1796 596 honora
1821 546 2071 614 oratione,

247 631 495 698 quaedam
546 630 610 682 de
644 629 817 681 habitu
861 630 1094 705 cultuque
1140 636 1190 683 et
1226 631 1466 685 institutis
1504 632 1612 687 eius
1661 635 1898 710 iecerat,
1944 651 2076 706 quae

244 722 384 775 velut
421 721 716 776 excusando
759 721 1153 788 exprobraret.«--.

204 822 229 861 s
386 813 620 865 Ceterum
655 812 910 879 sepultura
946 827 1089 866 more
1126 815 1383 883 perfecta,
1440 811 1676 886 templum
1727 824 1777 872 et
1824 819 2074 872 caelestes

241 903 523 972 religiones
585 904 941 957 decernuntur.

1049 907 1242 959 Versae
1290 908 1410 962 inde
1466 910 1530 962 ad
1569 910 1825 964 Tiberium
1871 916 2155 979 preceS.11

238 995 304 1048 Et
339 995 426 1049 ille
447 997 591 1050 varie
629 997 931 1062 disserebat,
972 997 1036 1050 de
1066 999 1414 1066 magnitudine
1442 1001 1658 1068 imperii,
1687 1018 1778 1055 sua
1804 1003 2072 1056 modestia.

240 1087 413 1144 Solam
445 1088 550 1141 divi
575 1087 794 1157 Augusti
833 1094 1052 1142 mentem
1087 1095 1257 1144 tantae
1289 1092 1437 1145 molis
1474 1102 1741 1160 capacem:
1763 1096 1835 1146 'se
1863 1094 1917 1146 in
1951 1109 2077 1162 par-

238 1186 341 1233 tem
394 1195 628 1233 curarum
685 1181 747 1232 ab
801 1180 889 1231 illo
947 1185 1182 1233 vocatum
1246 1183 1558 1250 experiendo
1619 1182 1867 1238 didicisse
1925 1191 2074 1252 quam

175 1285 225 1328 ιο·
240 1272 483 1339 arduum,
561 1285 708 1340 quam
769 1272 1050 1325 subiectum
1111 1274 1346 1327 fortunae
1405 1276 1623 1343 regendi
1685 1281 1866 1330 cuncta
1924 1290 2072 1330 onus.

236 1363 458 1417 Proinde
491 1365 546 1415 in
581 1363 785 1417 civitate
819 1369 893 1416 tot
920 1363 1215 1417 inlustribus
1252 1366 1379 1418 viris
1416 1367 1632 1421 subnixa
1671 1380 1776 1420 non
1817 1367 1881 1421 ad
1919 1374 2074 1422 unum

238 1456 409 1510 omnia
449 1456 735 1509 deferrent:
790 1456 962 1523 plures
1012 1457 1213 1509 facilius
1253 1459 1421 1511 munia
1467 1460 1544 1512 rei
1579 1461 1815 1527 publicae
1842 1461 2072 1514 sociatis

235 1548 499 1602 laboribus
544 1553 866 1601 executuros.

941 1548 1054 1600 Plus
1105 1548 1158 1599 in
1195 1550 1430 1601 oratione
1481 1550 1569 1602 tali
1620 1551 1880 1619 dignitatis
1924 1560 2073 1619 quam

233 1640 353 1694 fidei
395 1644 531 1705 erat3
585 1640 892 1707 Tiberioque
934 1640 1085 1692 etiam
1112 1640 1192 1691 ‘in
1242 1640 1398 1693 rebus
1452 1654 1577 1708 quas
1635 1637 2071 1708 non'occuleret,
2124 1712 2129 1715 ἢ

170 1739 329 1786 isseu
375 1737 556 1785 natura
606 1732 717 1784 sive
773 1732 1138 1798 adsuetudine,
1197 1747 1444 1801 suspensa
1499 1747 1701 1800 semper
1750 1738 1801 1786 et
1852 1734 2073 1787 obscura

235 1823 425 1890 verba,
475 1829 595 1876 tunc
632 1838 758 1876 vero
793 1821 973 1875 nitenti
1012 1828 1066 1874 ut
1118 1838 1300 1876 sensus
1338 1837 1460 1876 suos
1497 1825 1696 1890 penitus
1736 1825 1977 1892 abderet,
2019 1825 2073 1877 in

235 1915 486 1970 incertum
524 1920 574 1968 et
608 1915 899 1983 ambiguum
935 1915 1100 1983 magis
1137 1915 1539 1982 implicabantur.
1613 1916 1681 1969 At
1717 1920 1917 1983 patre5‚
1956 1917 2074 1984 qui-

351 2036 393 2080 5.
421 2036 620 2093 perfecta
652 2047 750 2078 cum
780 2033 948 2078 lineola
977 2046 1110 2090 super
1141 2048 1170 2077 a
1201 2034 1256 2078 Μ.
1318 2035 1359 2078 7.
1392 2034 1545 2078 variae
1575 2034 1631 2081 Μ.

235 2096 305 2140 16.
333 2096 534 2155 poenitus
564 2095 620 2138 M.

230 2213 344 2257 nihil
365 2214 604 2256 attinuerit.
660 2213 726 2256 De
747 2211 962 2254 Pollionis
986 2213 1110 2253 inso-

232 2275 343 2317 lenti
386 2274 560 2315 luxuria
594 2272 764 2315 Seneca
805 2271 1022 2327 legendus
1056 2271 1109 2312 de

229 2333 471 2385 Ira11140,
506 2332 560 2374 de
594 2330 840 2374 Clementia
868 2330 888 2371 Ι
913 2330 981 2384 18,
1015 2329 1108 2371 Pli-

227 2396 328 2436 nius
357 2392 410 2435 N.
435 2392 487 2433 H.
514 2391 573 2433 lx
593 2392 651 2435 39
685 2392 789 2448 (23)
826 2396 869 2432 et
901 2389 957 2431 78
985 2390 1106 2446 (53),

226 2452 522 2496 Tertullianus
556 2451 610 2493 de
643 2450 782 2492 Pallio
817 2450 859 2492 5.
904 2448 1109 2491 Decessit

227 2526 267 2555 a.
301 2511 414 2555 739:
438 2509 522 2553 Dio
546 2509 641 2551 LIV
662 2511 734 2554 23.
767 2508 834 2551 De
857 2508 977 2550 Matii
1002 2507 1107 2549 luxu

229 2570 479 2613 Columella
509 2569 587 2611 XII
617 2568 810 2621 44-46,
843 2566 1011 2609 Plinius
1031 2567 1108 2611 ΧΠ

233 2630 262 2673 6
296 2633 397 2686 (2),
440 2629 520 2671 XV
569 2629 637 2671 15.
704 2627 830 2670 Conf.
866 2627 1106 2671 Suetonius

231 2689 396 2732 Domit.
431 2690 503 2732 21.
574 2688 722 2730 Tedius
753 2686 864 2742 Afer
897 2687 1103 2742 (Sueton.

229 2749 346 2805 Aug.
368 2749 467 2804 27),
495 2747 649 2790 consul
673 2747 944 2803 designatus,
970 2745 1104 2788 Octa-

225 2808 349 2850 viani
381 2808 425 2848 in
450 2808 727 2848 triumviratu
750 2805 1027 2848 adversarius
1061 2812 1105 2848 et

225 2866 279 2909 ab
313 2867 398 2908 hoc
431 2866 484 2907 ad
515 2872 699 2908 mortem
732 2871 889 2920 sponte
922 2878 1103 2908 sumen..

226 2926 323 2968 dam
357 2931 462 2967 tunc
495 2931 635 2978 actus,
672 2924 776 2967 huic
799 2925 899 2966 loco
922 2926 1103 2967 minime

225 2991 353 3040 aptus
377 2990 457 3036 est,
484 2996 628 3039 eoque
654 2984 733 3025 sub
758 2984 905 3036 Quinti
925 2985 1103 3026 nomine

223 3044 414 3087 admisso
437 3043 648 3085 historiae
670 3042 779 3084 fides
794 3044 1100 3096 corrumpitur.

224 3102 459 3158 Copiosius
478 3103 532 3145 de
551 3115 604 3145 eo
625 3102 843 3156 disputavi
863 3103 907 3143 in
932 3102 1101 3143 Diariis

221 3163 505 3218 Antiquitatis
524 3162 632 3204 stud.
658 3175 696 3204 a.
725 3162 835 3204 1841
860 3174 901 3216 p.
929 3161 1101 3203 1195—-

222 3223 357 3267 2000.
423 3221 626 3264 Ceterum
653 3221 707 3263 de
732 3221 863 3262 Matio
897 3225 998 3262 ante
1030 3233 1100 3262 me

223 3283 441 3338 cogitavit
463 3281 810 3334 Freinshemius,
836 3279 914 3323 sed
936 3291 1099 3334 appro-

221 3339 328 3382 bare
352 3343 652 3383 coniecturam
685 3352 807 3382 suam
830 3352 919 3381 non
940 3339 1097 3394 potuit.

311 3414 405 3441 cum
435 3415 480 3442 se
513 3399 676 3457 templis
713 3406 753 3441 et
785 3399 923 3455 effiyie
954 3399 1099 3440 numi-

219 3469 390 3499 num—
408 3460 491 3499 coli
509 3460 661 3501 vellet.-
695 3459 809 3500 hanc
840 3458 1098 3513 particulam

226 3528 281 3556 ex
313 3518 447 3558 variis
493 3518 547 3558 de
578 3519 779 3574 Augusto
822 3517 1097 3560 sermonibus

219 3585 313 3616 non
347 3588 400 3618 eo
434 3575 506 3617 die
538 3588 623 3631 quo
658 3577 856 3629 sepultus
898 3582 987 3630 est,
1021 3576 1098 3619 sed

222 3632 396 3676 demum
416 3640 516 3689 post
529 3636 768 3689 proximam
790 3641 966 3677 senatus
987 3648 1096 3676 con-

219 3692 519 3750 sultationem,
550 3706 635 3752 qua
653 3693 849 3751 templum
882 3702 921 3737 et
950 3693 1096 3737 caele-

1715 2035 1783 2079 13.
1817 2044 1958 2080 exsec.
1993 2030 2067 2080 or.

1192 2218 1278 2253 stes
1302 2209 1534 2266 religiones
1556 2210 1906 2254 decernebantur
1927 2213 1991 2268 (c.
2015 2210 2067 2255 11

1193 2271 1332 2327 init),
1367 2271 1568 2312 iactatam
1600 2284 1698 2312 esse
1719 2271 1969 2317 existimare
1986 2270 2068 2313 de-

1191 2329 1360 2371 bemus.
1453 2329 1626 2371 ludices
1691 2328 1758 2372 illi
1819 2330 2068 2372 severiores

1189 2388 1392 2444 Augusto
1425 2390 1536 2430 vitio
1570 2393 1747 2431 vertunt
1779 2401 1892 2445 quae
1925 2402 1950 2432 a
1980 2402 2065 2444 pa-

1189 2447 1328 2489 tribus
1347 2455 1583 2502 praesente
1599 2447 1773 2490 Tiberio
1793 2447 1949 2501 honori
1970 2450 2067 2491 eius

1188 2507 1352 2549 tributa
1374 2513 1490 2550 sunt.
1523 2508 1590 2551 De
1612 2506 1853 2550 honoribus
1865 2507 2066 2565 Augusto

1190 2567 1388 2620 collatis,
1433 2567 1533 2608 dum
1575 2568 1620 2608 in
1654 2567 1770 2610 vivis
1804 2573 1922 2620 erat,
1955 2566 2067 2610 haec

1187 2626 1382 2682 intelligi
1396 2639 1484 2668 non
1499 2633 1707 2681 possunt:
1731 2626 1929 2670 flamines
1947 2627 2065 2668 enim

1190 2691 1234 2727 et
1266 2685 1519 2728 sacerdotes
1563 2691 1663 2741 post
1694 2692 1879 2728 mortem
1913 2691 1958 2728 et
1988 2699 2064 2728 se-

1186 2745 1405 2800 pulturam
1431 2747 1617 2800 accepit.
1741 2745 2064 2803 comparatione

1187 2805 1434 2858 deterrima,
1467 2805 1511 2847 h.
1548 2818 1587 2847 e.
1623 2806 1949 2860 comparatione
1981 2804 2063 2846 de-

1186 2867 1365 2907 terrime
1409 2864 1461 2907 ab
1493 2865 1695 2922 Augusto
1741 2866 1967 2922 quaesita,
2014 2868 2065 2904 ut

1185 2924 1269 2966 sibi
1303 2923 1513 2967 honorem
1534 2929 1708 2979 peteret
1731 2937 1786 2968 ex
1816 2923 1945 2967 malis
1976 2932 2062 2978 pu-

1184 2983 1328 3025 blicis.

1275 3041 1380 3095 Cap.
1402 3043 1468 3084 11.
1505 3042 2058 3085 ceterum—decernuntur.-

1188 3100 1256 3142 his
1287 3100 1439 3142 verbis
1482 3101 1623 3143 altera
1665 3107 1842 3143 senatus
1876 3101 2058 3143 consul-

1183 3161 1290 3201 tatio
1325 3165 1424 3213 post
1447 3159 1607 3202 Tiberii
1641 3161 1878 3202 adventum
1910 3159 2058 3202 habita

1183 3218 1444 3260 describitur
1486 3219 1531 3260 in
1577 3232 1717 3274 eaque
1749 3218 1921 3261 Tacitus
1951 3232 2057 3262 ver.

1182 3284 1303 3320 satur
1334 3290 1474 3334 usque
1508 3277 1562 3320 ad
1593 3277 1723 3321 finem
1757 3293 1795 3321 c.
1834 3278 1901 3322 15.
1963 3277 2056 3322 na-

1183 3351 1268 3392 que
1300 3350 1389 3379 non
1420 3337 1534 3379 bene
1568 3337 1678 3380 haec
1721 3348 1747 3379 a
1779 3337 2055 3394 subsequen-

1181 3397 1297 3438 tibus
1330 3396 1522 3438 discreta
1545 3396 1809 3439 exhibentur
1839 3398 1882 3439 in
1904 3396 2054 3438 multis

1182 3456 1467 3498 editionibus.

1276 3516 1519 3570 Tiberioque
1530 3539 1587 3548 --
1608 3523 1813 3571 suspensa
1830 3527 1997 3570 semper
2013 3520 2055 3555 et

1181 3575 1363 3618 obscura
1382 3575 1539 3616 verba.-
1576 3586 1789 3627 suspensa
1819 3577 1920 3615 sunt
1950 3572 2052 3628 qui-

1180 3634 1262 3675 bus
1305 3634 1430 3676 deest
1468 3632 1821 3686 fundamentum,
1866 3630 2051 3674 obscura

1182 3705 1294 3749 quae
1346 3698 1495 3735 carent
1557 3691 1737 3734 lumine.
1845 3689 2051 3749 Utrisque
