2202 3952
1730 25 1756 47 f*
1786 32 1797 42 .·
1970 28 1990 42 ..2

1615 40 1811 101 122³stss
1837 78 1851 102 ,ε
1872 41 2031 105 :Ais
2048 83 2079 101 a

405 989 1153 1095 PRooEMIvM
1220 993 1848 1068 EDITORIS.

654 1338 1158 1391 BREVIARIVM
1212 1339 1609 1391 PROOEMII.

390 1494 486 1536 Vita
520 1492 714 1535 Cornelii
766 1493 902 1535 Taciti
943 1508 1037 1550 cap.
1074 1494 1096 1536 1
1110 1494 1250 1536 -17.
1355 1493 1474 1535 Vitae
1522 1494 1655 1535 Taciti
1710 1496 2044 1539 conscribendae

213 1571 355 1625 sontes
395 1575 435 1609 et
475 1568 546 1622 qui
586 1574 686 1608 ante
726 1568 982 1623 scripserint
1016 1568 1103 1622 (1).
1203 1568 1338 1609 Taciti
1378 1569 1556 1608 nomina
1598 1575 1637 1608 et
1683 1582 1822 1611 annus
1867 1570 2042 1612 natalis.

215 1642 362 1683 Error
410 1640 516 1683 Iusti
562 1640 699 1696 Lipsii
747 1643 828 1697 (2).
942 1640 1224 1696 Municipium
1270 1641 1522 1682 Interamna
1570 1641 1712 1681 Tacito
1760 1644 1909 1697 patria
1961 1646 2041 1701 (3).

215 1714 284 1756 Ad
321 1722 461 1756 artem
505 1714 675 1756 dicendi
716 1714 918 1768 quomodo
959 1714 1234 1768 informatus.
1316 1714 1526 1769 Dialoyus
1571 1714 1621 1754 cle
1668 1714 1920 1757 Oratoribus
1966 1732 2043 1771 quo

216 1788 392 1831 consilio
440 1795 478 1830 et
527 1787 694 1843 quando
737 1787 871 1828 editus
883 1802 898 1840 ,·
960 1788 1144 1829 iniustae
1201 1786 1250 1828 de
1306 1793 1481 1827 auctore
1537 1787 1819 1828 dubitationes
1867 1791 2042 1846 (4-5),

221 1863 355 1905 Tacit-i
387 1864 528 1904 cautio
577 1870 615 1904 et
657 1864 893 1905 moderatio
940 1862 1012 1903 sub
1052 1862 1249 1917 principe
1285 1861 1530 1902 Domitiano
1574 1858 1655 1917 (6‘5.
1743 1861 1839 1903 Post
1869 1872 2046 1905 mortem

216 1936 452 1994 Agricolae
483 1938 614 1979 vitam
644 1938 786 1979 soceri
815 1937 968 1978 absens
999 1936 1052 1976 ab
1087 1935 1191 1976 urbe
1223 1934 1410 1975 scribere
1455 1949 1596 1975 secum
1628 1936 1789 1990 αῃίεαι,
1843 1951 1942 1978 moae
1972 1941 2045 1979 in-

219 2019 382 2068 ceptum
412 2012 585 2052 interim
618 2012 767 2054 omittit
799 2014 879 2066 (7).
943 2009 1060 2051 Idem
1079 2009 1291 2051 Historias
1327 2009 1564 2062 imperante
1591 2008 1838 2050 Domitiano
1872 2019 2044 2067 coeptas

218 2084 333 2139 apud
378 2099 421 2126 se
468 2085 637 2125 retinet.
732 2083 1024 2134 Honorificum
1057 2080 1318 2133 Quintiliani
1355 2080 1404 2120 de
1445 2094 1491 2120 eo
1535 2077 1753 2122 iudicium.
1845 2083 1949 2123 Alia
1994 2084 2043 2124 de

218 2157 422 2198 Historiis
440 2158 526 2214 (8).
589 2154 823 2211 Ayricolae
855 2155 944 2195 vita
975 2167 1090 2194 anno
1121 2154 1179 2196 97
1212 2159 1391 2194 exeunte
1422 2153 1585 2207 scripta
1617 2159 1656 2193 et
1687 2155 1816 2206 edita,
1846 2158 2043 2210 proximo

220 2231 438 2272 Historiae
471 2230 695 2285 evulgatae
728 2235 768 2270 et
799 2228 1049 2270 Germania.
1125 2227 1359 2268 Germania
1400 2227 1616 2282 appendix
1657 2233 1699 2268 et
1730 2242 1866 2269 comes
1898 2230 2044 2271 Histo-

215 2306 385 2349 r’mrum
414 2305 498 2360 (9).
563 2303 849 2358 Eloquentiae
881 2301 1075 2352 studium,
1110 2314 1188 2354 quo
1227 2300 1470 2341 Domitiano
1499 2301 1697 2355 principe
1727 2308 1768 2342 et
1794 2308 1889 2357 post
1917 2303 2045 2354 finem

218 2379 307 2420 eius
345 2378 487 2433 floruit
519 2378 629 2434 (10).
709 2375 945 2417 Annalium
985 2373 1389 2415 conscribendorum
1434 2387 1566 2414 caasa
1615 2373 1728 2430 (11).
1807 2374 2044 2415 Annalium

218 2451 319 2493 libri
338 2451 638 2506 duodeviyinti‚
671 2462 758 2489 non
789 2448 983 2498 sedecim,
1012 2447 1300 2488 Historiarum
1327 2446 1558 2499 duodecim,
1593 2460 1680 2487 non
1709 2448 2044 2501 quattuordecim

221 2525 452 2581 (f2—13).
530 2523 784 2578 Aryumenti
815 2529 994 2575 utroque
1026 2533 1151 2577 opere
1193 2520 1370 2561 tractati
1415 2520 1640 2575 descriptio
1675 2521 1786 2577 (14).
1849 2520 2044 2563 Annales

214 2597 387 2653 *qnando
419 2597 522 2638 editi
555 2597 668 2652 (15).
743 2595 894 2636 Vennum
924 2596 1066 2650 operis
1108 2607 1262 2634 nomen
1295 2600 1334 2634 et
1367 2593 1569 2648 quomodo
1604 2594 1777 2649 differat
1807 2594 1861 2634 ab
1897 2593 2041 2636 Histo-

215 2672 297 2714 riis
329 2671 441 2727 (w).
511 2670 678 2712 Tacitus
717 2668 902 2710 Traiano
940 2682 1028 2708 non
1061 2668 1131 2708 diu
1161 2675 1386 2724 superstes.
1471 2667 1615 2723 Opera
1639 2668 1854 2723 promissa
1886 2675 1925 2715 et
1957 2681 2044 2710 non

209 2748 424 2802 (perfecta.
490 2743 762 2785 Facetiarnm
794 2741 900 2785 liber
933 2742 1045 2797 (17).

387 2817 613 2859 Librorum
642 2816 776 2857 Taciti
802 2821 897 2870 post
928 2822 1103 2855 mortem
1123 2815 1218 2867 sata
1249 2827 1342 2868 cap.
1372 2813 1559 2855 18-31.
1629 2814 1764 2861 Taciti
1788 2815 2044 2870 scriptorum

217 2905 360 2948 pauca
393 2889 682 2946 exemplaria3
725 2888 886 2943 neqliyi
917 2888 1091 2943 incipit,
1126 2894 1163 2928 et
1198 2887 1344 2941 quibus
1378 2887 1518 2928 causis
1552 2887 1661 2944 (18).
1733 2887 1867 2928 Taciti
1899 2902 2044 2930 exem-

216 2965 335 3022 plum
365 2966 553 3019 sequitur
586 2963 836 3004 Ammianus
862 2961 1145 3003 Marcellinus
1177 2961 1288 3018 (19).
1357 2960 1523 3001 Tacitus
1557 2974 1644 3000 non
1679 2961 1846 3015 ignotus
1867 2961 2043 3003 Aurelio

231 3038 406 3089 Victori,
429 3037 475 3078 S.
498 3037 754 3090 Hieronymo
773 3034 1002 3092 (20-21).
1069 3033 1242 3074 Orosius
1264 3033 1476 3074 Historias
1499 3034 1709 3088 cognovit,
1732 3047 1819 3074 non
1837 3033 2043 3086 Annales,

219 3109 435 3165 Sulpicius
457 3108 663 3159 Annales,
695 3120 782 3148 non
807 3107 1018 3148 Historias
1037 3107 1265 3162 (22-23).
1327 3106 1482 3156 Quinto
1512 3104 1652 3146 seculo
1682 3104 1868 3146 Tacitum
1899 3107 2046 3161 magni

217 3184 326 3236 facit
355 3181 557 3223 Sidonius
589 3179 855 3236 Apollinaris
887 3181 997 3236 (24).
1063 3179 1158 3219 Iam
1189 3177 1435 3219 delitescere
1465 3178 1645 3233 incipit,·
1677 3179 1845 3232 iynotus
1867 3178 2042 3218 Cassio-

221 3255 324 3295 doro
358 3257 467 3311 (25).
542 3254 606 3295 De
646 3255 788 3295 Tacito
833 3251 1047 3294 silentium
1093 3265 1222 3306 usque
1264 3251 1322 3292 ad
1359 3264 1518 3292 nonum
1559 3264 1587 3291 a
1621 3251 1789 3291 Christo
1832 3250 2042 3303 seculum3

223 3327 458 3382 Ruodolsnoe
492 3327 742 3375 Fuldensis3
776 3325 910 3366 codex
939 3327 1027 3366 iam
1050 3325 1265 3366 Mediceus
1293 3326 1418 3380 prior
1451 3323 1550 3364 olim
1572 3322 1791 3363 Fuldensis
1821 3323 1902 3376 suit
1924 3325 2040 3379 (26).

223 3400 340 3442 Idem
382 3398 518 3441 seculi
550 3399 684 3452 quinti
731 3398 883 3440 decimi
920 3398 1136 3453 principio
1170 3397 1330 3438 Futctae
1366 3397 1478 3437 visus
1523 3394 1590 3435 vel
1622 3394 1892 3449 Hersfeldiae
1926 3398 2039 3451 (27).

222 3473 403 3527 Reliqua
436 3471 535 3513 libri
565 3475 685 3526 [ωας
723 3471 856 3512 eodm:
894 3472 1027 3513 Taciti
1064 3471 1333 3512 corbeiensis
1365 3467 1506 3510 nullus
1541 3469 1652 3524 (28.
1720 3467 1865 3509 Codeoe
1899 3467 2042 3510 Medi-

223 3561 319 3589 ceus
349 3546 460 3587 alter
485 3545 595 3602 (29).
663 3544 837 3585 Habitus
873 3551 910 3585 et
942 3542 1104 3585 indoles
1124 3543 1339 3596 utriusque
1373 3541 1530 3583 codicis
1558 3541 1668 3599 (30).
1737 3540 1855 3583 Libri
1885 3552 2041 3584 mame-

222 3619 372 3674 scripti
402 3616 503 3660 ltine
535 3616 703 3660 deducti
739 3615 850 3674 (31).
937 3604 939 3606 ι
