2280 4004
216 265 245 302 a
272 251 324 299 G.
355 253 430 302 60.
773 251 939 298 LIBER
967 250 1084 299 XIV.
1146 249 1254 297 CA».
1286 252 1478 298 20—22.
1961 252 2050 304 19⁸7

217 414 367 454 aures
426 398 606 454 studiis
662 398 892 452 honestis
953 404 1003 452 et
1056 398 1418 465 voluptatibus·
1456 396 1719 450 concessis
1771 396 2048 463 impertire.

215 492 459 546 Laetitiae
494 491 657 559 magis
694 506 842 558 quam
879 490 1125 543 lasciviae
1165 490 1276 541 dari
1309 505 1498 556 paucas
1532 490 1685 542 totius
1717 490 2048 557 quinquennii

215 588 412 648 nocteS,
457 582 636 649 quibus
669 587 805 633 tanta
827 582 941 634 luce
967 581 1159 649 ignium
1189 581 1314 632 nihil
1336 581 1581 633 inlicitum
1610 580 1855 632 occultari
1883 586 2047 648 queat.

217 673 351 728 Sane
403 673 540 725 nullo
593 673 783 740 insigni
835 673 1286 725 dehonestamento
1342 672 1394 722 id
1442 671 1784 738 spectaculum
1835 673 2047 724 transiit.

215 757 296 812 Ac
331 773 397 810 ne
434 757 638 809 modica
677 756 880 823 quidem
929 757 1096 809 studia
1145 756 1308 822 plebis
1359 771 1633 821 exarsere,
1689 757 1805 822 quia
1861 756 2086 811 redditis

216 862 516 915 quamquam
542 862 731 900 scenae
751 847 1043 914 pantomimi
1067 846 1425 900 certaminibus
1447 847 1611 898 sacris
1633 847 2048 913 prohibebantur.

213 938 547 1006 Eloquentiae
581 938 768 1004 primas
805 953 954 991 nemo
997 938 1138 1004 tulit,
1196 938 1289 992 sed
1331 938 1579 990 victorem
1629 953 1743 990 esse
1778 937 2050 990 Caesarem

212 1029 602 1098 pronuntiatum.
693 1028 876 1081 Graeci
931 1028 1178 1095 amictuS,
1238 1028 1348 1096 quis
1403 1043 1494 1094 per
1533 1042 1629 1080 eos·
1675 1028 1785 1080 dies
1821 1028 2049 1095 plerique

210 1121 551 1186 incesserant,
587 1125 689 1171 tum
727 1119 1074 1172 exoleverant.

128 1220 200 1270 22
350 1212 486 1265 Inter
522 1226 652 1277 quae
691 1215 741 1263 et
778 1210 920 1263 sidus
961 1216 1184 1263 cometes
1223 1209 1441 1274 effulsit3
1480 1209 1545 1262 dc
1579 1223 1677 1276 quo
1703 1209 1845 1277 vulgi
1872 1208 2043 1276 opinio
2065 1222 2112 1257 io

213 1307 292 1356 est
327 1291 579 1369 tamquam
613 1301 940 1354 mutationem
979 1303 1155 1369 regnis
1194 1300 1478 1368 portendat.
1553 1301 1711 1368 Igitur
1766 1300 1910 1366 quasi
1942 1300 2047 1351 iam

213 1393 426 1461 depulso
452 1394 658 1446 Nerone
696 1393 926 1459 quisnam
955 1392 1267 1460 deligeretur
1293 1391 1643 1458 anquirebant.
1729 1392 1791 1443 Et
1827 1391 2050 1442 omnium

214 1500 305 1538 ore
337 1484 596 1538 Rubellius
634 1483 834 1535 Plautus
876 1484 1178 1549 celebratur,
1223 1483 1303 1534 cui
1338 1483 1575 1535 nobilitas
1615 1498 1706 1550 per
1739 1487 1950 1535 matrem
1986 1497 2050 1534 ex

210 1576 335 1630 Iulia
390 1575 595 1628 familia.
670 1575 784 1641 Ipse
839 1575 1024 1642 placita
1059 1575 1306 1626 maiorum
1345 1574 1574 1639 colebat,
1631 1574 1803 1626 habitu
1839 1588 2043 1639 severo,

212 1672 353 1720 casta
396 1671 447 1719 et
482 1671 684 1721 secreta
721 1666 904 1732 dom0‚
950 1671 1237 1733 quantoque
1273 1672 1408 1718 metu
1446 1665 1723 1731 occultior,
1762 1670 1900 1717 tanto
1935 1664 2046 1732 plus
2068 1679 2112 1715 15

210 1759 377 1812 famae
409 1758 637 1826 adeptuS.
689 1759 845 1810 Auxit
870 1773 1125 1810 rumorem
1159 1759 1270 1825 pari
1306 1758 1527 1810 vanitate
1555 1763 1665 1810 orta
1698 1759 2047 1825 interpretatio

211 1850 444 1918 fulguris.
517 1850 643 1903 Nam
702 1849 819 1917 quia
875 1849 1239 1902 discumbentis
1297 1850 1517 1903 Neronis
1575 1850 1706 1916 apud
1764 1850 2049 1903 Simbruina

214 1947 428 2012 stagna,
483 1941 593 2009 quis
646 1941 984 2009 Sublaqueum
1023 1957 1209 1995 nomen
1244 1948 1347 2008 est,
1405 1942 1537 1994 ictae
1577 1942 1733 2008 dapes
1773 1957 2050 2009 mensaque

334 2083 374 2125 1.
406 2082 625 2141 impertire
660 2080 740 2136 Ma,
773 2083 999 2139 impartire
1038 2083 1086 2125 G.
1190 2086 1232 2128 2.
1273 2083 1343 2124 let.
1373 2081 1453 2125 Ma.
1561 2084 1702 2139 potius
1732 2081 1823 2124 Ma:
1857 2083 2049 2124 correxit

211 2141 400 2197 Lipsius.
490 2142 533 2185 3.
567 2141 704 2184 nichil
736 2141 814 2185 Ma.
916 2141 981 2185 ill.
1017 2142 1089 2185 Or.
1191 2146 1234 2185 4.
1269 2143 1427 2184 transit
1459 2140 1585 2184 GMa:
1629 2143 1819 2184 correxit
1853 2142 2043 2196 Lipsius.

211 2201 255 2244 6.
289 2213 446 2256 quanq.
479 2199 559 2243 Ma.
651 2215 838 2243 scaenae
871 2200 950 2242 Ma.
1043 2202 1087 2244 8.
1118 2202 1240 2257 greci
1261 2201 1342 2244 Ma.
1421 2202 1600 2244 amictus
1624 2201 1702 2254 Ma,
1735 2201 1812 2242 sed
1847 2201 2046 2255 syllabae

211 2261 300 2302 ami
330 2273 460 2302 manu
491 2263 660 2302 recenti
693 2262 738 2302 in
768 2274 934 2303 rasura.
1056 2275 1080 2315 q
1111 2273 1329 2315 superscr.
1363 2274 1386 2301 o
1421 2262 1473 2316 (i.
1509 2275 1547 2302 e.
1584 2265 1686 2318 quo)
1721 2259 1809 2314 Ma,
1854 2274 1955 2314 quos
1988 2260 2043 2302 G:

214 2318 464 2362 emendavit
497 2319 754 2362 Groslotius.
856 2321 923 2364 10.
955 2334 1031 2375 que
1063 2318 1143 2362 Ma.
1241 2323 1308 2363 11.
1345 2326 1462 2374 tanq.
1497 2318 1577 2361 Ma.
1671 2321 1785 2376 reyis
1816 2319 1908 2361 Ma:
1943 2332 2045 2361 cor-

212 2379 328 2420 rexit
362 2378 591 2421 Bentleius
628 2379 681 2420 ad
713 2380 874 2422 Lucan.
913 2381 935 2421 1
969 2379 1069 2423 529.
1227 2381 1295 2422 13.
1340 2380 1384 2420 in
1415 2392 1457 2421 v.
1492 2379 1665 2420 Plautus
1714 2381 1898 2433 primum
1929 2393 1958 2420 u
1991 2392 2045 2420 ex

214 2450 311 2480 corr
340 2435 422 2480 Ma.
520 2437 763 2480 celebratur
794 2437 861 2480 Ma
893 2452 988 2480 cum
1025 2438 1209 2492 ceteris,
1243 2451 1354 2491 non,
1403 2443 1449 2479 ut
1480 2444 1626 2480 narrat
1658 2437 1744 2480 Iac.
1782 2437 2043 2491 Gronovius,

213 2496 465 2540 celebratus.
530 2497 723 2539 Muretus
757 2498 1069 2540 celebrabatur.
1201 2498 1267 2541 16.
1314 2511 1486 2540 rumore
1519 2496 1600 2540 Ma.
1723 2498 2040 2554 interpretatio]

211 2556 331 2598 intra
361 2558 480 2613 (cum
511 2555 678 2599 lineola
708 2570 840 2612 super
873 2557 957 2600 litt.
992 2564 1020 2610 t,
1054 2557 1083 2600 i.
1119 2570 1158 2600 e.
1192 2558 1238 2599 in
1270 2559 1426 2614 terra).
1461 2564 1500 2599 et
1533 2558 1620 2600 atio
1653 2561 1760 2614 (non
1793 2558 1927 2613 actio)
1951 2555 2042 2598 Ma:

213 2621 456 2659 correctum
487 2616 601 2658 inest
634 2616 683 2659 G.
793 2616 860 2659 18.
884 2618 975 2672 quis
1007 2616 1171 2659 editor:
1206 2616 1381 2659 codices
1411 2618 1495 2659 cui.
1553 2646 1557 2650 ,
1609 2617 1692 2658 icte
1711 2615 1791 2659 Ma.

212 2741 413 2786 laborare
453 2744 546 2787 noli
585 2746 816 2800 suspicari.
886 2746 1083 2788 Halmius
1169 2747 1300 2789 dubie
1347 2746 1489 2800 hunc,
1545 2759 1633 2788 non
1684 2746 1870 2789 alterum
1917 2747 2042 2789 illum

213 2809 300 2845 tum
329 2803 542 2859 intelligit
572 2804 626 2846 de
648 2804 799 2847 seculo
817 2805 1082 2858 Neroniano,
1168 2807 1270 2848 anni
1300 2807 1512 2850 64:817
1559 2806 1662 2861 (XV
1692 2807 1798 2863 47),
1847 2808 2042 2860 respexit

213 2873 300 2917 quo
344 2861 498 2904 Graeci
547 2864 730 2905 amictus
776 2863 854 2905 sub
901 2864 1082 2906 Claudio
1168 2865 1431 2919 Apollonius
1458 2865 1657 2920 Myndius
1690 2865 1804 2919 apud
1830 2866 2040 2908 Senecam

214 2921 342 2962 asciti
387 2920 495 2976 (Dio
541 2921 615 2962 LX
661 2923 712 2979 6)
762 2922 1082 2977 exolevissent,
1168 2924 1220 2966 N.
1243 2925 1293 2976 Q.
1322 2925 1398 2966 Vll
1434 2927 1514 2977 17,
1549 2926 1718 2967 Seneca
1748 2926 1844 2979 ipse
1879 2925 1955 2966 Vll
1985 2927 2040 2968 21

214 2991 294 3034 per
324 2991 488 3034 paucos
530 2979 624 3022 dies
668 2982 806 3025 festos
841 2984 971 3024 etiam
1003 2983 1083 3024 sub
1170 2989 1214 3025 et
1237 2984 1309 3027 29.
1368 2985 1477 3026 Mire
1507 2984 1676 3025 dubitat
1693 2983 1898 3026 OrelliuS.
1946 2984 2040 3025 Pli-

214 3038 389 3082 Nerone
436 3041 648 3082 revocati.
722 3040 818 3083 Non
869 3044 1085 3084 assentior
1170 3044 1268 3084 nius
1292 3043 1342 3085 N.
1370 3043 1420 3085 H.
1445 3043 1482 3084 11
1514 3045 1586 3086 23.
1635 3044 1813 3085 Sueton.
1846 3043 1946 3085 Ner.
1966 3042 2039 3085 36.

216 3110 361 3154 neque
409 3097 641 3140 obscurum
672 3099 866 3142 Tacitum
911 3108 1086 3155 praeter
1170 3101 1253 3143 Dio
1303 3102 1394 3143 LXI
1441 3102 1508 3144 18.
1664 3108 1702 3142 et
1742 3102 1927 3141 omnium
1967 3115 2042 3141 ore

216 3157 524 3200 necessitatem
547 3158 827 3202 reddiderim.
887 3159 971 3202 Dio
1003 3174 1086 3202 au-
1170 3160 1392 3202 Rubellius
1437 3159 1611 3201 Plautus
1654 3158 1921 3201 celebratur:
1968 3159 2040 3199 hic

215 3220 303 3258 tem
335 3215 434 3258 loco
467 3216 659 3259 indicato
695 3218 807 3260 nihil
840 3219 970 3260 tradit
1000 3221 1085 3261 nisi
1170 3225 1218 3259 ut
1265 3219 1371 3259 alibi
1428 3231 1634 3272 praesens
1691 3222 1863 3272 tempus
1913 3218 2041 3273 eligit

217 3274 447 3317 Claudium
499 3274 731 3318 Caesarem
794 3276 980 3331 Neapoli
1041 3280 1086 3320 in
1170 3277 1343 3319 Tacitus
1366 3277 1439 3319 ubi
1460 3289 1621 3319 novum
1651 3282 1724 3318 aut
1755 3276 2039 3319 memorabile

217 3333 527 3377 certaminibus
541 3336 719 3377 musicis
736 3335 902 3378 Graeco
925 3338 1085 3378 amictu
1171 3335 1424 3378 tradendum
1458 3336 1604 3379 habet.

216 3399 261 3436 et
305 3393 439 3436 soleis
484 3393 754 3447 incessisse,
802 3395 845 3436 h.
890 3409 929 3438 e.
972 3395 1087 3438 inter
1261 3395 1462 3437 nobilitas
1499 3409 1578 3450 per
1618 3401 1798 3436 matrem
1839 3409 1892 3435 ex
1924 3394 2040 3435 Iulia

217 3452 405 3496 Graecos
438 3457 481 3494 et
507 3454 622 3495 inter
651 3453 777 3496 ludos
810 3453 976 3496 Graece
1010 3468 1088 3497 ce-
1171 3454 1368 3510 familia:
1399 3468 1441 3497 v.
1476 3460 1622 3495 annot.
1662 3452 1715 3494 ad
1748 3452 1844 3494 Xlll
1884 3453 1952 3495 19.

214 3511 406 3555 lebratos
439 3511 603 3555 Graeco
636 3512 787 3555 habitu
819 3513 977 3555 fuisse.
1150 3543 1160 3552 .
1275 3514 1389 3569 apud
1426 3513 1677 3555 Simbruina
1720 3520 1897 3568 stagna,
1947 3513 2038 3566 quis

305 3571 410 3626 Cap.
444 3574 516 3616 22.
587 3571 701 3615 sidus
734 3579 937 3615 cometes:
972 3573 1087 3615 conf.
1174 3571 1456 3627 Sublaqueum
1473 3585 1626 3614 nomen
1649 3577 1732 3613 est:
1750 3575 2037 3627 sontesaqua-

219 3627 400 3675 Octavia
424 3636 650 3685 praetexta
673 3644 716 3675 v.
731 3633 819 3678 230
839 3644 932 3688 sqq.
968 3632 1090 3674 Haud
1174 3645 1267 3673 rum
1317 3632 1571 3675 Simbruinis
1626 3629 1800 3674 collibus
1841 3631 2037 3673 deductos
