2280 4004
233 304 265 341 ,ι
293 290 343 336 G.
375 291 449 341 47.
829 287 994 334 LIBER
1022 287 1098 335 xl.
1153 286 1268 334 (lm.
1305 287 1434 333 1—2.
2029 288 2059 328 8

235 448 420 500 parare
457 432 553 483 iter
589 430 652 482 ad
691 429 1023 485 Germanicos
1056 428 1330 492 exercitus,
1366 424 1573 492 quando
1611 423 1811 492 genitus
1835 424 2062 477 Viennae

239 525 504 589 multisque
545 528 595 574 et
629 522 812 573 validis
836 518 1290 587 propinquitatibus
1324 518 1570 573 subnixus
1604 517 1810 568 turbare
1846 515 2063 583 gentiles

239 617 472 668 nationes
498 619 777 681 promptum
805 613 1035 667 haberet.
1109 612 1176 663 At
1200 610 1438 665 Claudius
1475 609 1600 661 nihil
1635 609 1763 660 ultra
1793 612 2061 672 scrutatus,

243 707 354 759 citis
396 722 507 757 cum
545 705 814 768 militibus,
873 708 1126 769 tamquam
1178 701 1510 768 opprimendo
1558 701 1722 765 belm,
1782 699 2065 765 Crispinum

239 796 482 863 praetorii
528 795 837 861 praefectum
878 794 1038 857 misit3
1099 809 1129 844 a
1182 807 1282 858 quo
1334 796 1564 858 repertus
1606 796 1682 843 est
1732 790 1861 857 apud
1896 789 2104 854 BaiaS‚5

192 886 524 952 2vin'clisque
552 885 725 944 inditis
754 884 806 934 in
842 884 1018 941 urbem
1043 888 1232 950 raptus.
1304 884 1480 949 Neque
1514 883 1628 935 data
1657 887 1862 934 senatus
1887 880 2064 947 copia:

241 979 373 1029 intra
411 976 694 1034 cubiculum
728 975 958 1040 auditur,
1010 975 1282 1031 Messalina
1323 984 1520 1038 eoram,
1575 978 1630 1027 ,et
1667 973 1841 1026 Suillio
1885 986 2069 1025 corru-

241 1069 462 1135 ptionem
500 1067 725 1132 militum,
765 1080 891 1131 quos
918 1067 1138 1132 pecunia
1178 1070 1226 1116 et
1259 1070 1432 1130 stupro
1472 1065 1524 1117 in
1562 1065 1697 1117 omni
1735 1064 1930 1130 flagitio
1969 1063 2069 1116 01),-

241 1159 444 1210 strictos
484 1157 757 1224 arguebat,
815 1157 934 1207 exin
974 1156 1272 1210 adulterium
1309 1156 1599 1221 Poppaeae,
1659 1170 1719 1207 ac
1757 1159 2066 1220 postremum

241 1249 501 1302 mollitiam
531 1248 760 1314 eorporis
786 1248 1091 1299 obiectante.
1151 1247 1233 1301 Ad
1262 1247 1397 1312 quod
1431 1247 1569 1299 victo
1600 1245 1808 1297 silentio
1841 1245 2068 1311 prorupit
2084 1257 2133 1293 vio

241 1355 377 1405 τους,
423 1345 473 1391 et
501 1337 798 1406 ‘interroga’
836 1339 1013 1405 inquit,
1046 1338 1235 1403 ‘Suilli,
1276 1337 1410 1391 filios
1451 1342 1598 1390 tuos:
1634 1337 1797 1389 virum
1839 1351 1955 1388 esse
1987 1351 2067 1386 me

243 1429 563 1483 fatebuntur?
634 1430 1004 1497 Ingressusque
1045 1429 1414 1493 defensionem,
1456 1432 1708 1481 commoto
1742 1427 1986 1481 maiorem
2018 1426 2071 1477 in

243 1520 448 1572 modum
486 1519 713 1584 claudie,
751 1519 1056 1574 Messalinae
1094 1534 1295 1585 quoque
1329 1518 1565 1573 lacrimas
1600 1517 1803 1569 excivit.
1880 1516 2071 1578 Quibus

247 1610 511 1663 abluendis
550 1610 782 1661 cubiculo
821 1610 1094 1678 egrediens
1129 1614 1302 1662 monet
1344 1609 1612 1674 Vitellium,
1656 1624 1720 1659 ne
1763 1607 1896 1659 elabi
1930 1622 2071 1658 reum

367 1745 406 1786 1.
439 1743 594 1785 uienne
628 1739 708 1785 Ma.
805 1743 848 1785 3.
881 1742 1039 1784 habere
1073 1775 1118 1796 .‚.

245 1801 326 1845 Ma.
419 1803 460 1846 7.
496 1801 736 1844 Messalina
765 1799 856 1844 Ma:

250 1864 319 1908 13.
355 1861 581 1904 messaline
612 1860 693 1904 Ma.

1298 1739 1391 1784 Ma„
1428 1739 1703 1793 emendatum
1733 1741 1779 1782 in
1813 1738 1861 1782 G.
1936 1737 2076 1783 :nichil

1152 1746 1264 1800 (sm)
1319 1802 1360 1844 9.
1390 1815 1529 1858 poppe
1560 1798 1640 1843 Ma.
1722 1802 1790 1844 12.
1810 1799 1976 1847 maiore
1995 1796 2072 1840 Ma.

893 1802 940 1845 M
942 1801 1148 1845 essallina
1179 1801 1226 1845 G.

284 2007 287 2009 .
338 1962 422 2006 Gai
463 1962 694 2004 Caesaris:
737 1961 970 2019 legebatur
1000 1961 1119 2004 Cae-

248 2022 376 2075 saris,
397 2021 476 2063 sed
504 2033 770 2076 praenomen
792 2021 948 2063 abesse
966 2023 1119 2076 utique

249 2093 336 2123 non
371 2082 526 2135 potuit.
590 2079 658 2122 Cf.
692 2080 709 2122 1
742 2081 815 2132 32,
851 2080 888 2122 V
926 2082 964 2133 1,
1002 2081 1060 2122 Vl
1092 2081 1120 2122 3

250 2146 295 2182 et
325 2140 353 2183 9
386 2146 430 2181 et
462 2142 520 2183 20
551 2145 595 2181 et
625 2140 684 2182 32
716 2145 760 2182 et
787 2138 846 2182 45
879 2145 923 2180 et
950 2140 1031 2192 50,
1065 2138 1122 2180 XI

248 2200 291 2250 3,
325 2198 407 2240 XII
438 2200 520 2249 22,
565 2197 664 2242 Xlll
707 2199 730 2240 1
764 2203 809 2239 et
847 2199 901 2251 3,
940 2198 1014 2239 XV
1048 2199 1118 2241 72.

250 2258 301 2300 H.
336 2257 353 2298 1
381 2257 453 2310 48,
488 2257 641 2309 11168,
677 2257 714 2298 V
735 2258 777 2300 9.
810 2257 863 2299 A.
894 2258 959 2300 13.
977 2257 1026 2299 G.
1047 2258 1119 2300 37.

252 2317 419 2358 Caesar
460 2316 718 2371 simpliciter
763 2316 850 2358 dici
894 2321 1041 2370 potest
1086 2317 1122 2357 is

250 2377 453 2430 princeps
487 2377 611 2418 cuius
636 2388 707 2419 res
736 2381 890 2431 gestae
910 2377 954 2417 in
975 2376 1122 2431 operis

252 2441 459 2477 contextu
491 2441 740 2487 narrantur,
775 2440 822 2476 ut
853 2433 914 2475 111
948 2435 1025 2488 75,
1062 2434 1122 2476 1v

250 2494 279 2538 6
322 2500 366 2536 et
408 2494 465 2537 59
509 2500 553 2535 et
589 2494 651 2536 64
694 2499 804 2546 eet.‚
856 2493 929 2534 vel
969 2495 1006 2535 is
1048 2495 1123 2549 qui

250 2554 447 2607 proxime
491 2553 578 2595 alio
622 2552 800 2595 nomine
839 2553 950 2595 isatis
1005 2559 1124 2594 certe

253 2612 507 2668 designatus
551 2618 642 2665 est3
684 2618 730 2653 ut
762 2611 813 2654 H.
851 2611 887 2653 V
920 2611 979 2654 9:
1026 2612 1126 2653 dein

251 2672 358 2714 iussi
389 2685 417 2713 a
453 2673 560 2714 Gaio
594 2672 784 2714 Caesare
817 2671 999 2726 effigiem
1036 2673 1125 2713 eius

252 2731 300 2771 in
331 2730 482 2787 templo
514 2731 661 2773 locare
690 2744 815 2772 arma
836 2731 977 2786 potius
1008 2745 1125 2772 sum-

247 2802 403 2845 psere,
437 2803 557 2844 quem
586 2797 742 2832 motum
777 2789 981 2831 Caesaris
1011 2803 1126 2830 mors

257 2847 446 2899 diremit3
485 2849 542 2890 cf.
579 2849 616 2889 ll
647 2851 674 2891 2
707 2854 750 2890 et
781 2849 824 2900 3,
858 2847 931 2889 ubi
967 2848 1126 2904 Augu-

258 2911 350 2947 stus
383 2911 484 2947 ante
527 2908 775 2948 nominatus
818 2919 919 2947 mox
962 2907 1128 2948 Caesar

259 2964 534 3017 appellatum
587 2965 624 3005 V
673 2967 717 3017 1,
774 2964 848 3006 ubi
894 2965 1129 3007 Caesarem

260 3034 358 3064 esse
380 3022 667 3066 Octavianum
701 3037 756 3066 ex
788 3030 996 3066 contextu
1023 3038 1129 3067 ver-

259 3081 410 3123 borum
443 3089 485 3125 et
505 3081 796 3137 praecedente
814 3085 1131 3126 triumvirorum

254 3142 436 3183 nomine
464 3141 628 3197 liquet;
666 3142 720 3183 vl
740 3142 812 3194 50,
845 3143 917 3184 ubi
944 3145 1128 3197 primum

263 3199 395 3241 Gaius
428 3200 614 3254 Caesar,
647 3206 738 3241 tum
771 3201 951 3243 Caesar.
1013 3201 1130 3244 Idem

254 3270 526 3311 praenomen
559 3272 596 3300 c.
630 3259 688 3303 29
719 3261 924 3302 omissum
972 3261 1015 3302 in
1050 3272 1131 3301 co·-

262 3316 431 3358 dicibns
478 3323 522 3359 et
573 3316 819 3371 suppletum
871 3332 895 3359 a
946 3317 1130 3369 Fuci-no,

262 3381 492 3430 praeterea
525 3389 562 3417 c.
583 3376 626 3427 8,
660 3375 733 3416 ubi
766 3390 791 3417 a
821 3390 890 3418 me
923 3376 1128 3418 additum.

262 3435 404 3476 Etiam
452 3433 641 3477 Orellius
689 3435 733 3475 in
776 3436 1032 3488 scripturam
1079 3435 1127 3476 C.

266 3494 470 3536 Caesaris
503 3493 754 3545 inclinabat,
784 3494 859 3534 sed
882 3494 1131 3547 praenomi-

265 3553 333 3595 nis
364 3559 509 3594 notam
554 3553 831 3605 interponere
872 3565 958 3593 non
1001 3564 1132 3593 ausus

268 3618 350 3654 est.
412 3610 476 3654 De
510 3624 556 3654 re
589 3611 800 3654 videndus
834 3617 899 3653 est
930 3610 1014 3653 Dio
1045 3610 1135 3652 LIX

254 3670 352 3716 -.Ὧι
370 3672 469 3718 ἐπεὶ
488 3670 541 3718 δὲ
566 3665 618 3720 τὸ
637 3667 962 3733 δορυφορικὸν
984 3673 1135 3728 (Prae-

1196 1962 1382 2018 turiani)
1405 1960 1679 2019 ἐταράττετο
1704 1962 1783 2003 καὶ
1802 1959 2076 2010 διαθέοντες

1198 2020 1530 2066 ἐπυνθάνοντο
1573 2025 1641 2069 τίς
1673 2020 1819 2065 Γάὶον
1847 2022 2072 2094 ἔσφαξεν,

1205 2080 1462 2152 Οὐαλέριος
1491 2079 1766 2148 Ἀσιατικός,
1800 2073 1920 2137 ἀνὴρ
1954 2079 2077 2122 ὕπα-

1201 2152 1305 2183 reim
1310 2157 1385 2192 υς
1419 2131 1703 2211 aavfflaorev
1734 2137 1787 2189 δή
1822 2154 1931 2182 τινα
1966 2138 2077 2207 τρό-

1199 2215 1294 2243 πον
1337 2197 1505 2247 αὐτους
1552 2198 1813 2255 ἡσύχασεν,
1859 2191 2079 2243 ἄνελθών

1201 2260 1250 2307 ἐς
1292 2262 1555 2316 πεοιᾳανίς
1593 2273 1634 2300 τι
1677 2262 1856 2331 χωρίον
1894 2261 1971 2300 καὶ
2003 2259 2078 2300 ἐκ·

1200 2317 1378 2373 βοήσας
1403 2317 1525 2360 ‘si‘fle
1561 2309 1657 2374 ἐγω
1696 2310 1842 2361 αὐτὸν
1876 2315 2076 2360 ‹incnd-

1200 2376 1330 2422 vew’.
1380 2378 1764 2449 καταπλαγέντες
1794 2371 1892 2432 γὰρ
1926 2375 2079 2420 ἐπαύ-

1205 2451 1349 2481 σαντο
1382 2436 1463 2478 τοῦ
1493 2436 1716 2498 θορύβου
1762 2434 1934 2476 Tacitus
1968 2434 2078 2476 haec

1201 2496 1247 2536 in
1281 2494 1516 2536 Annalium
1545 2500 1701 2536 octavo
1741 2493 1852 2535 libro
1885 2499 2077 2535 extremo

1203 2560 1469 2596 narraverat.

1293 2627 1381 2654 non
1428 2613 1669 2654 eoetimuisse
1720 2613 1988 2654 contionem.-
2033 2618 2080 2652 ut

1205 2678 1350 2726 patres
1383 2673 1428 2713 in
1462 2673 1649 2724 curiam,
1692 2673 1757 2712 sic
1800 2671 1987 2725 populus
2034 2673 2079 2712 in

1203 2732 1346 2773 sorum
1388 2736 1656 2773 convenerat
1710 2731 1924 2772 trucidato
1973 2730 2079 2771 Gaio

1203 2790 1409 2843 Caesare,
1444 2790 1594 2845 ibique
1629 2792 1878 2831 contionem
1913 2789 2079 2830 tumul-

1207 2855 1399 2890 tuantem
1446 2850 1667 2891 Asiaticus
1711 2848 1914 2900 sedavit3
1962 2849 2078 2890 conf.

1205 2907 1419 2962 losephus
1451 2908 1504 2949 A.
1539 2908 1571 2950 1.
1607 2907 1703 2949 xlx
1738 2911 1755 2950 1
1794 2910 1837 2959 δ.
1872 2909 1943 2951 20.

1296 2966 1431 3008 didita
1464 2972 1530 3008 est
1550 2979 1640 3008 vox
1664 2968 1877 3008 sermonis
1897 2967 2079 3020 poetici.

1210 3025 1308 3068 Vid.
1342 3025 1515 3069 Lucret.
1550 3025 1609 3067 lv
1643 3028 1744 3069 241.
1783 3025 1939 3081 Virgil.
1968 3026 2079 3066 Aen.

1211 3084 1290 3126 Vll
1328 3083 1424 3136 144,
1462 3085 1560 3126 Vlll
1597 3086 1693 3127 132.
1786 3083 1965 3138 yentites
1993 3096 2080 3123 na-

1209 3144 1372 3185 tiones:
1406 3143 1462 3184 cf.
1496 3145 1550 3184 ad
1586 3142 1641 3183 Vl
1673 3144 1745 3184 32.

1301 3200 1404 3254 Gap.
1448 3203 1490 3244 2.
1549 3201 1769 3256 prorupit,
1805 3199 1847 3239 h.
1884 3212 1921 3239 e.
1955 3204 2083 3252 rupta

1210 3270 1322 3301 voce
1349 3258 1626 3299 exclamavit.
1669 3258 1826 3299 Notum
1854 3263 1919 3298 est
1947 3257 2082 3314 ῥῆξαι

1212 3312 1381 3375 φωνὴν
1422 3322 1466 3358 et
1509 3331 1705 3372 rumpere
1745 3330 1889 3356 vocem
1920 3327 1944 3356 a
1982 3317 2083 3356 Vir-

1213 3376 1323 3431 gilio
1393 3377 1664 3428 potissimum
1740 3375 2081 3429 frequentatum.

1214 3435 1432 3475 Asiaticus
1452 3434 1677 3487 desperata
1699 3446 1800 3474 usus
1823 3433 2083 3475 defensione

1215 3498 1409 3546 stuprum
1443 3493 1627 3545 fatetur,
1675 3491 1751 3533 sed
1784 3491 2004 3546 pathicnm
2035 3506 2084 3534 se

1217 3551 1354 3593 fuisse
1387 3558 1548 3608 negat,
1581 3553 1711 3593 immo
1746 3550 1858 3592 hanc
1890 3552 2084 3607 ignomi-

1217 3611 1332 3653 niam
1363 3611 1410 3651 in
1442 3610 1586 3654 Suillii
1635 3610 1750 3652 filios
1794 3624 1818 3652 a
1849 3623 1948 3653 sese
1979 3610 2084 3655 olim

1217 3668 1452 3726 muliebria
1478 3681 1632 3731 passos
1663 3675 1902 3730 retorquet.
1950 3709 1955 3712 ⁷
2012 3706 2015 3708 .
2056 3705 2060 3711 .
