2280 4004
227 289 318 334 102

226 431 490 485 iecissent.

223 525 347 577 litus
393 525 576 577 faciem
618 539 710 575 suo
754 538 965 588 cruore,
1023 538 1089 575 ne
1124 527 1441 575 nosceretur.

1001 284 1293 331 ANNALIVM

1805 300 1847 334 a.
1875 298 1921 332 u.
1954 285 2055 334 ⁷69.

564 432 687 486 Nisu
724 436 891 484 tamen
930 431 1161 498 corporis
1200 435 1249 482 et
1297 430 1484 497 impetu
1526 429 1643 498 equi
1674 432 1928 499 pervasit,-
1963 433 2062 485 ob-

1534 522 1748 585 Quidam
1801 523 2061 592 adgnitum

233 635 263 669 a
305 618 521 669 Chaucis
560 617 692 667 inter
730 615 917 668 auxilia
951 616 1178 689 Romana
1219 614 1486 683 agentibus
1527 614 1865 681 emissumque
1898 613 2064 667 tradi*-

225 707 429 761 derunt.

180 819 218 861 ;6
233 800 400 852 Ceteri
434 799 623 866 passim
661 798 914 850 trucidati.

501 708 670 759 Virtus
706 721 798 758 seu
846 706 986 758 fraus
1027 706 1207 758 eadem
1253 705 1576 774 Inguiomero
1615 705 1857 773 effugium
1907 704 2061 758 dedit.

1006 799 1069 850 Et
1105 798 1377 865 plerosque
1413 803 1617 849 tranare
1650 796 1906 866 Visurgim
1957 810 2066 849 *co-

221 897 411 946 nantes
441 891 626 942 iniecta
665 890 764 942 tela
798 895 882 942 aut
916 890 996 942 vis
1030 890 1279 955 fluminis,
1319 895 1576 957 postremo
1612 889 1773 942 moles
1806 888 2063 942 *ruentium

220 987 283 1036 ,et
321 983 606 1034 incidentes
659 982 802 1048 ripae
842 997 1107 1049 operuere.

1201 982 1417 1044 Quidam
1458 982 1584 1049 turpi
1627 982 1749 1048 suga
1784 981 1837 1032 in
1871 995 2064 1034 summa

232 1075 470 1126 arborum
525 1074 654 1138 nisi,
716 1074 971 1140 ramisque
1029 1089 1086 1126 se
1133 1074 1478 1140 occultanteS‚
1534 1073 1751 1125 admotis
1784 1071 2064 1141 sagittariis

231 1181 324 1232 per
376 1165 646 1223 ludibrium
685 1165 969 1233 figebantur
982 1183 996 1229 3
1055 1165 1183 1217 alios
1238 1170 1478 1232 prorutae
1536 1166 1749 1216 arbores
1802 1164 2063 1217 adflixere.

170 1258 417 1324 aoMagna
455 1273 516 1308 ea
550 1257 765 1308 victoria
799 1272 965 1324 neque
998 1263 1205 1309 cruenta
1243 1257 1392 1309 nobis
1429 1257 1536 1308 suit.

235 1349 338 1404 diei
372 1349 436 1400 ad
460 1354 663 1401 noctem
701 1349 839 1401 caesi
877 1350 1050 1402 hostes
1077 1349 1256 1403 decem
1295 1349 1434 1401 milia
1461 1362 1698 1415 passuum
1729 1345 2065 1404 cadaveribus

354 1506 422 1549 10.
456 1518 537 1547 ora
567 1504 622 1548 Μ.

235 1655 441 1698 artiorem
474 1655 844 1712 significationem
869 1657 999 1698 etiam
1027 1669 1110 1713 ge-

156 1761 164 1773 ,
192 1747 195 1749 >
235 1717 419 1758 neratim
445 1729 748 1771 quaecumque
768 1717 961 1773 insignia
980 1730 1111 1759 exer-

237 1778 349 1818 citus
384 1775 593 1817 denotare
610 1782 808 1831 possunt.
856 1774 1110 1817 Cohortium

235 1835 461 1877 socialium
483 1835 605 1876 nulla
624 1835 785 1876 veoeilla
801 1842 1109 1889 memorantur,

233 1897 317 1936 nisi
372 1893 446 1935 ubi
498 1908 585 1935 non
634 1896 835 1951 integrae
888 1895 1109 1947 cohortes,

234 1955 312 1997 sed
344 1954 449 1996 lecti
484 1969 507 1996 e
542 1954 795 1995 cohortibus
828 1957 1109 1996 nominantur

235 2013 717 2071 (Fa'hnleinsmannen),
752 2013 892 2071 veluti
916 2014 967 2056 H.
992 2015 1008 2055 Ι
1029 2016 1109 2058 70:

229 2074 481 2132 praemissis
512 2099 569 2106 --
605 2074 915 2115 Germanorum
943 2073 1112 2115 vexillis

236 2148 330 2176 cum
362 2132 437 2174 ala
472 2132 662 2174 Petrina.
731 2131 858 2174 Conf.
904 2133 957 2175 ad
988 2133 1006 2174 Ι
1037 2134 1110 2176 38.

237 2193 382 2237 Semel
415 2198 560 2234 tamen
604 2193 733 2249 (Agr.
767 2193 824 2235 35
859 2199 993 2251 extr.)
1035 2207 1112 2235 ve-

234 2253 345 2294 oeilla
375 2254 610 2305 sociorum,
644 2253 721 2294 sed
753 2265 841 2292 non
873 2265 950 2306 pro
981 2253 1112 2295 solita

237 2312 492 2368 diligentia,
532 2311 703 2353 Tacitus
738 2311 847 2352 dixit
879 2312 952 2353 ubi
985 2313 1112 2366 siqna

225 2377 534 2425 expectamus.
600 2370 814 2412 Cohortes
846 2373 1109 2424 praetoriae,

235 2433 271 2472 si
307 2436 429 2472 extra
468 2430 619 2472 urbem
663 2431 716 2472 ad
757 2431 926 2484 proelia
973 2431 1111 2485 proli-

237 2491 472 2542 ciscuntur‚
487 2502 606 2531 more
623 2489 869 2532 cohortium
881 2490 1111 2532 socialium

233 2550 308 2591 sub
355 2550 489 2604 siqnis
540 2556 759 2605 pugnant,
811 2551 854 2590 in
906 2550 1013 2591 urbe
1070 2555 1114 2590 et

236 2606 405 2650 vexillis
458 2614 637 2649 utuntur
693 2616 736 2649 et
777 2609 924 2663 siquis.
989 2609 1108 2664 Lege

236 2668 287 2709 ll.
340 2668 356 2708 l
407 2667 492 2710 36:
549 2668 664 2709 haud
718 2668 871 2709 dubiae
925 2669 1013 2708 iam
1065 2668 1113 2708 in

237 2727 391 2769 castris
426 2728 706 2783 (praetoriis)
730 2727 915 2768 omnium
935 2734 1109 2779 mentes,

238 2793 461 2839 tantusque
493 2787 641 2839 ardor,
673 2794 717 2829 ut
728 2786 976 2828 —medium
998 2787 1112 2828 inter

236 2847 362 2901 siqna
377 2845 583 2888 Othonem
596 2846 763 2888 vexillis
778 2846 1110 2898 circumdarent,

238 2905 280 2946 h.
328 2919 367 2947 e.
416 2905 584 2948 medius
634 2907 748 2947 inter
787 2918 945 2947 novem
985 2907 1113 2961 signa

238 2964 457 3021 (Fahnen)
508 2964 753 3006 cohortium
799 2967 1112 3018 praetoriarum

239 3025 369 3065 etiam
410 3023 577 3065 vexillis
619 3023 871 3081 (Fdhnlein)
912 3025 1111 3065 ordinum

239 3083 450 3138 cuiusque
502 3083 696 3125 cohortis
750 3083 1110 3125 circumdabatur.

239 3141 402 3184 Contra
432 3142 476 3183 in
498 3143 754 3199 legionariis
786 3149 960 3196 praeter
984 3144 1113 3197 aqui-

238 3203 324 3244 lam
355 3203 482 3257 siqua
514 3216 537 3243 a
557 3202 705 3244 Tacito
739 3215 825 3243 non
845 3203 1111 3253 referuntur,

237 3262 321 3303 nisi
367 3262 442 3304 ubi
484 3263 689 3304 universe
729 3261 890 3304 veaeilla
937 3262 1112 3304 nomine

238 3322 456 3375 signorum
481 3321 798 3378 (Feldz-eichen)
821 3322 1111 3376 appellantur.

241 3381 312 3420 Sic
355 3380 432 3421 XV
477 3382 556 3423 12:
604 3384 730 3437 siqua
771 3387 811 3422 et
851 3381 1018 3436 aquilas
1057 3405 1113 3413 -——

239 3439 428 3492 infelicis
486 3443 698 3482 exercitus
754 3448 955 3483 tueretur.
1022 3439 1110 3483 29:

241 3499 416 3553 aymina
448 3498 660 3553 leyionum
681 3507 832 3542 stetere
854 3500 1111 3556 fulgentibus

242 3557 397 3611 aquilis
430 3557 656 3612 siqnisque.
721 3560 771 3601 ll.
817 3559 876 3601 ΙΙΙ
917 3563 998 3604 21:
1042 3559 1111 3601 hic

242 3616 484 3670 aquilarum
533 3618 832 3672 siynorumque
896 3619 1111 3676 (vexillo-

241 3679 357 3732 rum)
400 3672 518 3717 ordo.
553 3675 746 3732 *Ibidem
799 3680 856 3722 22
888 3680 1109 3732 primum:

1189 1657 1405 1714 permixta
1435 1655 1611 1710 vexilla,
1643 1662 1690 1698 ut
1721 1654 1891 1712 quisque
1921 1654 2068 1713 globus

1194 1724 1323 1774 capta
1372 1731 1426 1758 ex
1469 1717 1655 1761 hostibus
1710 1716 1792 1758 huc
1848 1714 1916 1758 vel
1963 1715 2068 1761 illue

1194 1777 1410 1833 raptabat,
1436 1784 1479 1819 et
1504 1790 1630 1819 mox:
1663 1776 1844 1831 abrepta
1858 1775 2068 1830 quaedam

1194 1838 1333 1892 siqua,
1347 1837 1375 1877 i.
1390 1850 1428 1878 e.
1441 1835 1607 1879 vexilla
1626 1834 1837 1891 quaedam
1854 1836 2067 1890 septimae

1192 1896 1399 1952 legionis.
1443 1896 1548 1951 Cap.
1572 1897 1654 1938 31:
1702 1895 1829 1950 siqua
1852 1893 2064 1951 (vexilla)

1194 1955 1441 2010 aquilasque
1482 1954 1686 1997 eaetulere.
1749 1953 1935 1996 Perinde
1982 1953 2064 1997 502

1192 2016 1318 2070 siqna
1327 2015 1578 2070 aquilaeque
1587 2014 1827 2056 victricium
1837 2012 2066 2070 leyiouum;

2083 772 2102 1051 l

1612 1257 1795 1318 Quinta
1837 1256 1900 1306 ab
1937 1254 2065 1307 hora
2080 1261 2152 1311 18

1191 2075 1250 2117 52
1261 2088 1271 2115 ε
1281 2073 1646 2130 placuit—acciri
1662 2072 1831 2127 aquilas
1843 2073 2066 2129 signaque.
2096 2117 2100 2128 ,

1194 2132 1321 2175 Conf.
1354 2133 1372 2175 I
1403 2135 1458 2177 37
1495 2140 1539 2176 et
1569 2133 1651 2186 39,
1683 2132 1719 2174 11
1749 2133 1823 2175 81.
1885 2131 2068 2188 Alioqui

1192 2193 1464 2250 legionarios
1486 2199 1661 2248 praeter
1682 2191 1873 2248 aquilam
1891 2192 2067 2234 nonnisi

1193 2252 1359 2294 vexilla
1390 2255 1517 2308 sequi
1550 2253 1764 2304 videmus,
1797 2257 1845 2294 ut
1868 2257 2068 2307 apertum

1194 2326 1247 2353 ex
1301 2311 1318 2353 1
1362 2313 1442 2355 34:
1499 2314 1771 2355 adsistentem
1829 2311 2068 2353 contionem

1194 2371 1443 2427 (legionum
1488 2373 1532 2412 in
1578 2372 1772 2427 castris),
1820 2371 1922 2424 quia
1958 2384 2066 2428 per-

1191 2431 1327 2472 mixta
1356 2430 1610 2483 videbatur,
1645 2429 1864 2472 discedere
1894 2430 1942 2471 iu
1968 2436 2066 2472 ma-

1192 2489 1360 2546 nipulos
1392 2490 1504 2532 iubet
1526 2505 1539 2532 .·
1573 2491 1635 2531 sic
1665 2487 1813 2531 melius
1845 2489 2068 2532 audituros

1193 2562 1466 2605 responsum5
1499 2549 1659 2592 vexilla
1684 2549 1920 2605 praeferri,
1951 2556 1997 2590 ut
2023 2548 2070 2590 id

1192 2608 1342 2649 saltem
1386 2609 1647 2651 discerneret
1693 2608 1902 2650 cohortes.
1963 2607 2068 2650 Inde

1194 2666 1240 2707 lit
1272 2674 1318 2708 ut
1351 2667 1665 2722 tantummodo
1689 2667 1850 2709 vexilla
1881 2673 2066 2709 octavae

1194 2733 1238 2768 et
1269 2727 1482 2781 septimae
1530 2729 1756 2785 legionum
1799 2738 2068 2769 commemo-

1193 2792 1343 2828 rentur
1385 2786 1437 2828 11.
1471 2787 1510 2829 11
1542 2788 1626 2830 85:
1674 2786 1960 2841 laceratisque
1990 2800 2067 2828 oe-

1191 2844 1310 2887 scillis
1338 2860 1492 2888 nomen
1522 2845 1679 2890 Vitellii
1701 2845 2063 2902 praeferentibus.

1280 2913 1463 2948 tranare
1493 2907 1704 2961 Visurgim
1723 2911 1953 2947 conantes:
1987 2912 2068 2947 co-

1195 2966 1286 3020 gita
1318 2965 1420 3007 illos
1453 2967 1526 3021 qui
1559 2971 1660 3008 ante
1678 2964 1894 3019 proelium
1911 2964 2068 3008 silvam

1194 3030 1425 3066 tenuerant
1449 3032 1492 3067 et
1509 3039 1657 3081 pugna
1678 3030 1836 3079 coepta
1853 3025 1898 3066 in
1918 3029 2070 3079 aperta

1194 3083 1449 3139 fugiebant,
1495 3086 1642 3140 equite
1675 3090 1799 3140 terga
1831 3081 2069 3126 invadente

1195 3141 1324 3197 pulsi.

1285 3200 1388 3257 Cap.
1413 3202 1480 3244 18.
1538 3202 1746 3244 Tiberium
1769 3202 2071 3259 impwatorem

1194 3261 1397 3303 salutavit
1418 3277 1431 3302 .·
1460 3262 1733 3316 ‘oportuerat
1765 3261 2067 3304 Germanicum

1195 3323 1358 3375 ipsum,
1410 3321 1484 3376 qui
1539 3321 1624 3362 dux
1666 3327 1711 3363 et
1751 3327 1905 3363 auctor
1944 3321 2066 3364 facti.

1195 3379 1280 3422 Sed
1311 3381 1536 3435 Augustus
1569 3386 1616 3421 ut
1648 3381 1844 3435 auspicia
1873 3381 2067 3422 servavit

1195 3438 1305 3490 sibi,
1355 3440 1418 3481 sic
1466 3439 1676 3482 honorem
1723 3451 1894 3481 omnem
1937 3438 2001 3480 rei
2041 3451 2067 3480 a

1197 3498 1379 3540 ducibus
1436 3501 1526 3541 suis
1600 3499 1819 3554 legatisve
1897 3502 2063 3553 gestae.

1197 3557 1300 3601 Nam
1335 3559 1406 3615 qui
1441 3558 1572 3600 ductu
1592 3557 1765 3615 quidem
1785 3568 1880 3609 sue,
1908 3555 2065 3598 alienis

1198 3625 1339 3660 tamen
1372 3618 1580 3672 auspiciis
1620 3618 1807 3669 vicerat,
1849 3628 1907 3658 ne
1946 3616 2064 3658 anti-

1197 3678 1343 3733 quitus
1355 3675 1528 3734 quidem
1548 3678 1783 3732 imperator
1794 3674 2065 3728 salutabatur
