2280 4004
216 280 219 285 '
247 272 341 316 2⁹70
1016 270 1314 315 ANNALIVM
1821 287 1861 319 a.
1888 284 1939 320 m
1970 276 2077 323 778:

248 432 395 484 quem
434 418 603 470 odium
629 416 882 484 publicum
918 418 1154 470 tutiorem
1193 419 1429 471 faciebat.
1501 419 1626 473 Nam
1660 423 1717 471 ut
1750 421 1865 487 quis
1894 420 2075 483 distri-

231 510 379 584 ctior
424 514 719 574 accusator,
790 509 928 561 velut
978 515 1339 562 sacrosanctus
1396 516 1529 563 erat:
1581 510 1757 578 leveS,
1817 510 2078 581 ignobiles

243 600 423 667 poenis
463 600 845 652 adliciebantur.
1013 607 1043 613 ““
1109 651 1138 671 ,κγ

383 691 478 742 Per
524 691 659 743 idem
709 695 904 758 tempus
956 674 1197 759 Hispania
1249 693 1462 746 ulterior
1511 693 1681 746 missis
1731 693 1796 746 ad
1843 691 2157 749 sena-tilam?

207 778 427 848 slegatis
477 781 641 833 oravit
684 786 739 833 ut
791 783 1021 849 exemplo
1058 783 1216 835 Asiae
1265 784 1526 836 delubrum
1574 786 1779 838 Tiberio
1827 784 2080 853 matrique

244 872 353 924 eius
394 878 690 926 extrueret..
743 873 852 934 Qua
891 874 1167 927 occasione
1208 875 1425 941 Caesar,
1463 876 1662 928 validus
1702 877 1891 944 alioqui
1925 888 2078 944 spere

242 964 424 1016 neudis
462 964 762 1030 honoribUS,
805 970 853 1017 et
889 966 1299 1032 respondendum
1338 972 1477 1019 ratus
1516 968 1578 1020 iis
1618 982 1831 1034 quorum
1867 966 2078 1027 rumore*

242 1055 552 1122 arguebatur
602 1056 654 1107 in
710 1056 1036 1108 ambitionem
1090 1058 1326 1123 flexisse,
1387 1058 1738 1111 huiuscemodi
1792 1059 2078 1111 orationem

243 1146 434 1213 coepit:
466 1143 616 1213 ‘sci0,
656 1152 827 1214 patres
857 1149 1153 1214 conscripti,
1190 1149 1523 1228 constantiam
1552 1164 1712 1226 meam
1753 1164 1783 1200 a
1817 1149 2078 1225 gierig-effi&

25 1259 63 1290 >
179 1253 229 1291 io
244 1237 612 1306 desideratam,
655 1238 790 1305 quod
824 1239 983 1291 Asiae
1023 1239 1310 1291 civitatibus
1349 1255 1508 1306 nuper
1547 1241 1681 1292 idem
1721 1241 1855 1292 istud
1891 1245 2076 1307 petem-

0 1328 374 1401 ‘.r.2›.2.ft..,23··ti·bus
411 1345 515 1381 non
562 1330 656 1381 sim
695 1330 1010 1381 adversatus.
1085 1331 1223 1398 Ergo
1264 1336 1314 1382 et
1352 1332 1540 1398 prioris
1579 1332 1768 1384 silentii
1806 1331 2075 1384 defensio*-

0 1406 130 1505 {J
238 1434 372 1486 nem,
413 1426 461 1472 et
498 1420 617 1487 quid
654 1420 707 1471 in
741 1421 959 1472 futurum
988 1421 1266 1487 statuerim,
1298 1422 1444 1473 simul
1472 1423 1711 1488 aperiam.
1772 1423 2071 1482 Cumbdivus

0 1491 24 1507 Ἠ
238 1512 498 1579 Augustus
552 1511 649 1564 sibi
697 1516 846 1578 atque
907 1512 1020 1563 urbi
1064 1513 1256 1564 Romae
1312 1513 1547 1580 templum
1597 1513 1729 1580 apud
1776 1514 2071 1582 Pergamum

239 1602 350 1654 sisti
389 1617 492 1654 non
548 1603 924 1669 prohibuisset,
990 1603 1074 1670 qui
1125 1606 1292 1655 omnia
1345 1604 1478 1655 sacta
1527 1604 1761 1672 dictaque
1799 1604 1908 1657 eius
1955 1605 2072 1657 vice

176 1694 369 1762 islegis
425 1694 724 1760 observem,
779 1694 1016 1761 placitum
1051 1695 1147 1746 iam
1200 1696 1479 1762 exemplum
1533 1697 1812 1763 promptius
1867 1702 2079 1749 secutus

239 1799 365 1852 sum,
395 1786 510 1853 quia
541 1787 693 1838 cultui
721 1801 834 1839 meo
861 1788 1125 1839 veneratio
1151 1793 1358 1839 senatus
1394 1787 1780 1856 adiungebatur.
1838 1783 2075 1841 Ceterffin'

238 1883 294 1930 ut
326 1879 485 1932 semel
522 1879 783 1945 recepisse
817 1880 1019 1931 veniam
1058 1879 1306 1944 habuerit,
1350 1880 1417 1930 ita
1455 1895 1546 1946 per
1584 1880 1746 1931 omnis
1775 1875 2077 1947 provincias

242 1969 413 2038 effigie
465 1972 722 2022 numinum
778 1971 974 2023 sacrari
1018 1971 1337 2023 ambitiosum
1376 1971 1645 2038 superbum
1658 1990 1672 2036 ;
1730 1973 1779 2024 et
1826 1974 2072 2024 vanescet

240 2063 459 2130 Augusti
500 2063 682 2128 honor,
717 2063 762 2115 si
787 2057 1060 2129 promiscis
1098 2062 1470 2115 adulationibus
1497 2062 1748 2131 vulgatur.
1821 2062 1938 2131 Ego
1970 2067 2157 2128 me,38

177 2159 410 2222 20patres
453 2154 762 2222 conscripti,
822 2154 1086 2207 mortalem
1134 2170 1250 2207 esse
1299 2160 1348 2206 et
1383 2155 1639 2206 hominum
1689 2147 1857 2207 officia
1907 2147 2074 2222 fungi,

241 2246 466 2312 satisque
505 2246 697 2298 habere
750 2246 792 2298 si
832 2246 999 2298 locum
1051 2246 1329 2312 principem
1370 2246 1630 2312 impleam,
1689 2251 1738 2298 et
1777 2255 1872 2298 vos
1910 2249 2082 2303 testor,

242 2342 290 2399 et
338 2338 633 2391 meminisse
685 2343 921 2406 posteros
970 2337 1088 2389 volo
1103 2356 1118 2403 3
1179 2338 1262 2404 qui
1316 2338 1440 2390 satis
1495 2352 1748 2404 superque
1793 2329 2071 2389 memoriae

364 2477 403 2518 1.
439 2476 684 2519 destrictior
716 2476 780 2519 M:
825 2477 1017 2518 correxit
1045 2475 1302 2520 Beroaldus.
1381 2475 1423 2518 6.
1459 2482 1587 2518 εει-ειν.
1627 2473 1698 2517 Or.
1774 2475 1816 2518 9.
1851 2474 1897 2517 P.
1933 2474 1982 2516 C.
2015 2474 2069 2518 M.

245 2534 312 2578 14.
345 2549 442 2576 oma
475 2548 570 2577 cum
604 2536 680 2577 lin.
714 2536 767 2578 M.
858 2539 981 2591 facta
1011 2535 1282 2577 Beroaldus:
1325 2535 1365 2576 Μ
1399 2535 1516 2589 ficta.
1614 2535 1681 2578 17.
1714 2548 1798 2590 per
1829 2547 1915 2576 oms
1948 2537 2074 2589 (cum

242 2594 345 2651 lin.)
375 2608 457 2650 per
491 2597 683 2651 (comp.)
714 2596 969 2651 prouincias
999 2595 1054 2637 M.
1146 2595 1211 2637 18.
1245 2605 1377 2636 sacra
1410 2595 1476 2649 (in
1511 2593 1596 2635 fine
1627 2598 1806 2650 versus)
1840 2594 1917 2636 Mt·
1939 2595 2073 2635 tacite

243 2654 431 2695 correxit
465 2653 653 2707 Lipsius.
734 2655 805 2698 20.
840 2654 886 2696 P.
925 2654 972 2697 C.
1005 2654 1059 2696 M.
1141 2669 1228 2696 esse
1262 2660 1301 2695 et
1335 2656 1512 2708 (versus
1546 2652 1669 2710 finis)
1701 2661 1741 2696 et
1769 2653 1988 2696 hominum
2016 2653 2070 2696 Μ.

331 2767 436 2823 Cap.
470 2769 541 2812 37.
592 2782 732 2825 nuper
761 2769 873 2811 idem
899 2771 1011 2812 istud
1034 2785 1113 2827 pe-
1198 2771 1313 2811 inter
1327 2771 1715 2811 consecutivamet
1734 2768 2071 2824 explicativan13'

242 2828 452 2869 tentibus.-
487 2829 734 2882 petiverant
770 2835 813 2870 et
845 2830 1113 2884 impetrave-
1198 2829 1372 2884 plenius
1406 2828 1588 2870 dixisset
1620 2830 1683 2870 ita
1717 2829 1915 2883 tribuent,
1946 2835 1992 2871 et
2014 2845 2073 2861 -·-“

241 2893 338 2927 rant
369 2886 548 2928 biennio
581 2894 706 2929 ante:
756 2889 843 2931 vid.
880 2903 916 2931 c.
955 2891 1022 2932 15.
1199 2888 1391 2931 credant.
1467 2888 1594 2932 Conf.
1630 2902 1667 2931 e.
1700 2887 1788 2930 41=
1824 2889 1908 2931 huc
1938 2889 2074 2944 finit,

331 2946 412 2987 sibi
443 2953 567 3001 atque
598 2947 697 2988 urbi
718 2948 907 2989 Romae.-
938 2962 979 2990 v.
1001 2949 1113 2992 Sue-
1197 2956 1242 2990 ται
1272 2948 1481 2990 Tiberium
1505 2947 1755 3004 impelleret.
1789 2945 1857 2990 Cf.
1880 2945 2007 2990 adul
2026 2946 2069 2990 9.

243 3010 332 3047 ton.
367 3006 481 3061 Aug.
517 3006 587 3059 52,
621 3006 704 3047 Dio
738 3006 790 3048 LI
817 3007 1113 3061 20,1ns‹=1·ipt.
1284 3022 1363 3063 pro
1387 3008 1595 3063 sepulcris
1619 3013 1908 3063 spernimur:
1939 3007 2075 3062 plmm'

243 3064 337 3106 Lat.
373 3063 527 3107 Orellii
571 3078 613 3107 n.
656 3066 757 3109 606.
820 3066 1023 3108 Eckhelii
1060 3067 1111 3109 D.
1202 3066 1320 3107 dicas
1356 3082 1436 3122 pro
1478 3066 1686 3122 sepulcris
1728 3066 2002 3122 accipiamur
2032 3071 2074 3106 et

242 3124 293 3167 N.
327 3122 366 3165 Π
399 3137 441 3179 p.
475 3123 577 3167 466.
1200 3133 1483 3180 spernuntur,
1528 3126 1570 3166 h.
1614 3139 1652 3167 e.
1693 3137 1782 3166 non
1832 3125 1976 3181 magis
2025 3125 2076 3165 in

333 3185 405 3238 qui
446 3184 591 3225 omnia
628 3187 751 3240 facta
783 3209 838 3216 —-
871 3185 1113 3226 observem.-
1201 3186 1355 3226 animis
1375 3184 1597 3226 hominum
1628 3184 1776 3226 valent
1795 3193 1923 3239 quum
1948 3195 2070 3237 mor-

246 3242 349 3284 hinc
398 3243 510 3297 apud
555 3244 812 3286 Strabonem
862 3244 944 3300 (VI
994 3245 1024 3287 4
1062 3246 1113 3301 3)
1202 3249 1370 3284 tuorum
1432 3249 1714 3285 monument-a
1759 3248 1802 3284 et
1850 3241 2073 3297 sepulcra,

244 3302 441 3344 Tiberius
474 3302 633 3344 dicitur
664 3308 843 3349 κανόνα
885 3306 964 3357 τῆς
996 3304 1116 3349 διοι-
1201 3316 1345 3357 neque
1397 3315 1473 3356 pro
1532 3302 1711 3353 deorum
1763 3301 2074 3344 immortalium

245 3364 423 3416 κὴσεως
471 3366 549 3406 καὶ
597 3366 687 3407 τῶν
730 3364 1116 3421 προσταγμάτων
1202 3362 1382 3404 aedibus
1416 3362 1642 3404 habentur.

244 3420 533 3480 ποιούμενος
579 3425 759 3468 ἐκεῖνον
804 3424 1113 3480 (Augustum).
1288 3422 1425 3463 socios
1466 3423 1576 3463 cives
1620 3429 1657 3463 et
1691 3421 1790 3463 deos
1820 3422 1958 3477 ipsos:
2010 3418 2068 3460 cf.

247 3480 313 3523 Cf.
348 3480 399 3521 A.
439 3482 505 3523 13.
1200 3478 1252 3520 ad
1285 3480 1340 3522 XI
1374 3481 1415 3524 6.
1479 3481 1672 3522 Tacitum
1712 3481 1848 3521 socios
1883 3484 1926 3519 et
1959 3479 2071 3519 cives

336 3537 440 3592 Cap.
468 3539 540 3581 38.
575 3540 789 3581 homiuum
807 3542 951 3595 officia
966 3541 1113 3595 funyae‘:
1202 3539 1468 3587 τῖσυνιῖέιως
1513 3541 1607 3581 sive
1650 3551 1735 3579 uuo
1779 3544 1931 3579 tenore
1963 3548 2069 3590 pro-

248 3597 304 3645 cf.
340 3597 391 3638 ad
423 3597 482 3639 ΙΙΙ
512 3601 539 3641 2
572 3598 642 3639 lin.
764 3606 884 3640 ut—
907 3600 1113 3641 credam.-
1199 3600 1389 3639 nuntiari
1424 3599 1618 3640 voluisse
1652 3610 1703 3638 cx
1736 3596 1947 3637 subiectis
1986 3607 2068 3650 pa-

247 3662 293 3699 uc
323 3655 536 3712 particula
566 3670 683 3700 nuuc
715 3658 919 3716 ambigua
951 3658 1115 3715 pendet
1199 3663 1277 3714 tet,
1312 3656 1410 3700 dico
1442 3658 1518 3702 lios
1549 3663 1595 3701 ut
1626 3681 1680 3691 -
1716 3654 1813 3700 illos
1842 3661 1888 3699 ut
1920 3660 2006 3700 cet.
