2280 4004
214 311 239 340 a
273 297 322 342 G.
356 299 428 343 65.
812 297 977 341 LIBER
1005 300 1101 343 XV.
1165 298 1270 342 CAr.
1304 298 1495 344 68—70.
1945 302 2034 343 305

217 440 444 504 crimine,
485 454 589 491 non
630 445 931 492 accusatore
973 442 1253 505 existente,
1297 441 1411 507 quia
1449 440 1670 507 speciem
1708 441 1914 493 indiciis
1952 442 2036 493 in·-

216 530 372 583 duere
406 546 509 583 non
536 536 747 597 poterat,
782 532 845 583 ad
877 532 978 582 vim
1011 532 1369 583 dominationis
1407 547 1685 584 conversus
1714 532 2034 585 Gerellanum

213 621 464 672 tribunum
505 637 616 672 cum
667 622 878 673 cohorte
914 622 1123 673 militum
1164 623 1408 688 immittit,
1461 623 1698 689 iubetque
1734 623 2035 689 praevenire

214 717 423 764 conatus
463 712 715 777 consulis,
761 727 1014 779 occupare
1050 713 1187 764 velut
1223 729 1393 764 arcem
1432 713 1570 778 eiUS,
1620 715 1904 780 opprimere
1942 708 2036 766 de-

211 802 391 854 lectam
424 803 760 868 iuventutem,
801 804 915 870 quia
953 804 1189 855 Vestinus
1226 805 1542 856 imminentes
1584 805 1696 856 foro
1740 805 1895 857 aedes
1937 806 2074 858 de-5

213 907 435 959 coraque
471 894 676 946 servitia
712 900 761 946 et
795 895 903 961 pari
929 900 1092 946 aetate
1121 895 1353 946 habebat.
1430 896 1617 947 Cuncta
1656 911 1717 948 eo
1758 897 1839 948 die
1867 897 2035 948 munia

212 984 433 1036 consulis
487 985 781 1051 impleverat
817 986 1202 1052 conviviumque
1253 986 1573 1051 celebrabat,
1634 987 1757 1037 nihil
1790 992 2034 1054 metuenS‚

214 1090 278 1136 an
329 1076 694 1128 dissimulando
742 1081 904 1142 metii,
968 1093 1078 1127 cum
1127 1078 1349 1144 ingressi
1396 1078 1578 1129 milites
1628 1079 1805 1130 vocari
1859 1094 1971 1130 eum
2007 1095 2035 1130 a

213 1167 417 1218 tribuno
456 1167 649 1219 dixere.
724 1167 812 1218 llle
853 1167 978 1218 nihil
1018 1168 1308 1219 demoratus
1345 1169 1560 1235 exurgit,
1604 1173 1653 1220 et
1689 1170 1855 1220 omnia
1889 1170 2037 1221 simul

210 1262 567 1323 properantur:
636 1257 884 1308 clauditur
928 1257 1188 1320 cubiculO,
1252 1264 1455 1323 praesto
1509 1264 1586 1309 est
1636 1260 1891 1324 medicus,
1942 1260 2101 1319 ab-10

212 1348 510 1401 scinduntur
543 1364 732 1413 venae,
773 1348 954 1416 vigens
991 1347 1157 1400 adhuc
1198 1349 1380 1400 balneo
1419 1349 1660 1415 infertur,
1703 1350 1867 1401 calida
1906 1366 2035 1416 aqua

211 1445 476 1504 mersatur,
512 1439 647 1490 nulla
674 1439 809 1491 edita
847 1455 977 1491 voce
1008 1454 1103 1505 qua
1127 1444 1288 1491 semet
1315 1440 1655 1492 miseraretur.
1730 1441 2038 1492 Circumdati

212 1530 412 1581 interim
463 1529 695 1581 custodia
750 1530 833 1596 qui
879 1530 1025 1582 simul
1079 1530 1465 1596 discubuerant,
1522 1546 1618 1582 nec
1656 1531 1755 1582 nisi
1794 1537 2037 1598 provecta

209 1626 362 1673 nocte
404 1621 578 1672 omissi
614 1626 744 1686 sunt,
786 1626 1048 1687 postquam
1085 1636 1324 1687 pavorem
1367 1637 1569 1687 eorum,
1613 1639 1677 1674 ex
1711 1638 1886 1674 mensa
1924 1623 2037 1674 exi-

214 1714 336 1764 tium
378 1713 759 1779 opperientium,
801 1718 850 1764 et
883 1714 1187 1780 imaginatus
1227 1719 1275 1764 et
1312 1713 1540 1767 inridens
1573 1715 1710 1767 Nero
1751 1715 1873 1766 satis
1914 1730 2101 1781 sup-1⁵

209 1803 349 1871 plicii
385 1802 542 1854 luisse
581 1803 650 1853 ait
682 1818 774 1869 pro
816 1803 973 1870 epulis
1021 1804 1388 1855 consularibus.

127 1890 198 1939 70
350 1894 481 1945 Exin
517 1894 717 1945 Annaei
747 1895 935 1946 Lucani
974 1895 1183 1947 caedem
1215 1895 1442 1961 imperat.
1518 1895 1564 1947 Is
1598 1896 1879 1962 profluente
1916 1911 2039 1948 san-

1859 2052 2037 2094 induere

1684 2111 1725 2152 2.
1763 2109 2039 2153 Gerellanum

1129 2167 1171 2209 4.
1205 2175 1435 2222 occuparet
1470 2167 1596 2209 GMfl:
1630 2181 1842 2224 occupare
1872 2169 2037 2212 Puteo-

336 2050 373 2091 1.
406 2049 607 2104 ispeciem
636 2048 716 2092 ΜΒ.
817 2050 990 2090 indiciis
1022 2048 1110 2090 ΜΒε
1152 2049 1307 2090 iudicis
1340 2048 1374 2090 G
1406 2054 1448 2090 et
1480 2048 1767 2092 Oxonienses.

213 2119 265 2162 pr
285 2106 373 2149 Ma:
406 2109 640 2164 adiunyere
671 2122 695 2151 a
729 2121 818 2151 rec.
848 2122 905 2150 m.
939 2108 1297 2163 superscriptum,
1329 2108 1533 2149 inducere
1559 2108 1606 2151 G.

214 2165 304 2208 Ma:
335 2168 586 2223 yerelanum
621 2168 668 2210 G.
742 2169 803 2210 Χ3.
837 2169 939 2209 inm.
974 2167 1054 2210 ΜΒ.

214 2224 358 2269 lanus.
452 2227 494 2270 5.
529 2227 687 2268 decora
720 2242 827 2282 quae
859 2226 939 2269 ΜΒ.
1041 2229 1080 2270 7.
1116 2228 1433 2281 conviviumque
1465 2226 1544 2276 ΜΒ,
1578 2239 1664 2268 non
1698 2229 1958 2282 convivium,
1990 2236 2037 2271 ut

213 2285 390 2327 tradidit
421 2286 653 2328 Victorius.
753 2286 939 2328 celebrat
975 2286 1063 2328 ΜΒε
1098 2285 1340 2327 celebrabat
1374 2285 1433 2338 G,
1467 2286 1710 2329 celebrabat
1742 2301 1795 2329 ex
1828 2287 1894 2330 ΜΒ
1923 2288 2036 2331 falso

215 2344 385 2386 rettulit
415 2345 622 2398 Bichena.
745 2346 786 2388 9.
820 2345 956 2387 nichil
987 2345 1076 2398 ΜΒ,
1119 2345 1248 2400 paulo
1282 2352 1382 2386 ante
1415 2345 1537 2387 nihil.
1639 2348 1828 2402 eoesurqit
1861 2347 1958 2401 Or.‚
2004 2348 2039 2390 G

216 2406 397 2459 exurgit.
494 2405 561 2448 10.
592 2411 734 2460 presto
768 2403 846 2446 ΜΒ.
941 2407 1008 2447 11.
1039 2405 1194 2446 ualneo
1229 2403 1308 2446 ΜΒ.
1409 2418 1523 2458 aqua
1552 2405 1634 2446 u⁰sa
1666 2407 1733 2462 (in
1768 2407 1852 2449 line
1885 2421 2038 2450 versus

216 2479 273 2497 =
296 2468 449 2519 uersa)
482 2470 696 2504 mersatur
724 2463 804 2505 ΜΒ.
959 2464 1025 2506 14.
1060 2472 1097 2506 et
1129 2477 1300 2505 mensae
1333 2463 1460 2505 (ἷΜΒι
1508 2463 1659 2507 Franc.
1694 2465 1885 2509 Medices
1923 2468 2038 2521 apud

214 2522 449 2564 Pichenam
488 2537 542 2563 ea·
570 2537 733 2564 mensa.
858 2523 925 2565 17.
961 2525 1060 2564 emin
1090 2523 1264 2571 Annaei
1297 2523 1460 2564 editor:
1494 2522 1560 2565 ΜΒ
1593 2526 1703 2566 exim
1734 2540 1860 2567 mane
1889 2540 1951 2568 na
1982 2534 2036 2581 et,

214 2582 351 2638 vulgo
383 2588 623 2636 praeeunte
655 2582 866 2624 Rhenano
900 2583 1000 2623 exin
1033 2583 1094 2624 M.
1128 2583 1315 2625 Annaei.

213 2723 499 2776 interemptus
533 2729 624 2776 est,
656 2722 857 2778 Poppaea
894 2724 1082 2765 nondum

215 2781 479 2823 decesserat.
544 2783 615 2824 Sic
641 2783 804 2838 ubique
822 2782 957 2824 Taciti
978 2784 1084 2825 fides

216 2847 260 2882 et
291 2841 521 2897 diligentia
554 2842 806 2883 Suetonium
834 2850 1022 2896 superat.

304 2898 408 2953 Cap.
440 2900 510 2943 69.
575 2902 676 2955 quia
700 2915 859 2942 —non
886 2908 1080 2957 poterat:

215 2957 377 3000 indicia
411 2960 507 3001 sive
539 2961 666 3016 signa
686 2962 867 3002 Vestino
901 2960 1083 3002 adversa

216 3023 316 3059 ante
351 3017 568 3072 descripta
600 3026 698 3060 sunt
731 3020 907 3061 verbis:
951 3034 1082 3076 oppe-

214 3076 407 3117 riebatur
452 3078 566 3120 Nero
607 3085 652 3120 ut
693 3080 884 3122 Vestinus
924 3093 1083 3134 quoque

217 3134 364 3177 consul
395 3136 441 3176 in
471 3138 657 3178 crimina
696 3139 954 3191 traheretur,
986 3140 1082 3180 vio·

217 3193 374 3235 lentum
408 3202 447 3236 et
476 3197 690 3251 infensum
721 3205 872 3250 ratus‚·
904 3197 981 3238 sed
1014 3204 1082 3239 ta-

215 3266 312 3294 men
363 3254 536 3296 indiciis
581 3269 692 3311 quae
735 3259 910 3312 proprie
954 3262 996 3298 et
1038 3258 1082 3298 in

216 3313 495 3355 accusatione
518 3321 744 3368 vocantur,
762 3317 954 3369 speciem
976 3319 1082 3371 (ve-

216 3371 378 3427 ritatis)
423 3371 662 3429 adiungere
700 3375 814 3417 Nero
859 3374 1081 3430 nequibat.

215 3429 383 3471 Nomen
413 3431 586 3473 indiciis
617 3441 826 3476 converte
856 3436 1083 3492 ἐπαγγέλ-

214 3502 359 3547 μασι,
431 3502 518 3530 non
581 3500 677 3539 τοῖς
741 3496 1081 3552 ἐπαγγέλμασι.

218 3547 387 3602 Quippe
417 3548 579 3591 Neroni
622 3551 755 3594 facile
793 3558 884 3593 erat
915 3552 1081 3594 indices

216 3607 484 3662 subornare,
536 3609 612 3651 sed
659 3610 714 3651 iis
763 3611 936 3653 indiciis
986 3612 1079 3653 veri

216 3667 409 3720 speciem
458 3668 695 3712 conciliare
749 3682 836 3712 non
892 3676 1078 3724 poterat.

297 3760 446 3799 Tacitus
470 3765 515 3800 11.

1167 2725 1363 2780 Speciem
1379 2726 1533 2767 iudicis
1555 2725 1734 2767 induere
1757 2726 1809 2768 ab
1832 2726 1915 2768 hoc
1936 2726 2035 2769 loco

1168 2784 1359 2825 alienum
1395 2791 1486 2826 est:
1533 2784 1648 2827 Nero
1693 2788 1807 2827 enim
1840 2785 1893 2827 de
1927 2798 2037 2828 con-

1166 2844 1317 2884 iuratis
1350 2857 1434 2884 non
1466 2844 1698 2886 iudicabat.

1261 2902 1535 2945 Gerellanum
1571 2904 1810 2945 tribunum.-
1850 2903 2036 2946 nominis

1167 2962 1346 3003 formam
1377 2969 1523 3004 tuetur
1553 2963 1704 3004 titulus
1726 2964 1893 3005 Samius
1923 2964 2037 3018 apud

1165 3020 1410 3064 Bockhium
1436 3023 1564 3077 Corp.
1588 3022 1788 3076 Inscript.
1811 3023 1879 3064 Gr.
1904 3024 2034 3076 2259,

1168 3081 1242 3122 ubi
1276 3088 1637 3123 commemoratur
1655 3079 1910 3138 Γερελλανή
1933 3086 2037 3125 Μο-

1167 3145 1276 3200 νίμη
1304 3145 1346 3182 et
1366 3135 1617 3195 Γερελλανὴ
1643 3140 1831 3194 Ἀπάτη.
1900 3154 2037 3196 prac-

1167 3207 1229 3240 sto
1262 3206 1321 3240 est
1353 3200 1565 3241 medicus:
1599 3199 1654 3241 cf.
1678 3200 1796 3241 Suet.
1827 3199 1929 3241 Ner.
1962 3200 2034 3246 37.

1257 3257 1361 3311 Cap.
1395 3259 1465 3301 70.
1530 3259 1630 3300 exin
1645 3259 1819 3301 Annaei
1836 3258 2034 3299 Lucani:

1167 3329 1244 3371 pro
1277 3329 1397 3357 more
1429 3318 1523 3358 eius
1546 3318 1618 3372 qui
1647 3317 1877 3371 descripsit
1910 3317 2036 3358 codi-

1171 3389 1263 3417 cem
1301 3374 1365 3416 ΜΒ
1407 3374 1500 3417 sere
1547 3382 1760 3430 perpetuo
1802 3377 1912 3417 exim
1955 3389 2034 3431 pro

1170 3436 1269 3475 θείη
1300 3436 1501 3488 ponitur,
1552 3436 1674 3476 cuius
1707 3435 1858 3477 ultima
1891 3437 2034 3491 gemi-

1168 3500 1268 3534 nata
1302 3505 1378 3546 pro
1412 3494 1586 3535 Annaei
1628 3494 1787 3535 factum
1822 3509 1947 3536 mane
1975 3509 2036 3536 na

1168 3559 1220 3603 et,
1240 3551 1386 3594 littera
1418 3560 1432 3594 t
1462 3565 1538 3608 pro
1570 3554 1587 3594 i
1629 3553 1888 3606 substituta,
1939 3561 1982 3596 et
2013 3570 2035 3597 e

1165 3612 1278 3652 inter
1309 3610 1413 3653 duas
1444 3626 1474 3653 n
1505 3611 1736 3656 inculcata.
1795 3612 1900 3656 Inde
1921 3614 2038 3670 quod

1165 3669 1401 3713 Rhenanus
1448 3670 1602 3714 elicuit
1650 3673 1710 3715 M.
1754 3673 1949 3728 Annaei,
1991 3675 2036 3715 in

1643 3753 1707 3805 20
