2280 4004
199 287 226 320 ι
253 273 304 320 G.
341 277 411 321 16.
803 272 965 319 LIBER
993 270 1046 316 11.
1086 270 1194 316 Cu.
1224 271 1415 315 31-33.

1934 272 2023 315 115

198 419 368 472 Flacci
404 419 653 471 sentent-ia
691 417 962 470 constituti.
1034 416 1180 467 Dona
1218 415 1326 466 Iovi
1363 413 1509 466 Marti
1544 411 1895 478 Concordiae,
1939 417 2024 463 ut-

201 526 299 576 que
334 511 504 561 iduum
545 509 909 575 Septembrium
947 507 1088 572 dies,
1131 521 1230 573 quo
1270 521 1328 557 se
1365 506 1489 557 Libo
1528 504 1871 568 interfecerat,
1912 503 2021 555 dies

202 602 360 655 festus
415 601 710 663 haberetur,
761 599 944 650 Lucius
995 599 1108 649 Piso
1163 602 1213 649 et
1265 596 1436 648 Gallus
1484 595 1693 649 Asinius
1747 600 1797 646 et
1840 595 2021 660 Papius

199 691 398 745 Mutilus
453 695 502 741 et
536 689 721 741 Lucius
758 689 1015 754 Apronius
1067 688 1372 750 decrevere3
1435 701 1646 752 quorum
1694 686 2022 737 auctoritates

201 781 617 844 adulationesque
669 778 868 843 rettuli,
937 783 991 829 ut
1044 778 1262 830 sciretur
1321 781 1466 828 vetus
1517 777 1570 828 id
1619 777 1672 826 in
1718 791 1776 827 re
1821 775 2061 842 publicas

200 872 397 929 malum.
469 871 620 923 Facta
669 874 718 920 et
770 868 834 919 de
872 868 1239 922 mathematicis
1289 868 1553 935 magisque
1590 867 1731 919 Italia
1774 867 2023 933 pellendis
2054 855 2079 922 ῗ

199 943 404 1015 senatus
454 959 711 1021 consulta3
773 973 984 1024 quorum
1034 975 1062 1010 e
1112 973 1322 1010 numero
1375 959 1558 1009 Lucius
1595 958 1850 1009 Pituanius
1895 972 2022 1010 saxo
2061 941 2065 974 ξ

201 1053 428 1106 deiectus
483 1055 588 1115 est,
654 1051 707 1100 in
753 1051 976 1102 Publium
1027 1050 1270 1102 Marcium
1326 1049 1563 1100 consules
1630 1054 1772 1101 extra
1828 1053 2025 1114 portam

198 1141 541 1207 Esquilinam,
604 1154 715 1190 cum
767 1140 1035 1193 classicum
1088 1154 1273 1192 canere
1321 1139 1616 1204 iussissent,
1673 1153 1816 1190 more
1850 1138 2066 1212 prisco-

199 1232 482 1284 advertere.
2039 1236 2087 1272 ιο

111 1323 181 1371 33
331 1304 565 1375 Proximo
617 1327 824 1374 senatus
869 1322 958 1374 die
1006 1322 1157 1374 multa
1212 1322 1263 1372 in
1314 1321 1484 1372 luxum
1535 1320 1752 1372 civitatis
1805 1319 1942 1370 dicta
1992 1332 2022 1368 a

197 1413 381 1475 Quinto
421 1414 627 1465 Haterio
668 1413 952 1479 consulari,
1007 1414 1220 1466 Octavio
1256 1413 1512 1464 Frontone
1547 1416 1783 1478 praetura
1821 1410 2023 1473 sunct03

317 1564 356 1606 1.
391 1563 606 1605 constituti
634 1570 681 1605 ut
713 1563 826 1604 dona
845 1563 910 1604 M:
945 1563 1135 1604 correxit
1160 1561 1503 1603 Freinshemius.
1568 1560 1743 1601 cordiae
1767 1560 1821 1602 M.
1877 1561 1918 1604 2.
1953 1573 2023 1600 se-

190 1625 352 1679 ptriam
382 1623 437 1665 M.
531 1623 573 1664 3.
609 1622 660 1664 L.
694 1622 748 1664 Μ.
843 1622 938 1664 Piso
982 1635 1007 1663 a
1038 1621 1069 1664 Ι.
1103 1621 1172 1663 Fr.
1209 1621 1429 1662 Gronovio
1464 1625 1554 1661 est:
1587 1619 1628 1660 M
1660 1619 1706 1661 P.
1794 1619 1935 1674 galias
1967 1619 2022 1660 M.

194 1683 238 1724 4.
274 1683 326 1724 L.
346 1682 401 1723 M.
466 1683 508 1724 5.
539 1681 685 1723 rettuli
716 1681 771 1734 M,
803 1693 891 1722 non
922 1680 1065 1722 retuli.
1163 1681 1202 1723 7.
1239 1680 1291 1722 L.
1319 1679 1374 1721 M.
1467 1678 1510 1720 8.
1546 1677 1731 1721 delectus
1752 1679 1806 1721 Μ.
1886 1679 1932 1720 Ρ.
1966 1677 2021 1719 Μ.

196 1741 238 1785 9.
271 1740 546 1796 Esquilinam
575 1740 615 1782 M
649 1742 762 1795 (non
794 1740 1117 1797 Eaequilinam).
1184 1740 1252 1783 12.
1288 1739 1338 1791 Q.
1372 1738 1427 1780 M.

194 1860 354 1914 obstat,
387 1873 471 1916 quo
504 1861 648 1902 minus
685 1859 801 1902 idem
823 1861 868 1901 in
885 1861 1067 1916 negotio

197 1919 252 1962 ad
300 1920 511 1974 principis
570 1919 755 1963 salutem
819 1921 1068 1974 pertinente

200 1979 503 2020 claritudinem
546 1991 667 2019 suam
709 1978 921 2034 obsequio
962 1991 1069 2034 pro-

196 2038 430 2094 tegendam
463 2039 698 2089 existimet‚
732 2043 778 2077 ut
797 2037 905 2079 fecit
921 2036 976 2078 111
995 2039 1067 2080 68.

196 2095 358 2138 Eadem
390 2096 562 2138 indoles
584 2102 629 2137 et
651 2098 892 2138 necessitas
913 2096 1069 2138 Asinio

196 2155 351 2196 Gallo:
383 2168 427 2197 v.
460 2155 478 2196 l
508 2154 537 2196 8
570 2161 612 2196 et
648 2158 702 2199 12
734 2161 777 2196 et
809 2156 888 2207 77,
927 2154 965 2195 11
995 2156 1068 2207 36,

198 2213 258 2255 lv
289 2215 362 2257 20.
422 2214 667 2268 Imperante
715 2213 887 2256 Tiberio
938 2215 1068 2255 etiam

196 2272 310 2314 alter
347 2272 396 2313 L.
436 2272 535 2314 Piso
580 2273 723 2329 viguit
764 2278 807 2314 et
849 2273 1069 2327 pontificis

198 2331 412 2388 dignitate
427 2331 649 2385 praeditus
666 2330 841 2373 functus
861 2337 928 2373 est
949 2332 1068 2375 urbis

198 2390 474 2444 praefectura
493 2390 574 2447 (VI
601 2392 695 2447 10),
713 2390 873 2432 nultius
903 2391 1070 2432 servilis

199 2451 437 2492 sententiae
467 2457 614 2506 sponte
645 2457 821 2503 auctor,
855 2449 932 2491 sed
963 2453 1001 2491 is
1033 2451 1069 2490 si

197 2508 369 2562 fuisset,
399 2509 611 2564 pontificis
628 2508 701 2549 vel
717 2510 933 2564 praefecti
954 2509 1071 2550 urbis

199 2579 357 2609 nomeu
388 2567 559 2609 Tacitus
591 2566 814 2609 additurus
846 2567 943 2609 fuit.

285 2628 408 2680 facta
448 2634 490 2668 et
535 2627 584 2667 de
622 2626 932 2669 mathematicis
973 2640 1071 2668 ma·-

199 2684 767 2786 iiiqffaimissiaiiffssfflss..
785 2698 1070 2800 ’⁶1⁰³ngss

201 2807 293 2843 arte
323 2815 402 2844 sua
429 2803 720 2844 mathematici
749 2809 962 2845 vocantur
980 2835 993 2855 ,
1025 2808 1073 2843 ut

202 2859 276 2902 xil
307 2861 378 2903 52.
419 2861 471 2902 H.
504 2860 522 2901 Ι
554 2863 634 2912 22,
666 2859 704 2901 11
746 2862 827 2918 62)
860 2862 1073 2915 promissa

203 2924 246 2959 et
278 2931 502 2974 magorum
534 2932 657 2961 sacra
690 2922 753 2974 (c.
784 2921 864 2976 27)
909 2933 957 2963 se
989 2932 1071 2973 ap-

204 2976 453 3030 plicuisset,
494 2983 671 3019 senatus
713 2978 913 3019 consulta
958 2978 1074 3019 facta

203 3041 323 3086 sunt,
375 3042 421 3076 ut
462 3034 675 3077 eiusmodi
717 3035 986 3078 facinoribus
1027 3038 1071 3078 in

204 3094 392 3137 futurum
423 3099 748 3147 occurreretur,
789 3095 866 3137 sed
897 3095 1070 3138 frustra.

209 3152 306 3193 Vid.
342 3151 399 3193 VI
429 3153 619 3206 20-22,
652 3152 727 3194 XII
760 3155 830 3197 52.
864 3155 915 3196 H.
949 3153 967 3194 Ι
999 3156 1070 3198 22.

209 3209 419 3252 Chaldaei
459 3212 736 3252 nominantur
777 3212 1072 3254 mathematici

206 3280 232 3308 a
264 3272 405 3319 terra,
438 3269 552 3309 unde
583 3269 687 3310 huic
719 3273 871 3326 generi
912 3272 1073 3312 vatici-

206 3325 336 3367 nandi
403 3338 456 3366 ex
514 3326 822 3370 observatione
884 3328 1073 3370 siderum

206 3385 349 3485 ἓῖίὲίέ,
382 3383 697 3485 ἓι2ὖ,9111χ2ν21,
729 3385 882 3486 1114120,
915 3386 991 3428 xu
1017 3388 1075 3430 22

343 3475 354 3495 9
549 3476 560 3495 7
786 3474 796 3486 ⁸

293 3515 398 3545 saxo
431 3501 616 3543 deiectus
647 3509 736 3543 est:
776 3515 928 3543 satum
969 3501 1075 3542 dicit

208 3572 286 3614 pro
317 3573 422 3603 saxo
463 3560 666 3616 Tarpeio,
714 3559 1075 3617 quemadmodum

206 3616 268 3662 tv
299 3619 380 3673 29,
412 3620 604 3679 itemque
634 3620 653 3665 1
686 3621 740 3665 15
772 3634 967 3680 camum
996 3630 1075 3677 pro

1155 1871 1306 1914 campo
1339 1858 1509 1900 Martie.
1543 1856 1679 1899 Plene
1712 1870 1816 1899 saxo
1847 1858 2025 1913 Tarpeio

1155 1919 1213 1959 vl
1261 1918 1337 1970 19,
1390 1917 1573 1972 Tarpeia
1613 1931 1740 1973 rupes
1779 1916 1830 1958 H.
1864 1916 1921 1957 111
1953 1918 2024 1959 71.

1153 1977 1387 2019 Diversum
1445 1982 1512 2018 est
1572 1990 1690 2018 more
1732 1977 1878 2034 prisco
1931 1977 2027 2017 sive

1150 2050 1270 2077 more
1299 2037 1511 2077 maiorum
1541 2035 1765 2077 advertere
1805 2034 2027 2089 (animad-

1154 2099 1370 2151 vertere).
1403 2094 1583 2136 Scilicet
1597 2095 1670 2150 qui
1691 2095 1754 2135 sic
1772 2093 1825 2134 ad
1843 2099 2027 2134 mortem

1155 2155 1342 2205 ducitur,
1377 2152 1595 2208 deligatus
1628 2152 1681 2193 ad
1710 2151 1856 2206 palum
1888 2153 2027 2208 virgis
2058 2177 2061 2198 z

1157 2212 1352 2254 caeditur
1373 2211 1514 2253 donec
1531 2213 1716 2253 animam
1740 2211 1925 2265 expiret,
1937 2217 2027 2251 tum

1157 2278 1286 2325 caput
1327 2271 1470 2312 securi
1518 2276 1791 2324 amputatur:
1847 2270 2025 2312 Sueton.

1153 2331 1255 2372 Ner.
1289 2330 1362 2372 49.
1416 2329 1788 2382 Quemadmodum
1822 2329 2027 2370 consules
2055 2355 2058 2359 <

1156 2391 1199 2430 in
1241 2388 1440 2429 Publium
1483 2388 1689 2429 Marcium
1730 2387 2027 2442 adverterunt,

1155 2451 1216 2489 ita
1247 2447 1493 2488 Pituanium
1525 2446 1713 2498 tribuni,
1761 2453 1807 2486 ut
1839 2447 2027 2499 videtur,

1156 2519 1260 2548 saxo
1273 2506 1544 2547 deiecerunt.
1565 2505 1662 2546 vid.
1678 2505 1905 2547 Niebuhrii
1918 2505 2026 2547 Hist.

1155 2566 1336 2607 Roman.
1360 2570 1464 2605 tom.
1487 2563 1525 2604 11
1551 2570 1640 2606 not.
1662 2565 1750 2608 372
1771 2570 1816 2605 et
1838 2565 2025 2619 1340sq.

1158 2631 1201 2666 et
1234 2624 1291 2666 cf.
1315 2624 1400 2665 Dio
1426 2623 1558 2665 LVlll
1600 2624 1668 2665 15.
1738 2623 1925 2664 Marcius
1959 2625 2027 2664 ci..

1156 2685 1224 2725 vis
1244 2683 1463 2725 Romanus
1505 2687 1687 2724 externa
1713 2683 2038 2736 superstitione.>

1157 2742 1369 2794 infectus,
1402 2741 1627 2783 Pituanius
1659 2742 1919 2796 peregrinus
1955 2742 2039 2782 vi-²

1158 2801 1283 2842 detur
1328 2801 1482 2842 fuisse.
1547 2800 1618 2842 Sic
1672 2799 1728 2841 VI
1779 2800 1832 2842 19
1874 2801 2029 2841 Sextus

1159 2860 1328 2902 Marius
1359 2860 1668 2915 Hispaniarum
1697 2859 1927 2900 ditissimus
1972 2883 2028 2890 -

1156 2932 1262 2959 saxo
1308 2918 1485 2974 Tarpeio
1528 2918 1725 2959 deicitur.
1791 2918 2030 2958 Classicum

1157 2978 1488 3018 instrumentum
1501 2983 1585 3029 est,
1601 2977 1723 3017 cuius
1736 2988 1844 3016 sono
1865 2976 2027 3017 classes

1158 3035 1262 3077 olim
1295 3036 1339 3075 in
1380 3049 1575 3089 campum
1620 3035 1816 3076 Martium
1859 3046 2055 3089 convo-¹

1158 3095 1390 3145 cabantur‚
1434 3107 1530 3135 cum
1565 3094 1672 3134 alias
1705 3093 1761 3133 ob
1801 3087 1897 3144 res',
1938 3099 2027 3131 tum

1157 3154 1193 3194 si
1218 3153 1272 3194 de
1302 3152 1445 3205 capite
1464 3153 1572 3192 civis
1596 3150 1870 3192 statuendum
1896 3155 2026 3190 esset.
2046 3190 2047 3194 ,

1157 3211 1277 3266 Lege
1302 3211 1540 3251 Varronem
1561 3209 1608 3250 L.
1631 3209 1676 3250 L.
1702 3209 1759 3250 Vl
1774 3210 1818 3259 §-
1836 3208 2026 3250 90—92.
2046 3226 2054 3265 j.

1158 3268 1343 3309 Comitia
1357 3274 1399 3308 et
1410 3267 1573 3308 iudicia
1586 3268 1627 3307 in
1641 3278 1793 3319 campo
1811 3267 1894 3306 iam
1908 3264 2029 3306 nul-la
2048 3298 2049 3313 ς

1157 3332 1271 3378 sunt,
1288 3325 1364 3367 sed
1380 3328 1524 3380 imago
1538 3325 1667 3378 prisci
1686 3326 1816 3364 moris
1840 3329 2026 3364 tenetur.
2051 3343 2055 3360 ι

1243 3391 1367 3425 extra
1409 3390 1579 3438 portam
1632 3382 1932 3436 Esquilinam.-
1982 3383 2028 3422 in

1160 3455 1310 3496 campo
1322 3441 1552 3496 Esquilino
1566 3456 1576 3493 3
1596 3441 1776 3482 Sueton.
1789 3439 1941 3482 Claud.
1953 3441 2025 3484 25.

1159 3500 1354 3541 Eundem
1380 3500 1553 3541 Tacitus
1578 3499 1656 3541 XV
1675 3500 1734 3543 60
1768 3499 2030 3542 dicitlocum

1159 3558 1380 3602 servilibus
1405 3560 1556 3618 poenis
1585 3560 1830 3618 sepositum,
1877 3559 1952 3602 ubi
1983 3570 2026 3603 v.

1159 3624 1307 3664 annot.
