2280 4004
215 250 303 294 344

981 246 1188 290 ANNALI
1195 246 1271 290 VM

1789 242 1906 299 nsit.
1923 292 1926 295 .
1941 250 2042 306 787.

216 383 366 444 bonis
401 390 657 457 sepultura
694 386 1123 454 prohibebantur,
1185 401 1360 439 corum
1411 388 1608 454 quide
1658 404 1716 442 se
1743 392 2049 452 ‘stam

218 482 551 534 humabantur
591 493 825 544 corpora,
856 478 1128 530 manebant
1161 483 1479 544 testamenta,
1501 478 1716 546 pretium
1757 481 2055 537 festinandi?

218 573 317 624 Sed
357 573 548 623 Caesar
583 569 752 620 missis
789 568 853 620 ad
890 574 1119 625 senatum
1158 569 1338 621 litteris
1377 569 1620 622 disseruit
1659 586 1851 624 morem
1871 572 2050 633 mm

218 660 524 723 maioribus,
585 659 819 725 quotiens
869 655 1167 711 dirimerent
1206 660 1486 724 amicitias,
1539 661 1863 714 interdicere
1897 662 2051 737 deiuge

182 766 432 818 seumque
480 751 627 802 finem
665 751 864 819 gratiae
904 765 1124 818 ponere:

1181 751 1232 803 id
1274 767 1332 804 se
1368 752 1670 819 repetivisse
1706 753 1758 805 in
1791 752 2050 822 Labedneg

220 847 368 909 atque
410 842 577 906 illum,
643 842 758 909 quia
798 843 929 895 male
969 842 1350 895 administratae
1387 844 1686 910 provinciae
1732 840 2051 914 aliorumque

220 933 480 985 criminum
522 934 651 984 mole
702 933 1007 1001 urgebatur,
1066 935 1261 1001 culpam
1302 935 1494 987 invidia
1535 936 1832 1002 velavisse,
1865 939 2052 992 frustra

220 1025 495 1076 con-territa
535 1040 713 1089 uxore,
754 1040 899 1091 quam
937 1026 1031 1077 etsi
1069 1030 1369 1089 nocentem,
1409 1027 1625 1092 periculi
1658 1032 1826 1080 tamen
1865 1044 2055 1096 expet-⁴

221 1121 318 1166 tem
360 1115 533 1167 fuisse.

606 1117 890 1168 Mamercus
938 1117 1056 1169 dein
1095 1117 1315 1168 Scaurus
1375 1132 1572 1169 rursum
1608 1118 1914 1185 postulatur,
1943 1116 2056 1178 gin-

160 1208 384 1275 insignis
410 1207 672 1259 nobilitate
702 1213 752 1259 et
777 1208 985 1259 orandis
1025 1209 1210 1272 causis,
1238 1210 1339 1259 vita
1379 1209 1678 1275 probrosus.

1752 1211 1886 1262 Nihil
1921 1211 2055 1264 liunc

222 1298 440 1349 amicitia
480 1299 678 1363 Seiani,
738 1299 828 1350 sed
879 1299 1119 1351 labefecit
1156 1299 1290 1350 haud
1329 1299 1492 1351 minus
1528 1301 1751 1353 validum
1794 1301 1859 1353 ad
1898 1303 2052 1357 exitia

221 1389 476 1441 Macronis
510 1389 696 1453 odium,
735 1391 819 1459 qui
852 1390 1066 1467 ‘easdem
1096 1394 1231 1442 artes
1269 1389 2056 1461 occnldtiusffiegercebatydem&

1623 1456 1626 1457 γ
1640 1450 1853 1463 Wfflx‘dw

221 1481 448 1546 leratque
497 1464 1197 1548 argumentum'tragoediae
1244 1497 1271 1532 a
1308 1481 1502 1533 Scauro
1559 1481 1809 1549 scriptae,
1858 1483 2056 1541 additis

222 1571 454 1622 versibus
495 1571 579 1637 qui
617 1571 666 1621 in
703 1570 956 1622 Tiberium
995 1570 1338 1624 flecterentur.

1414 1573 1598 1624 Verum
1646 1574 1710 1625 ab
1751 1572 2057 1632 Servilio-‘et

160 1671 207 1722 ts
224 1662 462 1714 Cornelio
495 1662 879 1714 accusatoribus
916 1661 1217 1714 adulterium
1246 1662 1434 1726 Liviae,
1472 1678 1735 1731 magorum
1773 1679 1927 1717 sacra*
1958 1664 2056 1717 ob-

223 1754 554 1805 lectabantur.
630 1754 880 1818 Scaurus,
923 1759 976 1804 ut
1016 1754 1221 1821 dignum
1260 1754 1517 1806 veteribus
1551 1754 1802 1821 Aemiliis,
1842 1755 2056 1808 damna-

340 1909 382 1950 ὃ.
418 1908 593 1948 diser-uit
626 1908 679 1949 M.

224 1967 276 2009 ab
311 1966 494 2009 editore.
580 1967 647 2009 14.
682 1967 756 2024 ab]
792 1965 851 2007 ad
881 1965 936 2008 Μ.

312 2087 578 2142 aliorumque
610 2086 838 2128 criminum
867 2086 975 2128 viole
1015 2101 1093 2128 ιιι·-

223 2148 427 2203 9ebatar:
462 2147 504 2187 in
527 2145 706 2203 vulgata
740 2147 809 2187 cui
833 2146 958 2188 deest
986 2146 1094 2188 mole

226 2207 448 2263 genitivus
474 2206 609 2247 verbo
629 2206 779 2261 uryert'
800 2206 974 2246 iunctus
1007 2219 1093 2247 non

225 2267 366 2307 minus
425 2266 608 2306 vitiosus
663 2271 730 2307 est
788 2270 831 2306 et
883 2265 1093 2317 insolens,

225 2339 351 2380 quam
406 2325 440 2365 si
487 2331 603 2366 esset
655 2324 868 2366 malorum
907 2339 1094 2380 pressus,

225 2382 459 2425 manifesto
514 2383 795 2425 soloecismo.
888 2383 942 2425 Et
990 2397 1096 2426 sane

225 2442 397 2485 Tacitus
418 2442 553 2497 probe
574 2440 797 2499 cognitum
821 2442 972 2484 habuit
994 2444 1095 2498 quid

226 2508 429 2556 posceret
461 2516 578 2548 usuS,
612 2516 708 2544 cum
735 2503 909 2556 scripsit
941 2503 1096 2557 (H.1v

225 2562 306 2616 43)
342 2561 521 2601 crimine
556 2586 610 2592 —-
647 2561 831 2616 Eprium
870 2562 1095 2616 urgebant.

226 2619 375 2674 ltaque
413 2618 640 2660 Ernestius
683 2620 926 2661 amovendo
970 2622 1095 2673 vitio,

226 2678 342 2733 quod
367 2677 617 2719 Waltherus
650 2678 852 2731 imperite
884 2672 1096 2731 defendit,

227 2738 379 2791 reponi
413 2737 555 2778 voluit
586 2737 861 2792 arguebatur.
927 2737 1011 2779 Sed
1043 2738 1096 2779 ab

228 2796 311 2837 boc
343 2795 428 2837 duo
448 2795 639 2838 alienum
662 2809 730 2838 me
764 2797 947 2847 faciunt,
981 2798 1096 2852 quod

227 2857 268 2895 in
315 2855 351 2896 M
398 2856 534 2897 forma
575 2868 691 2896 nunc
735 2861 800 2897 est
845 2855 1095 2911 urgebatur,

227 2926 311 2954 non
351 2914 624 2968 urguebatur,
660 2920 747 2955 tum
782 2916 882 2970 quia
915 2915 1095 2956 verbum

226 2972 490 3028 arguebatur
539 2973 580 3012 in
633 2985 709 3014 ore
754 2972 913 3015 'riberii
967 2975 1095 3015 nimis

228 3031 481 3087 languidum
533 3037 624 3073 est:
695 3032 730 3072 is
785 3033 898 3074 enim
947 3032 1096 3074 dicere

228 3090 323 3132 vult
356 3091 602 3133 Labeonem
647 3103 733 3131 non
778 3091 831 3132 ub
865 3098 1098 3133 accusato..

228 3150 362 3202 ribus,
396 3148 472 3192 sed
504 3150 595 3191 suis
621 3148 798 3191 delictis
831 3151 1098 3206 exagitatum

228 3214 409 3251 mortem
458 3208 539 3250 sibi
584 3208 869 3251 conscivisse.
936 3210 1100 3262 Quam-

228 3267 375 3309 obrem
424 3267 612 3309 tuendae
670 3273 912 3310 structurae
959 3268 1099 3311 adieci

229 3326 362 3368 mole.-
407 3327 490 3368 hoc
523 3333 666 3368 autem
701 3327 897 3368 a'scriba
936 3328 1100 3370 codicis

229 3385 265 3426 M
291 3387 495 3426 omissum
521 3386 695 3427 videtur
718 3398 815 3427 esse
836 3385 952 3438 ideo,
987 3386 1100 3442 quod

230 3445 271 3484 in
293 3443 539 3501 ἀρχετύπῳ
571 3445 657 3485 duo
681 3458 833 3486 versus
859 3446 917 3487 ita
949 3447 1099 3500 scripti

230 3503 418 3553 suerunt.
443 3509 489 3543 ut
513 3505 553 3543 in
580 3505 724 3556 priore
746 3503 871 3556 male,
899 3506 941 3546 in
961 3506 1099 3547 altero

227 3561 335 3601 mole
380 3561 533 3603 eodem
583 3575 735 3603 versus
790 3562 888 3606 loco
936 3572 1098 3614 essent,

229 3618 343 3659 unde
391 3632 616 3675 perperam
676 3620 877 3664 librarius
918 3624 1101 3667 credidit

790 1907 832 1949 6.
867 1907 1164 1949 administrate
1193 1908 1438 1965 provintiae
1471 1907 1525 1949 M.

1623 1909 1661 1950 7.
1696 1907 1805 1950 mole
1835 1909 2050 1986 ‘insen-tuln

1184 2087 1312 2129 etiam
1334 2087 1528 2128 secundo
1561 2086 1659 2128 loco
1688 2085 1800 2128 ’nale
1822 2085 2055 2143 idque-per

1181 2158 1371 2188 errorem
1406 2158 1460 2187 ex
1500 2145 1639 2188 altero
1682 2146 1915 2200 repetitum
1939 2158 2053 2190 esse.

1180 2205 1398 2262 Effingam
1433 2207 1494 2247 rei
1529 2205 1795 2262 imaginem:

1182 2264 1319 2306 'nale
1351 2264 1681 2307 administratae
1696 2265 1892 2320 provinc.
1918 2277 1960 2307 a.
1989 2278 2051 2308 cr.

1182 2323 1315 2366 incole
1349 2324 1598 2379 timebatur,
1633 2324 1803 2380 culpam
1833 2323 1920 2366 inv.
1954 2339 1993 2367 v.

1182 2384 1270 2424 Aut
1306 2383 1395 2424 l'ors
1428 2384 1471 2424 in
1506 2382 1589 2425 hoc
1611 2383 1787 2424 nomine
1820 2383 1879 2424 ita
1911 2382 2055 2426 domi-

1184 2448 1284 2487 nata
1334 2447 1425 2494 est,
1501 2447 1547 2483 ut
1598 2447 1697 2496 post
1743 2442 1971 2484 criminum
2011 2446 2056 2483 ‘in

1183 2501 1480 2553 intercideret,
1514 2502 1730 2557 reliquiae
1763 2500 1866 2557 (ole)
1898 2515 1924 2544 a
1947 2500 2055 2543 sub-

1182 2567 1396 2616 sequente
1429 2561 1565 2602 verbo
1598 2560 1868 2618 (urgebam)
1903 2560 2055 2602 hauri-

1183 2625 1346 2661 rentur.
1412 2618 1478 2661 Cf.
1500 2620 1754 2660 Ammianus
1776 2618 2055 2661 Marcellinus

1185 2678 1298 2719 xxu
1341 2679 1391 2719 11
1437 2680 1482 2729 §.
1518 2680 1572 2721 2:
1626 2681 1728 2719 tun'c
1769 2685 1811 2719 et
1839 2677 2055 2720 Artemius

1185 2752 1237 2779 ex
1269 2737 1373 2779 duce
1404 2737 1601 2792 Aeyypti,
1634 2736 1948 2779 Alexandrinis
1974 2751 2054 2779 ur..

1181 2797 1376 2853 yentibus
1407 2797 1620 2838 atrocium
1665 2796 1893 2839 criminum
1931 2795 2053 2850 mole,

1181 2856 1388 2913 supplicio
1421 2856 1600 2911 capitali
1628 2856 1829 2898 multam
1859 2862 1935 2898 est.
2005 2891 2009 2893 Δ

1276 2929 1446 2957 rursum
1471 2915 1743 2970 postulatur.-
1776 2916 1893 2958 conf.
1921 2913 1977 2956 Vl
2011 2915 2053 2958 9.

1270 2976 1358 3016 vita
1391 2974 1649 3030 probrosus:
1698 2975 1848 3016 Scauri
1899 2973 2056 3028 probi-a

1184 3035 1416 3089 exequitur
1440 3034 1607 3075 Seneca
1634 3034 1685 3075 de
1705 3034 1853 3089 Benef.
1887 3033 1948 3075 tv
1979 3035 2053 3081 33,

1186 3093 1470 3147 meminitque
1503 3091 1796 3134 Tertullianus
1832 3092 1883 3134 de
1914 3091 2054 3134 Pattio

1186 3152 1228 3193 5.
1263 3150 1509 3192 'l'aeituslu
1542 3151 1599 3194 66
1634 3153 1727 3205 ipse
1762 3150 1878 3194 hunc
1909 3151 2054 3193 numi-

1186 3211 1308 3252 navit
1339 3210 1612 3266 opprobrium
1635 3211 1863 3254 maiorum.
1923 3209 2052 3252 Gonl'.

1187 3268 1270 3311 Dio
1303 3268 1436 3311 Lvnt
1470 3271 1542 3312 24.

1275 3329 1565 3383 detuleratque
1615 3337 1911 3385 arqumentum
1956 3335 2052 3370 tra·-

1186 3388 1428 3443 qoediae—
1441 3390 1739 3444 flecterentur.-
1770 3387 1945 3431 fabulae
1969 3397 2051 3426 no·

1187 3460 1284 3489 men
1331 3453 1424 3490 erat
1461 3449 1645 3499 Atreus,
1701 3448 1755 3489 dc
1801 3458 1886 3501 quo
1930 3443 2049 3497 plura

1187 3507 1269 3548 Dio
1300 3507 1327 3549 l.
1362 3523 1399 3550 c.
1435 3508 1668 3549 Suetonius
1691 3506 1782 3547 Tib.
1816 3505 1899 3547 61:
1932 3502 2050 3544 obie-

1187 3573 1298 3607 ctum
1330 3574 1389 3608 est
1416 3573 1584 3623 poetae,
1618 3566 1727 3620 quad
1755 3566 1801 3605 in
1827 3561 2052 3618 tragoedia

1186 3624 1547 3681 Aqamemnonem
1583 3624 1755 3681 probris
1796 3621 2048 3665 lacessisset.
