2280 4004
196 260 302 317 ac.
334 261 410 310 48.

196 404 295 461 fori
345 405 715 474 digrediuntur.

766 261 932 308 LIBER
962 262 1033 308 XI.
1099 263 1205 310 ΟΛΡ.
1238 265 1430 312 31-33.
1964 270 2025 313 3⁸?

791 408 986 461 Ceteris
1045 409 1232 475 passim
1275 410 1610 464 dilabentibus
1647 411 1859 465 adfuere
1900 429 2026 466 cen-

196 498 440 564 turioneS,
477 499 735 567 inditaque
763 506 879 552 sunt
907 501 1090 567 vincla,
1126 507 1179 553 ut
1210 502 1320 569 quis
1351 505 1702 570 reperiebatur
1737 504 1790 554 in
1819 504 2023 571 publico

196 595 280 644 aut
315 606 408 657 per
442 590 682 643 latebras.

198 681 462 734 consilium
501 683 809 749 eximerent,

194 788 348 840 saepe
387 773 668 826 subsidium
706 775 979 841 habuerat,

755 593 1027 646 Messalina
1065 599 1260 659 tamen,
1316 610 1613 662 quamquam
1648 611 1733 648 res
1772 597 2023 649 adversae

866 684 942 736 ire
996 684 1197 736 obviam
1247 689 1296 736 et
1336 686 1497 752 aspici
1547 703 1575 739 a
1613 690 1828 753 marit0,
1886 688 2022 754 quod

1036 776 1170 827 haud
1207 778 1438 844 segniter
1474 778 1716 845 intendit,
1755 779 2061 847 iussitque,5

193 870 247 916 ut
288 864 606 916 Britannicus
673 871 722 917 et
772 867 983 919 Octavia
1034 868 1086 919 in
1147 866 1460 935 complexum
1513 870 1670 936 patris
1727 877 2019 939 pergerent.

191 955 255 1009 Et
287 955 536 1008 Vibidiam
583 956 837 1024 virginum
879 959 1154 1011 Vestalium
1198 961 1588 1013 vetustissimam
1645 963 1811 1013 oravit
1848 963 2022 1029 ponti-

191 1045 301 1110 ficis
327 1046 529 1098 maximi
552 1062 702 1099 aures
737 1047 897 1114 adire,
926 1049 1242 1102 clementiam
1270 1056 1524 1118 expetere.

1598 1052 1764 1118 Atque
1800 1053 2018 1119 interim,

189 1136 349 1190 tribus
386 1138 592 1190 omnino
631 1139 986 1191 comitantibus
1028 1141 1108 1203 (id
1149 1147 1357 1208 repente
1393 1143 1682 1194 solitudinis
1724 1148 1860 1211 erat)
1897 1159 2021 1211 spa-

190 1227 311 1283 tium
347 1229 487 1283 urbis
512 1230 726 1297 pedibus
758 1247 981 1298 emensa,
1010 1233 1245 1285 vehiculo
1275 1249 1374 1300 quo
1396 1240 1727 1302 purgamenta
1759 1236 2020 1287 hortorum
2040 1252 2086 1288 io

191 1321 535 1388 excipiuntur,
576 1323 863 1375 Ostiensem
902 1324 1037 1376 viam
1075 1324 1256 1390 intrat,
1306 1325 1442 1377 nulla
1485 1326 1778 1393 cuiusquam
1815 1326 2023 1378 miseri-

107 1415 177 1464 33
193 1411 385 1477 cordia,
427 1411 544 1479 quia
574 1413 879 1481 flagitiorum
916 1414 1212 1467 deformitas
1239 1417 1582 1482 praevalebat.

1657 1417 2022 1484 Trepidabatur

190 1501 348 1555 nihilo
374 1502 535 1554 minus
567 1519 595 1555 a
627 1504 873 1557 Caesare:
915 1507 1095 1572 quippe
1122 1505 1279 1558 Getae
1313 1508 1556 1573 praetorii
1590 1508 1852 1574 praefecto
1886 1508 2021 1559 haud

191 1594 315 1647 satis
350 1594 604 1660 fidebant,
658 1596 721 1646 ad
760 1596 972 1648 honesta
1014 1612 1107 1649 seu
1142 1613 1299 1664 prava
1335 1598 1476 1650 iuxta
1515 1599 1632 1650 levi.

1706 1600 1845 1667 Ergo
1888 1599 2023 1651 Nar-

192 1686 385 1751 cissuS,
425 1687 702 1754 adsumptis
738 1689 918 1755 quibus
956 1689 1091 1742 idem
1130 1696 1321 1756 metus,
1362 1706 1466 1742 non
1504 1691 1654 1743 aliam
1691 1707 1831 1758 spem
1870 1691 2084 1743 inco-1⁵

190 1776 427 1830 lumitatis
467 1779 703 1831 Caesaris
743 1780 1004 1847 adfirmat,
1046 1797 1193 1854 quam
1234 1782 1278 1834 si
1314 1783 1392 1834 ius
1429 1783 1639 1834 militum
1675 1798 1777 1834 uno
1814 1782 1899 1834 illo
1937 1782 2021 1833 die

189 1868 243 1922 iu
279 1869 495 1938 aliquem
541 1870 837 1923 libertorum
878 1874 1202 1939 transferret3
1258 1889 1415 1941 seque
1455 1874 1604 1927 offert
1654 1880 2020 1940 suscepturum.

313 2064 355 2106 2.
389 2074 557 2118 repper.
589 2060 670 2104 Ma.

187 2180 262 2234 fici
292 2179 372 2222 Ma.
476 2180 519 2223 8.
553 2181 706 2222 audire
738 2194 787 2235 pr
818 2181 897 2225 Ma.

192 2246 276 2282 tur.
379 2238 630 2283 hostiensem
662 2239 744 2284 Ma.

199 2297 266 2342 14.
292 2298 451 2353 fidebat
483 2299 531 2342 G.
657 2299 725 2344 16.
758 2302 834 2358 aff.
871 2301 949 2344 Or.

193 2476 331 2520 salina
374 2478 649 2520 simulacrum
685 2479 934 2522 vindemiae
981 2492 1059 2521 ce-

193 2536 443 2584 lebraverit.
508 2537 698 2581 Orellius
730 2539 865 2580 tacite
884 2539 1060 2593 scripsit

192 2603 440 2650 auctumno,
480 2597 558 2640 sed
589 2598 643 2640 ad
674 2599 731 2640 Xl
763 2597 792 2641 4
826 2598 941 2640 idem
974 2612 1056 2639 au-

194 2662 334 2698 tumno
369 2670 423 2698 ex
454 2655 521 2699 Ma
550 2658 732 2700 rettulit.

305 2715 493 2758 Vectium
565 2716 810 2759 Valentem:
872 2716 1059 2772 insignis

194 2774 388 2816 med-icus
422 2781 528 2818 erat.
571 2776 680 2818 Plin.
705 2777 756 2818 N.
791 2775 843 2818 Η.
866 2775 1002 2816 XXIX
1034 2776 1060 2818 5

197 2833 299 2890 (4):
347 2841 517 2876 emortus
574 2836 724 2876 deinde
782 2842 841 2876 cst
902 2834 1060 2876 Vettius

206 2891 375 2944 Valens,
389 2893 599 2935 adulterio
615 2894 876 2936 Messalinae
890 2893 1063 2935 Claudii

199 2950 402 2994 Caesaris
431 2952 676 2996 nobilitatus
691 2954 940 3010 pariterque
969 2952 1061 2994 elo-

198 3010 395 3064 quentiae
443 3019 691 3055 assectator.
757 3013 798 3054 Is
848 3025 942 3053 eam
979 3025 1061 3068 po-

198 3071 373 3111 tentiam
402 3078 553 3113 nactus
591 3085 746 3114 novam
785 3073 966 3113 instituit
997 3086 1067 3113 se-

199 3135 310 3169 ctam
322 3129 652 3188 (medicorum).
683 3131 936 3174 Scribonius
961 3130 1067 3172 Lar-

200 3200 280 3242 gus
336 3201 372 3229 c.
429 3190 510 3232 22:
573 3189 653 3231 hoc
712 3190 1066 3231 medicamentum

199 3245 355 3301 Apulei
387 3246 500 3288 Celsi
528 3249 625 3303 suit,
654 3251 948 3306 praeceptoris
978 3248 1064 3291 Va-

199 3304 324 3347 lentis
355 3312 394 3346 et
424 3308 573 3348 nostri.

289 3422 392 3477 Cap.
426 3425 498 3467 32.
564 3423 841 3465 Lucullianos
871 3425 917 3465 in
957 3423 1063 3465 lior-

201 3489 292 3524 tos.-
326 3482 404 3523 hos
437 3494 551 3523 anno
584 3489 684 3524 ante
721 3483 898 3525 Valerio
932 3484 1063 3524 Asia-

199 3542 289 3583 tico
323 3543 562 3597 eripuerat:
597 3541 650 3583 XI
687 3546 723 3586 1.
816 3556 1066 3598 quamquam

201 3613 271 3642 res
307 3597 514 3644 adversae
546 3601 770 3645 consilium
804 3603 1065 3644 eximerent.

204 3657 432 3705 Messalina
465 3660 695 3706 consilium
727 3674 806 3718 pro
835 3661 964 3707 rebus
987 3661 1067 3706 de-

761 2063 804 2105 3.
839 2075 1082 2118 quanquam
1112 2062 1193 2106 Ma.

190 2123 232 2165 5.
262 2121 438 2175 misique
468 2123 576 2176 (non
607 2121 821 2177 missique)
854 2121 937 2174 Ma,
967 2124 1072 2165 iussi
1103 2137 1179 2178 que
1213 2121 1261 2164 G.

1025 2184 1093 2224 11.
1121 2182 1394 2237 excipiuntur
1425 2182 1654 2223 Heinsius.
1690 2179 1791 2223 GMa
1824 2180 2020 2236 eripiun-

851 2243 1023 2298 cuiusq3
1068 2242 1133 2301 (id
1166 2247 1231 2284 est
1265 2243 1484 2300 cuiusque)
1517 2239 1612 2283 Ma.

1293 2061 1335 2105 4.
1372 2062 1599 2104 eximirent
1631 2074 1847 2117 superscr.
1882 2074 1904 2102 e
1935 2060 2018 2104 Ma.

1371 2122 1412 2165 6.
1450 2123 1562 2164 tritt.
1596 2121 1677 2164 Ma.
1801 2122 1841 2163 7.
1870 2121 2020 2177 ponti-

1654 2241 1930 2295 quoiusquam
1970 2238 2019 2283 G.

1144 2478 1330 2533 speratis
1389 2477 1599 2532 optimum
1662 2476 1804 2530 cepit;
1871 2475 2022 2530 itaque

1146 2538 1381 2580 eximerent
1411 2537 1527 2579 idem
1550 2535 1670 2577 valet
1695 2535 1810 2590 quod
1835 2536 2022 2577 eaeimere

1139 2604 1337 2654 possent,
1373 2603 1416 2638 et
1449 2608 1703 2651 quamquam
1736 2595 1797 2636 ita
1828 2596 2021 2649 positum

1148 2663 1194 2698 ut
1226 2656 1415 2711 quamvis
1449 2655 1563 2710 apud
1590 2653 1849 2696 Ciceronem
1881 2654 2019 2696 alios-

1146 2730 1231 2772 que
1268 2729 1427 2757 aureae
1461 2715 1617 2757 aetatis
1650 2719 1879 2755 auctores:
1912 2714 2019 2755 wie-

1146 2774 1258 2817 wohl
1281 2774 1587 2830 Missqeschiclt
1619 2775 1745 2815 einen
1764 2772 2020 2814 Entschluss

1148 2835 1368 2876 entziehen
1400 2834 1571 2876 konnte.
1677 2833 1890 2889 pontificis
1921 2845 2019 2872 ma-

1146 2895 1252 2935 ximi
1292 2907 1446 2935 aures.-
1487 2891 1648 2934 Caesar
1690 2893 1785 2947 ipse
1827 2903 2018 2933 summus

1149 2959 1241 2995 erat
1273 2953 1318 2994 in
1364 2952 1557 3009 collegio
1597 2952 1878 3007 pontificum:
1928 2950 2016 2994 vid.

1149 3027 1185 3055 c.
1219 3014 1278 3056 34
1311 3017 1420 3055 extr.
1456 3018 1498 3054 et
1529 3010 1586 3053 ΙΙΙ
1618 3011 1675 3054 58
1706 3023 1771 3067 sq.

1241 3130 1346 3184 Cap.
1380 3131 1452 3172 33.
1515 3143 1544 3170 a
1578 3129 1792 3171 Caesare.-
1824 3127 1908 3168 hoc
1935 3139 2018 3166 no-

1152 3190 1269 3230 mine
1306 3195 1348 3230 et
1380 3190 1476 3242 ipsc
1513 3195 1556 3230 et
1587 3193 1732 3241 partes
1766 3186 1860 3227 eius
1895 3198 2018 3227 com-

1151 3247 1494 3302 prehenduntur.
1556 3245 1643 3288 Nos
1701 3246 1886 3286 dicimus
1936 3258 2021 3286 von

1151 3307 1298 3348 Seiten
1349 3306 1420 3346 des
1461 3306 1640 3347 Caesar.
1703 3304 1839 3346 Recte
1885 3304 2020 3359 igitur

1150 3366 1293 3406 statim
1327 3364 1607 3420 subsequitur
1646 3364 1689 3404 in
1724 3361 1787 3404 Ma
1815 3362 2017 3415 fidebant,

1149 3437 1235 3464 non
1284 3423 1441 3477 fidebat
1494 3423 1608 3478 quod
1659 3423 1794 3464 ceteri
1843 3422 2019 3464 codices

1150 3488 1409 3538 agnoscunt
1481 3482 1660 3524 Scilicet
1692 3483 1819 3523 timor
1852 3487 1893 3522 et
1923 3487 2016 3523 tre-

1151 3541 1316 3603 pidatio
1365 3547 1408 3583 et
1441 3539 1671 3583 Caesarem
1723 3547 1766 3582 et
1809 3552 1909 3583 suos
1944 3542 2015 3582 in..

1151 3606 1345 3655 vaserat,
1387 3600 1465 3644 sed
1494 3600 1579 3644 soli
1613 3601 1793 3644 comites
1826 3600 1920 3642 veri
1953 3600 2015 3642 ti..

1150 3662 1282 3707 moris
1315 3674 1487 3707 causam
1518 3661 1857 3721 perspiciebant
