2280 4004
235 313 262 347 a
292 299 347 351 C.
374 300 564 346 54-55.
835 299 1000 344 LIBER
1031 299 1142 344 XIII.
1205 299 1310 344 CAr.
1346 300 1507 345 8-11,
1967 297 2058 343 119·

199 427 368 491 ‘Nero
404 454 502 506 quo
543 443 871 506 componeret
909 439 1141 490 diversos
1164 478 1177 504 ,
1218 439 1292 491 sic
1333 440 1558 508 evulgari
1595 440 1758 507 iussit,
1803 442 1867 493 ob
1905 457 1989 495 res
2027 459 2055 494 a

235 530 491 592 Quadrato
528 536 578 582 et
606 531 894 582 Corbulone
931 545 1174 596 prospere
1209 532 1594 598 gestaslaurum
1631 532 1856 585 fascibus
1894 533 2058 600 impe-

232 622 437 673 ratoriis
475 612 611 673 addi.
686 622 828 683 Quae
860 622 913 671 in
949 621 1076 673 alios
1117 622 1352 674 consules
1392 639 1602 691 egressa
1645 624 1901 675 coniunxi.

149 710 219 758 10
371 713 563 764 Eodem
620 727 753 763 anno
791 712 980 764 Caesar
1028 713 1246 780 effigiem
1296 714 1470 765 Gnaeo
1520 715 1738 766 Domitio
1797 715 1953 781 patri,
2007 721 2056 766 et

234 802 521 854 consularia
558 803 782 870 insignia
818 802 1051 854 Asconio
1088 804 1345 869 Labeoni,
1414 820 1512 871 quo
1560 810 1726 858 tutore
1763 821 1884 858 usus
1927 811 2093 871 erat,5

231 894 405 961 petivit
455 909 484 944 a
530 899 707 946 senatu
723 912 737 958 3
793 895 990 960 sibique
1038 900 1228 946 statuas
1280 901 1493 963 argento
1550 897 1632 948 vel
1683 912 1806 948 auro
1860 897 2053 949 solidas

230 982 476 1037 adversus
517 984 791 1036 offerentes
828 986 1098 1051 prohibuit.
1172 987 1233 1037 Et
1269 1002 1567 1053 quamquam
1608 988 1926 1040 censuissent
1961 1004 2057 1055 pa-

229 1080 350 1141 treS,
391 1080 446 1126 ut
480 1075 780 1142 principium
810 1077 928 1127 anni
965 1077 1214 1142 inciperet
1248 1092 1423 1130 mense
1451 1079 1738 1144 Decembri,
1780 1093 1877 1145 quo
1914 1084 2054 1130 ortus

229 1172 338 1220 erat
383 1167 548 1231 Ner0,
599 1171 823 1218 veterem
873 1168 1176 1235 religionem
1213 1167 1543 1219 kalendarum
1585 1169 1930 1221 Ianuariarum
1967 1170 2051 1227 in<-

230 1258 466 1310 choando
490 1273 623 1309 anno
660 1258 880 1310 retinuit.
953 1259 1128 1324 Neque
1166 1260 1358 1324 recepti
1386 1264 1501 1310 sunt
1531 1259 1663 1310 inter
1699 1275 1818 1311 reos
1843 1260 2053 1312 Carinas
2075 1284 2120 1318 ιο

230 1350 377 1403 Celer
409 1355 642 1415 senator,
697 1365 848 1402 servo
893 1355 1191 1414 accusante,
1252 1355 1335 1400 aut
1371 1350 1521 1402 Iulius
1553 1351 1751 1402 Densus
1793 1356 2045 1417 equester,

230 1441 310 1493 cui
348 1441 496 1493 favor
532 1441 584 1491 in
620 1441 964 1492 Britannicum
1004 1441 1200 1491 crimini
1243 1441 1470 1492 dabatur.

145 1534 210 1583 11
366 1531 578 1584 Claudio
612 1533 818 1584 Nerone
855 1532 1012 1583 Lucio
1050 1532 1270 1593 Antistio
1325 1532 1617 1584 consulibus
1666 1548 1778 1584 cum
1835 1533 1888 1584 in
1941 1539 2054 1586 acta

225 1624 506 1693 principum
541 1624 767 1676 iurarent
792 1624 1135 1691 magistratuS,
1168 1624 1222 1674 in
1251 1639 1342 1675 sua
1373 1629 1484 1676 acta
1511 1624 1760 1691 collegam
1783 1625 2054 1677 Antistium

225 1716 394 1768 iurare
432 1715 703 1782 prohibuit,
741 1715 940 1783 magnis
967 1719 1163 1782 patrum
1201 1715 1450 1780 laudibus,
1490 1721 1544 1766 ut
1578 1716 1814 1768 iuvenilis
1858 1717 2116 1777 animusffi

223 1807 409 1859 levium
463 1820 664 1872 quoque
721 1821 890 1857 rerum
938 1805 1103 1873 gloria
1160 1805 1386 1857 sublatus
1444 1807 1666 1858 maiores
1717 1806 2051 1859 continuaret.

223 1900 508 1965 Secutaque
538 1897 720 1950 lenitas
758 1897 810 1948 in
848 1898 1090 1949 Plautium
1115 1899 1432 1963 Lateranum,
1473 1914 1620 1965 quem
1653 1899 1717 1950 ob
1755 1898 2055 1951 adulterium

222 1989 526 2043 Messalinae
561 1988 742 2041 ordine
775 1989 1028 2041 demotum
1060 1989 1285 2040 reddidit
1313 1990 1527 2054 senatui,
1567 1989 1882 2042 clementiam
1913 2006 2055 2042 suam

225 2081 551 2148 obstringens
581 2080 775 2132 crebris
801 2080 1134 2144 orationibuS,
1166 2095 1290 2146 quas
1319 2080 1533 2144 Seneca,
1561 2080 1882 2132 testificando
1907 2097 2054 2147 quam

222 2171 435 2223 honesta
455 2171 791 2237 praeciperet,
806 2171 888 2222 vel
907 2170 1128 2221 iactandi
1148 2171 1359 2238 ingenii,
1383 2185 1514 2222 voce
1536 2170 1779 2237 principis
1796 2171 2050 2238 vulgabat.
2069 2191 2118 2227 20

341 2361 378 2402 1.
414 2359 603 2400 diversus
633 2357 722 2401 Ma:
757 2358 790 2401 G
822 2359 1028 2402 diuersos.
1118 2363 1160 2404 3.
1193 2360 1358 2402 addidit
1389 2359 1507 2403 GMa.

225 2420 471 2460 contuncoett
502 2417 582 2470 Ma,
616 2419 838 2460 coniunxit
870 2418 930 2460 G:
975 2421 1107 2462 tacite
1153 2420 1343 2461 correxit
1368 2419 1625 2463 Rhenanus.

226 2479 266 2520 7.
302 2490 456 2533 quanq.
493 2476 571 2520 Ma.
698 2479 928 2520 censuisset
958 2477 1037 2519 Ma.
1160 2480 1228 2522 12.
1271 2479 1399 2532 fabor
1428 2477 1509 2520 Ma.

228 2538 297 2580 13.
335 2537 383 2579 l..
419 2535 497 2578 Ma.
601 2550 686 2579 cos.
723 2550 819 2578 cum
852 2537 928 2580 lin.
965 2536 1044 2580 Ma..
1140 2538 1208 2580 17.
1236 2537 1420 2594 plattam
1451 2537 1532 2581 Ma.

224 2595 316 2650 Ma,
349 2603 554 2638 remotum
586 2596 739 2638 ceteri.

1603 2375 1688 2402 cos.
1727 2373 1824 2402 cum
1857 2360 1933 2402 lin.
1970 2359 2052 2402 Ma.

1775 2419 1818 2462 4.
1855 2420 1934 2462 Gn.
1974 2418 2052 2460 Ma.

1633 2478 1938 2520 brittannicum
1969 2477 2050 2520 Ma.

1629 2538 1697 2581 18.
1721 2537 1929 2580 demotum
1960 2549 2057 2579 corr

1279 2739 1468 2783 Carinas
1502 2740 1629 2784 Celer
1659 2748 1858 2784 senator:
1892 2755 1934 2784 v.
1971 2754 2052 2783 an-

1187 2805 1277 2842 not.
1311 2799 1365 2842 ad
1395 2799 1455 2841 111
1485 2800 1557 2843 36.

1275 2866 1491 2914 equester:
1535 2859 1578 2900 h.

224 2745 326 2789 ταῖς
390 2738 571 2784 δώδεκα
629 2739 822 2796 ιῖιίβδοις
883 2738 957 2783 αεὶ
1022 2743 1099 2784 καὶ

223 2799 469 2856 πανταχοῦ
495 2799 734 2856 χρῆσθαι,
774 2803 853 2843 καὶ
884 2802 934 2844 ἐν
965 2803 1097 2859 μέσῳ

225 2873 322 2901 των
371 2858 444 2901 ἀεὶ
505 2858 833 2903 ὑπατευόντων
885 2859 960 2902 ἐπὶ
1022 2862 1104 2904 ιοῦ
1630 2872 1669 2902 e.
1710 2859 1873 2901 ordinis
1915 2873 2055 2916 eque-

224 2916 424 2974 ἀρχικοῦ
459 2916 635 2975 δίφρου
667 2920 966 2969 καθέζεσθαι.

314 2976 363 3018 ob
395 2991 464 3017 res
484 3001 540 3008 -
573 2977 701 3018 addi.-

229 3040 369 3076 ortum
402 3036 446 3076 in
468 3032 534 3077 Ma
559 3048 610 3077 eo
635 3035 750 3091 quod
773 3035 915 3077 scriba
936 3037 1098 3079 exitum

225 3095 469 3150 antegressi
492 3094 614 3136 verbi
647 3095 768 3136 iussit
790 3095 893 3136 huic
923 3107 1098 3150 quoque

230 3153 524 3206 imprudenter
573 3154 825 3208 applicavit.
891 3152 1099 3195 Coi-rum..

231 3216 338 3265 punt
383 3214 603 3254 sincerum
654 3212 789 3254 Taciti
830 3211 978 3254 stilum
1024 3214 1096 3268 qui

229 3269 377 3311 addidi
407 3270 614 3312 scribunt.
661 3271 767 3313 Nam
801 3271 839 3311 is
872 3271 1015 3313 aliena
1044 3284 1098 3313 ex

227 3330 344 3380 suis,
391 3328 463 3370 ubi
509 3328 601 3370 fieri
645 3335 814 3384 potest,
861 3343 1098 3387 segregare

227 3399 407 3441 operam
439 3387 574 3430 dedit.

321 3445 424 3500 Gap.
464 3447 530 3490 10.
598 3446 744 3488 Gnaeo
780 3446 990 3489 Domitio.-
1037 3446 1093 3490 cs.

231 3511 377 3549 annot.
413 3505 464 3546 ad
498 3503 556 3546 1v
589 3506 644 3548 75
683 3511 726 3547 et
758 3505 848 3547 Ind.
882 3503 981 3548 hist.

313 3578 453 3606 mense
473 3564 711 3617 Decembri,
745 3578 823 3619 quo
856 3571 972 3607 ortus
1004 3573 1099 3608 erat

231 3622 344 3666 Nero
363 3639 377 3666 .·
411 3625 468 3667 cf.
499 3624 679 3667 Sueton.
700 3622 802 3668 Ner.
834 3624 862 3669 6
889 3630 932 3668 et
947 3629 1094 3670 annot.

231 3680 285 3724 ad
322 3681 398 3725 ΧΠ
429 3683 500 3727 25.

737 2976 902 3018 Vitium
935 2976 1099 3019 addidit
1176 2989 1182 2992 ’

1185 2918 1313 2970 stris3
1346 2931 1389 2960 v.
1423 2917 1498 2960 XII
1528 2918 1599 2962 60.

1275 2975 1379 3031 Cap.
1420 2979 1487 3020 11.
1551 2976 1731 3019 Claudio
1766 2977 1967 3020 Nerone.-
2001 2992 2055 3020 ex

1185 3041 1388 3092 quattuor
1423 3036 1608 3078 Neronis
1642 3035 1942 3079 consulatibus
1981 3037 2052 3079 hic

1181 3096 1360 3149 primus.
1424 3096 1659 3138 Suetonius
1691 3093 1807 3136 Ner.
1831 3096 1912 3138 14:
1947 3110 2054 3137 con-

1183 3154 1346 3196 sulatus
1379 3160 1579 3208 quattuor
1609 3154 1751 3208 yessit,
1779 3155 1965 3209 primum
1985 3155 2052 3196 bi-

1181 3220 1401 3265 mestrem,
1448 3212 1678 3254 secundum
1710 3218 1749 3253 et
1779 3212 2051 3253 novissimum

1180 3277 1423 3322 semestres,
1468 3271 1638 3312 tertium
1677 3270 2054 3324 quadrimestrem:

1187 3330 1345 3371 medios
1378 3329 1480 3370 duos
1513 3331 1575 3384 (a.
1609 3329 1698 3372 810
1730 3333 1773 3370 et
1801 3329 1911 3384 811)
1947 3343 2053 3371 con-

1187 3389 1395 3439 adnavit,
1427 3388 1612 3442 reliquos
1646 3387 1787 3442 (hunc
1820 3401 1859 3429 a.
1892 3387 1980 3430 808
2011 3394 2054 3429 et

1185 3447 1295 3503 813)
1329 3448 1443 3488 inter
1468 3459 1617 3487 annua
1651 3447 1793 3501 spatia
1822 3447 2022 3488 variavit.

1272 3506 1321 3546 ob
1363 3502 1620 3547 adulterium
1664 3505 1953 3547 Messalinae:
2007 3518 2048 3548 v.

1267 3623 1334 3666 vel
1354 3623 1549 3666 iactandi
1567 3622 1757 3682 inqenii:
1791 3623 1908 3668 conf.
1926 3621 1964 3667 11
1996 3624 2052 3670 59

1176 3682 1326 3739 ibique
1356 3687 1502 3726 annot.
