2280 4004
119 739 191 789 19

118 1197 190 1249 20

204 245 247 278 εν
260 233 310 280 G.
343 235 532 283 59—60.

786 236 951 281 LIBER
983 236 1097 282 XIV.
1159 236 1268 283 cir.
1303 239 1489 285 17—20.

1942 240 2030 286 193

203 390 383 430 versus
418 377 636 430 iudicem
675 378 864 430 invidia
877 395 893 443 3
947 383 996 431 et
1043 383 1249 431 senatus
1291 379 1468 447 ignota
1506 378 1603 431 sibi
1643 394 1759 431 esse
1795 379 2034 433 mandata

205 467 402 520 Claudii
454 474 504 521 et
541 470 902 522 consulendum
956 470 1232 537 principem
1282 471 1560 537 respondit.

1633 472 1768 524 Nero
1821 471 2035 539 probata

205 560 470 613 Strabonis
506 562 772 627 sententia,
812 578 870 615 se
907 562 1063 614 nihilo
1102 562 1266 614 minus
1304 563 1576 615 subvenire
1603 563 1761 616 sociis
1804 567 1854 616 et
1879 577 2036 616 usur-

205 655 321 718 pata
361 653 648 706 concedere
687 654 906 720 scripsit.

346 742 630 810 Sequuntur
679 744 905 795 virorum
956 744 1238 796 inlustrium
1283 750 1506 812 mortes,
1562 745 1768 798 Domitii
1818 745 1932 798 Afri
1981 749 2079 817 ets..

204 833 361 886 Marci
400 835 626 900 Servilii,
670 835 752 900 qui
789 835 992 887 summis
1031 835 1312 888 honoribus
1349 841 1399 888 et
1435 837 1585 889 multa
1626 837 1915 904 eloquentia
1949 838 2033 890 vi-

202 930 435 993 guerant,
476 925 562 977 ille
599 925 794 977 orando
837 941 1036 993 causaS,
1066 926 1309 979 Servilius
1340 927 1426 978 diu
1450 928 1582 994 soro,
1623 943 1742 981 mox
1768 928 2032 982 tradendis

201 1016 355 1083 rebus
401 1017 640 1069 Romanis
697 1016 911 1069 celebris
964 1022 1013 1068 et
1055 1017 1308 1085 elegantia
1354 1019 1491 1071 vitae
1506 1036 1521 1084 3
1573 1034 1720 1087 quam
1762 1020 2032 1072 clariorem

205 1106 405 1172 effecit,
440 1112 494 1158 ut
530 1123 623 1174 par
659 1108 900 1175 ingenie,
940 1108 1008 1160 ita
1044 1123 1240 1160 morum
1279 1110 1529 1162 diversus,

343 1192 547 1244 Nerone
583 1197 809 1258 quartum
849 1192 1086 1244 Cornelio
1121 1193 1283 1246 Cosso
1327 1194 1619 1247 consulibus
1659 1195 2098 1262 quinquennalem

201 1283 450 1335 ludicrum
488 1285 678 1337 Romae
714 1284 991 1336 institutum
1030 1290 1107 1337 est
1145 1285 1208 1337 ad
1252 1300 1445 1339 morem
1485 1286 1668 1340 Graeci
1724 1289 2032 1355 certaminiS,

203 1376 347 1427 varia
389 1376 538 1440 sama,
575 1380 630 1426 ut
671 1381 851 1428 cuncta
889 1377 1049 1429 ferme
1083 1392 1234 1429 nova.
1291 1378 1486 1446 Quippe
1527 1383 1671 1431 erant
1695 1379 1780 1446 qui
1809 1379 2034 1431 Gnaeum

207 1480 406 1533 quoque
439 1466 726 1532 Pompeium
760 1468 1040 1519 incusatum
1083 1485 1111 1520 a
1148 1470 1436 1522 senioribus
1486 1471 1680 1523 ferrent
1718 1471 1852 1537 quod
1889 1486 2038 1523 man-

205 1573 374 1610 suram
413 1557 595 1610 theatri
637 1558 812 1610 sedem
842 1560 1112 1625 posuisset.
1171 1561 1296 1612 Nam
1335 1566 1481 1613 antea
1510 1561 1769 1613 subitariis
1791 1562 2036 1629 gradibus

325 1751 367 1793 2.
401 1747 579 1790 consule?
611 1748 707 1791 dum
738 1747 819 1791 Ma.

204 1808 268 1853 ill.
301 1807 373 1851 Or.
464 1808 506 1851 6.
542 1809 604 1850 Μ.
636 1807 717 1850 Ma.

208 1882 323 1912 cons.
353 1880 451 1911 cum
482 1868 559 1911 lin.
593 1865 675 1911 Ma.

209 2031 381 2078 annot„
414 2024 467 2067 ad
499 2025 559 2068 IV
589 2026 647 2070 52
679 2030 721 2068 et
750 2025 843 2068 Ind.
877 2025 996 2078 hist.‚
1030 2025 1084 2069 de

209 2086 266 2128 M.
299 2085 490 2128 Servilio
536 2084 737 2127 Noniano
778 2085 991 2128 historico
1038 2091 1083 2127 et

210 2145 505 2188 declamatore
535 2144 574 2186 ΙΙ
604 2145 678 2197 48,
714 2144 771 2186 111
801 2147 874 2197 22,
915 2145 972 2187 VI
1004 2145 1076 2188 31.

213 2204 263 2248 Ο.
299 2206 372 2248 23.
436 2204 620 2256 Quintil.
664 2204 702 2246 X
751 2206 773 2247 1
826 2205 932 2248 102:
979 2218 1082 2246 nam

210 2263 316 2306 mihi
348 2265 516 2320 eyreqie
548 2264 706 2305 dixisse
735 2263 903 2305 videtur
928 2264 1080 2305 Servi-

212 2323 294 2365 lius
339 2325 588 2376 Nonianus,
649 2336 778 2379 pares
830 2337 900 2365 eos
944 2324 1082 2378 mayis

213 2396 338 2437 quam
376 2383 558 2424 similes.-
593 2384 664 2436 qui
704 2390 744 2424 et
773 2383 863 2439 ipse
903 2396 932 2424 a
962 2383 1082 2424 nobis

213 2442 382 2484 auditus
430 2449 513 2494 est,
577 2441 681 2484 elati
725 2444 793 2484 vir
837 2443 1002 2498 inqenii
1043 2448 1083 2484 et

212 2503 432 2544 sententiis
465 2501 630 2554 creber,
649 2501 723 2543 sed
743 2502 882 2543 minus
911 2516 1082 2558 pressus

215 2575 340 2615 quam
371 2561 578 2603 historiae
612 2562 850 2603 auctoritas
879 2561 1081 2617 postulat.

214 2620 326 2662 Plin.
356 2620 498 2674 Epist.
531 2619 549 2661 l
585 2621 661 2663 13:
705 2620 932 2663 Claudium
966 2621 1082 2662 Cae-

214 2693 357 2722 sarem
386 2683 546 2735 serunt,
579 2694 674 2722 cum
703 2681 751 2721 in
777 2679 946 2722 Palatio
978 2694 1082 2736 spa-

216 2740 400 2781 tiaretur
420 2740 687 2794 audissetque
708 2739 953 2792 clamorem,
972 2754 1081 2781 cau-

219 2812 310 2840 sam
328 2800 551 2852 requisisse
567 2813 580 2839 .·
605 2812 777 2853 cumque
798 2799 954 2840 dictum
976 2806 1082 2842 esset

216 2858 403 2899 recitare
436 2857 708 2910 Nonianum,
747 2858 929 2899 subitum
962 2859 1080 2899 reci-

218 2917 328 2958 tanti
357 2917 704 2972 inopinatumque
724 2919 902 2959 venisse.
957 2916 1082 2968 Quod

218 2976 272 3018 M.
307 2975 521 3018 Sei-vilius
551 2974 609 3016 111
648 2977 706 3019 22
738 2976 979 3019 consularis
1011 2977 1081 3018 di..

220 3035 333 3076 citur
365 3040 409 3076 et
442 3034 499 3076 Vl
538 3035 594 3078 31
639 3036 786 3077 consul
817 3036 954 3079 fuisse
985 3041 1078 3078 tra..

219 3093 348 3146 ditur,
380 3105 468 3134 non
497 3095 650 3135 iterum
672 3094 832 3147 consul,
860 3094 963 3137 hinc
993 3107 1081 3136 non

220 3154 503 3208 consequitur
513 3153 784 3196 consularem
806 3153 928 3196 illum
948 3154 1080 3197 alium

219 3211 382 3264 fuisse,
425 3212 502 3254 sed
533 3218 634 3254 ante
665 3213 710 3253 in
742 3214 938 3255 suffectis
971 3225 1081 3255 con-

219 3271 387 3314 sulibus
418 3272 558 3325 ipsum
589 3271 741 3314 fuisse.

295 3330 485 3385 Cap.20.
535 3329 847 3385 quinquennale
874 3330 1083 3372 ludicrum

219 3390 382 3432 Romae
405 3390 640 3431 institutum
661 3396 744 3432 est.-
779 3389 958 3432 Sueton.
979 3389 1080 3431 Ner.

223 3450 301 3493 12:
350 3450 533 3491 instituit
563 3455 601 3490 et
632 3448 945 3503 quinquennale
984 3463 1083 3490 cer-

221 3514 364 3550 tamen
390 3509 554 3565 primus
578 3509 763 3549 omnium
784 3509 948 3550 Romae
966 3521 1083 3548 more

224 3567 389 3610 Graeco
414 3567 584 3623 tripleoe,
597 3568 815 3619 musicum,
829 3567 1082 3623 qymnicum,

222 3635 432 3682 equestre,
475 3627 584 3682 quod
614 3625 846 3687 appellavit
873 3626 1082 3672 Neronia.

302 3720 451 3760 Tacitus
476 3724 523 3761 11.

902 1749 1017 1791 Nero
1049 1748 1266 1791 Pichena:

827 1809 894 1852 10.
930 1816 1079 1863 quarto
1114 1807 1216 1850 lela
1246 1811 1325 1864 (ex
1355 1809 1470 1851 male
1502 1809 1648 1851 soluto
1678 1822 1859 1853 numero
1892 1810 2034 1871 1111).

763 1870 830 1911 11.
863 1869 1054 1911 inscitum
1083 1867 1164 1911 Ma.

1300 1748 1365 1791 Ma
1395 1763 1465 1791 ne.
1558 1750 1602 1793 3.
1635 1749 1797 1792 nichilo
1829 1749 1909 1794 Ma.
1990 1753 2032 1795 5.

1261 1870 1328 1913 12.
1365 1869 1446 1912 Gn.
1480 1867 1561 1911 Ma.

1169 2024 1236 2068 Cf.
1280 2025 1395 2067 idem
1431 2039 1469 2067 c.
1499 2026 1558 2074 21
1602 2030 1646 2066 et
1689 2026 1734 2066 in
1769 2024 1953 2068 Vitellio
1985 2026 2029 2068 4.

1166 2085 1249 2126 Dio
1282 2098 1351 2139 ap.
1385 2084 1552 2139 Xiphil.
1588 2084 1681 2126 LXI
1712 2086 1796 2129 21·
1831 2084 1949 2144 ὑπὲρ
1985 2085 2035 2130 δὲ

1167 2141 1221 2198 δη
1255 2145 1331 2198 τῆς
1353 2149 1583 2201 σωτηρίας
1607 2145 1689 2197 τῆς
1719 2159 1767 2188 τε
1804 2145 2036 2218 διαμονῆς

1166 2207 1247 2247 τοῦ
1289 2204 1488 2263 κράτους
1544 2202 1696 2248 αὐτοῦ
1747 2201 1896 2259 (οὕτω
1941 2203 2033 2264 γάρ

1166 2279 1260 2306 που
1285 2267 1618 2320 ιιροέγραψει)
1646 2262 1810 2322 ἀγῶνα
1834 2277 2034 2308 πενταε-

1165 2321 1371 2396 τηρικὸν
1387 2336 1724 2378 κατεστησατο,
1785 2326 2033 2380 Νερωνεια

1166 2381 1313 2427 αότὸν
1346 2382 1606 2441 ὀνοιιάσας.
1671 2383 1823 2424 Victor
1843 2382 1897 2424 de
1919 2380 2034 2423 Cae-

1164 2442 1295 2484 saiib.
1322 2443 1402 2486 27.
1435 2456 1564 2496 eoque
1596 2456 1711 2484 anno
1745 2443 1856 2496 (240
1882 2455 1906 2483 a
1929 2441 2031 2485 Chr.

1165 2500 1404 2543 Gordianus
1436 2502 1606 2559 iunior)
1634 2501 1759 2543 lustri
1778 2501 2029 2554 certamine,

1162 2561 1272 2616 quod
1289 2562 1404 2603 Nero
1427 2561 1608 2603 Romam
1631 2562 1873 2613 invexerat,
1906 2568 2031 2603 aucto

1156 2623 1424 2675 firmatoque,
1460 2622 1507 2662 in
1527 2620 1682 2662 Persas
1700 2623 1921 2676 profectus
1956 2628 2031 2664 est.

1254 2680 1364 2735 quod
1402 2694 1652 2730 mansuram
1694 2680 1853 2722 theatri
1894 2679 2034 2721 sedem

1161 2740 1394 2795 posuisset.-
1430 2739 1577 2793 posuit
1608 2740 1766 2781 iterum
1800 2739 1954 2780 consul
1988 2752 2027 2782 a.

1163 2799 1275 2851 6993
1309 2812 1352 2841 v.
1387 2798 1441 2840 ad
1471 2798 1531 2840 111
1564 2800 1636 2843 23.
1699 2799 1800 2840 Mox
1831 2798 2034 2840 subitarii

1163 2858 1323 2912 gradus
1355 2864 1395 2899 et
1427 2871 1560 2900 scena
1601 2859 1650 2899 in
1680 2865 1840 2914 tempus
1870 2864 2035 2900 structa

1165 2923 1266 2959 sunt
1286 2915 1444 2973 gradus
1469 2923 1512 2959 et
1533 2930 1666 2960 scena
1687 2931 1742 2959 ex
1765 2917 1888 2972 ligno
1909 2916 2032 2970 facti,

1165 2976 1317 3031 quales
1349 2982 1393 3018 et
1412 2977 1639 3018 Mummius
1672 2990 1710 3019 a.
1737 2976 1825 3020 609
1855 2981 2033 3018 struxe-

1164 3042 1231 3077 rat
1262 3042 1305 3078 et
1337 3042 1437 3078 ante
1470 3049 1627 3078 annum
1661 3036 1748 3079 600
1780 3037 1825 3076 in
1860 3041 2031 3089 tempus

1166 3095 1383 3137 aedificati
1419 3097 1503 3136 iam
1537 3099 1674 3146 erant,
1708 3093 1785 3135 sed
1816 3099 1919 3134 tunc
1949 3107 2033 3135 ve-

1165 3155 1233 3195 titi
1265 3160 1391 3195 sunt:
1431 3153 1526 3196 Liv.
1559 3153 1676 3207 Epit.
1707 3152 1789 3194 48:
1833 3166 1928 3193 cum
1963 3153 2032 3195 lo-

1167 3219 1308 3254 catum
1347 3226 1377 3253 a
1424 3213 1669 3254 censoribus
1714 3210 1925 3252 theatrum
1954 3225 2033 3252 ex-

1168 3278 1398 3323 trueretur,
1431 3271 1475 3312 P.
1514 3270 1715 3312 Cornelio
1753 3270 1918 3311 Nasica
1949 3283 2034 3312 au-

1168 3338 1283 3372 ctore
1315 3337 1529 3384 tamquam
1552 3329 1702 3371 inutile
1724 3336 1764 3371 et
1793 3329 2036 3371 nociturum

1164 3389 1344 3445 publicis
1365 3390 1550 3431 moribus
1569 3403 1622 3429 ex
1646 3395 1818 3430 senatus
1843 3387 2033 3430 consulto

1169 3449 1422 3489 destructum
1441 3455 1515 3500 est,
1538 3446 1796 3503 populusque
1817 3447 2032 3501 aliquam-

1168 3507 1239 3548 diu
1272 3507 1350 3562 (ab
1394 3519 1507 3548 anno
1538 3506 1625 3551 600
1663 3518 1801 3561 usque
1834 3504 1887 3547 ad
1918 3506 2030 3563 609)

1168 3574 1286 3607 stans
1321 3566 1441 3608 ludos
1473 3566 1690 3623 spectavit.
1755 3562 1882 3607 Conf.
1921 3563 2032 3607 Vel-

1169 3624 1330 3672 leiusl
1372 3626 1440 3675 15.
1504 3624 1650 3670 Valer.
1684 3625 1796 3669 Max.
1841 3622 1880 3668 11
1926 3625 1957 3670 4
1986 3626 2030 3676 2,

1642 3706 1704 3761 13
