2280 4004
223 263 315 307 224

987 255 1279 310 ANNAlen

1805 0 1822 11 ν
1840 0 1929 10 rvvv-
1943 0 1990 15 ν.

1240 0 1453 66 “GU-W
1470 0 1490 24 Ε
1502 0 1629 30 ιιι...)

1794 284 1834 314 a.
1853 255 1912 314 ἰι
1946 252 2046 316 775.

223 404 476 470 quentiam
529 402 784 467 debilitat,
844 418 948 455 non
1007 408 1321 470 temperante
1367 403 1570 456 Tiberio
1627 405 1748 472 quin
1797 412 2050 473 premeret

221 499 351 546 'voce
387 495 543 558 vultu,
586 509 648 545 eo
690 493 825 559 quod
856 494 966 560 ipse
997 495 1309 546 creberrime
1349 491 1726 563 interrogabat,
1763 489 1929 564 neque
1964 515 2050 553 re-

222 585 399 638 fellere
437 590 519 636 aut
557 585 765 636 eludere
804 584 1051 650 dabatur,
1075 601 1135 657 ac
1170 600 1323 652 saepe
1364 586 1512 637 etiam
1551 587 1888 639 confitendum
1925 595 2049 656 erat,

221 691 286 727 ne
327 677 510 728 frustra
553 675 907 742 quaesivisset.
983 660 1172 728 Servos
1221 691 1422 742 quoque
1462 677 1644 743 Silani,
1697 683 1751 728 ut
1787 681 2052 732 tormentis

185 767 688 833 sinterrogarentur,
749 769 893 816 actor
936 765 1166 830 publicus
1220 766 1472 832 mancipio
1528 774 1813 833 acceperat.

1887 771 1950 822 Et
1987 786 2052 823 ne

223 857 333 922 quis
368 857 779 908 necessariorum
818 857 1017 908 iuvaret
1051 856 1456 923 periclitantem,
1515 860 1792 911 maiestatis
1841 861 2052 914 crimina

16 939 580 1026 ²³³“²><³'³EEQP{¹„I¹.¹U¹12
606 949 826 999 vinclum
866 953 915 999 et
941 948 1223 1000 necessitas
1261 949 1460 1001 silendi.
1535 951 1695 1017 Igitur
1730 951 1886 1018 petito
1925 968 2056 1019 pau-

221 1041 395 1090 corum
436 1038 629 1091 dierum
668 1041 939 1092 interiectu
986 1040 1336 1092 defensionem
1381 1042 1459 1093 sui
1499 1041 1748 1108 deseruit,
1813 1043 1949 1096 ausis
1990 1044 2052 1096 ad

222 1128 493 1179 Caesarem
553 1129 804 1180 codicillis
823 1169 836 1193 ,

911 1130 1090 1195 quibus
1143 1130 1385 1181 invidiam
1434 1136 1483 1182 et
1528 1145 1709 1197 preces
1763 1135 2049 1186 miscuerat.

158 1229 207 1264 ao
221 1219 450 1270 Tiberius
491 1234 620 1285 quae
655 1220 706 1270 in
731 1220 951 1272 Silanum
974 1220 1202 1286 parabat,
1242 1235 1340 1286 quo
1369 1222 1658 1273 excusatius
1691 1225 1783 1276 sub
1821 1225 2052 1291 exemplo
2068 1234 2138 1281 68

221 1311 590 1377 acciperentur,
629 1311 829 1363 libellos
867 1311 969 1362 divi
1005 1312 1222 1379 Augusti
1259 1312 1322 1363 de
1345 1312 1533 1364 Voleso
1572 1315 1789 1366 Messala
1827 1315 2053 1367 eiusdem

219 1401 376 1452 Asiae
403 1401 712 1467 proconsule
739 1402 1024 1467 factumque
1051 1402 1102 1450 in
1141 1416 1252 1452 eum
1287 1407 1491 1453 senatus
1532 1404 1815 1456 consultum
1849 1400 2055 1458 recitari

218 1492 372 1543 iubet.

449 1493 569 1542 Tum
607 1492 815 1542 Lucium
849 1491 1083 1543 Pisonem
1137 1495 1437 1543 sententiam
1484 1499 1650 1560 rogat.

1725 1495 1812 1546 Ille
1851 1494 2055 1547 multum

223 1581 287 1632 de
316 1580 583 1633 clementia
616 1580 859 1647 principis
894 1580 1170 1645 praefatus,
1197 1595 1325 1646 aqua
1365 1586 1514 1647 atque
1548 1583 1656 1650 igni
1686 1584 1857 1636 Silano
1893 1586 2056 1637 inter-—

159 1685 208 1720 15
226 1671 493 1722 dicendum
534 1671 756 1734 censuit,
799 1670 1062 1735 ipsumque
1098 1669 1149 1719 in
1187 1669 1399 1721 insulam
1446 1671 1665 1738 Gyarum
1704 1673 2050 1741 relegandum⁶

221 1743 412 1814 Eadem
452 1762 626 1825 ceteri,
667 1761 765 1812 nisi
806 1760 939 1825 quod
979 1760 1180 1811 Gnaeus
1220 1761 1457 1812 Lentulus
1493 1763 1777 1827 separanda
1817 1778 1848 1812 ιιι
1898 1764 2056 1817 Silani

220 1858 443 1904 materna
480 1853 641 1916 bona,
701 1852 881 1917 quippe
919 1851 1015 1901 alia
1051 1855 1260 1916 parente
1293 1851 1482 1917 geniti,
1535 1853 1902 1925 reddendaque
1951 1855 2054 1906 filio

221 1944 363 2009 dixit,
402 1944 654 1994 adnuente
697 1941 918 1992 Tiberio.

993 1941 1060 1991 At
1100 1941 1366 1992 Cornelius
1409 1942 1671 1994 Dolabella
1724 1943 1840 1994 dum
1877 1945 2056 1996 adula-
2071 1955 2142 2001 69

222 2036 410 2086 tionem
452 2034 655 2100 longius
693 2033 946 2098 sequitur,
985 2031 1246 2098 increpitis
1283 2032 1374 2083 Gai
1409 2033 1565 2086 Silani
1603 2035 1828 2086 moribus
1866 2035 2061 2087 addidit

342 2190 383 2231 5.
417 2189 794 2243 interi-oyareutur
825 2185 973 2239 Lipsio
1018 2191 1199 2226 auctore
1242 2184 1458 2227 Pichena:
1503 2186 1542 2227 Μ
1583 2188 1918 2244 interrogentur.
1984 2189 2053 2232 13.

224 2249 275 2292 L.
310 2249 364 2290 M.

228 2309 295 2350 18.
330 2307 400 2350 Ad
427 2307 481 2348 M.

432 2247 499 2289 16.
522 2247 710 2301 Gnaeus]
744 2246 791 2287 C.
819 2246 873 2287 N.
900 2245 954 2287 Μ.

553 2306 620 2348 19.
657 2305 704 2347 C.
741 2305 793 2347 Μ.

313 2471 436 2505 actor
475 2463 669 2519 publicus
709 2462 924 2518 mancipio
971 2475 1101 2504 acce-

218 2531 372 2580 perat:
421 2535 463 2564 v.
499 2522 551 2563 ad
583 2521 619 2562 11
652 2522 724 2565 30.
846 2520 1031 2562 vinclum
1064 2528 1103 2562 et

224 2583 456 2624 necessitas
488 2580 663 2621 silendi:
699 2580 814 2623 cons.
850 2580 887 2621 11
917 2581 989 2623 29.

168 2686 170 2690 ,
315 2640 419 2693 Cap.
454 2640 525 2681 68.
577 2639 722 2681 Voleso
751 2638 966 2680 Messala.-
999 2651 1101 2679 sac-

168 2696 170 2700 ’
225 2701 359 2742 vitiae
393 2698 698 2739 documentum
732 2697 860 2738 huius
892 2697 971 2738 sub
1005 2698 1101 2738 Au-

175 2765 177 2768 ⁴
226 2765 353 2814 gusto
387 2757 662 2812 proconsulis
685 2757 818 2798 Asiae
851 2762 994 2797 narrat
1019 2757 1101 2798 Se-

225 2832 334 2860 neca
375 2818 428 2859 de
468 2816 535 2857 Ira
567 2815 603 2857 11
635 2817 688 2858 5.-
751 2815 921 2857 Volesus
966 2829 1102 2871 nuper

176 2879 177 2884 ’
224 2879 297 2919 sub
331 2877 424 2918 divo
457 2875 645 2930 Auqusto
681 2875 914 2930 proconsul
952 2874 1099 2927 Asiae,

176 2937 179 2958 '³
226 2952 319 2978 cum
352 2943 560 2977 trecentos
605 2948 694 2975 una
727 2935 793 2974 die
824 2935 967 2975 securi
992 2949 1099 2989 per-

227 2996 445 3047 cussisset,
488 2993 690 3034 incedens
731 2994 846 3034 inter
883 2993 1101 3034 cadavera

224 3053 341 3097 vultu
392 3053 602 3110 superbo,
656 3053 777 3107 quasi
830 3054 1101 3107 maqm'ficum

226 3113 425 3168 quiddam
458 3112 882 3167 conspiciendumque
914 3112 1098 3165 fecisset,

228 3175 392 3215 Graece
407 3169 693 3228 proclamavit
709 3185 722 3211 .·
742 3170 794 3212 ‘0
807 3184 896 3211 rem
906 3168 1102 3225 reqiam'!

319 3250 342 3275 ια
373 3231 518 3273 Silani
547 3238 746 3272 materna
778 3230 910 3281 bona,
953 3231 1101 3285 quippe

212 3290 317 3332 'alia
343 3298 526 3347 parente
557 3291 713 3345 qeniti:
749 3288 862 3344 quod
895 3288 939 3328 in
973 3287 1102 3329 huius

226 3351 311 3393 loci
347 3349 644 3403 explicatione
678 3349 939 3402 interpretes
961 3347 1102 3388 adhuc

226 3409 485 3460 haeserunt,
520 3422 568 3450 ea
604 3421 734 3449 causa
767 3407 883 3462 quod
912 3419 1103 3461 praeno-

226 3481 322 3509 men
376 3468 458 3522 filii
515 3467 650 3509 Silani
705 3466 921 3508 excidisse
976 3479 1102 3507 nemo

227 3526 363 3568 vidit:
398 3539 494 3567 nam
529 3526 582 3566 de
616 3526 700 3567 hoc
727 3537 869 3567 sermo
894 3531 983 3581 est,
1017 3537 1104 3566 non

227 3585 280 3626 de
312 3597 388 3626 reo
431 3584 605 3635 Silano,
651 3583 780 3638 idque
822 3586 1105 3638 praenomine

227 3643 398 3697 addito,
441 3649 487 3685 ut
518 3655 595 3701 par
626 3649 742 3698 erat,
789 3643 960 3687 Tacitus
991 3642 1106 3685 haud

1025 2244 1169 2286 hiatus
1204 2246 1378 2301 signum
1412 2245 1464 2286 ab
1500 2245 1668 2288 editore
1703 2253 1783 2300 est,
1817 2260 1904 2289 non
1931 2261 1985 2289 ex
2003 2247 2058 2290 M.

1188 2459 1318 2502 dubie
1378 2459 1601 2502 indicavit.
1670 2459 1855 2503 Additur
1912 2462 2061 2518 quippe

1188 2519 1279 2560 alia
1312 2527 1495 2575 parente
1525 2521 1672 2575 geniti,
1706 2527 1752 2561 ut
1782 2524 1961 2562 matrem
1984 2521 2060 2562 lilii

1188 2578 1323 2621 Silani
1358 2580 1440 2619 iam
1463 2585 1672 2621 mortuam
1697 2579 1852 2634 culpae
1869 2593 1892 2621 a
1913 2579 2060 2622 Silano

1189 2638 1371 2691 eiusque
1398 2640 1587 2694 coniuge
1611 2638 1749 2680 altera
1771 2641 1814 2680 in
1834 2640 2060 2693 provincia

1190 2701 1439 2738 contractae
1472 2703 1695 2751 expertem
1718 2711 1830 2751 esse,
1863 2704 1951 2740 tum
1979 2712 2061 2740 ne-

1188 2756 1348 2796 minem
1383 2769 1504 2809 esse,
1549 2758 1621 2812 qui
1665 2763 1762 2811 post
1793 2764 1957 2812 patrem
1989 2760 2061 2799 iu-

1188 2815 1296 2855 stius
1322 2828 1371 2856 ea
1404 2815 1518 2856 bona
1550 2816 1776 2859 vindicare
1798 2817 1881 2859 sibi
1906 2819 2060 2872 possit,

1189 2875 1465 2927 perspicuum
1511 2874 1598 2917 fiat.
1680 2876 1842 2919 Similis
1888 2878 1932 2917 in
1982 2875 2062 2917 da-

1187 2934 1480 2976 mnatiSuillii
1514 2934 1648 2976 filium
1684 2941 1727 2976 et
1758 2941 1933 2990 neptem
1966 2935 2063 2976 cle-

1188 2994 1378 3034 mentiae
1395 2993 1640 3047 exemplum
1661 2993 1871 3036 habemus
1886 2993 2059 3037 X11143.

1189 3049 1455 3093 Praenomen
1477 3053 1773 3094 oblitteratum
1783 3053 1951 3094 Decimi
1966 3053 2064 3107 (D.)

1190 3109 1324 3150 fuisse
1358 3116 1461 3164 puto
1496 3118 1539 3152 et
1572 3112 1756 3153 eundem
1799 3111 1916 3152 hunc
1948 3123 2061 3161 esse,

1190 3169 1262 3222 qui
1317 3171 1493 3211 nomine
1534 3171 1703 3212 Decimi
1751 3170 1867 3212 Iun-ii
1909 3170 2060 3211 consul

1188 3228 1290 3267 anni
1321 3227 1409 3270 806
1443 3247 1492 3269 =
1530 3231 1586 3273 53
1618 3235 1881 3271 memoratur
1923 3243 1948 3271 a
1979 3228 2062 3270 Ta-

1188 3287 1274 3327 cito
1307 3285 1382 3328 ΧΙΙ
1416 3287 1487 3329 58.

1281 3344 1386 3400 Cap.
1420 3346 1490 3388 (59.
1548 3347 1631 3389 Gai
1661 3345 1807 3388 Silani
1819 3361 1832 3387 .·
1867 3358 1944 3387 eur
1974 3355 2059 3386 non

1187 3404 1333 3447 Silani
1364 3405 1622 3459 simpliciter
1665 3411 1707 3446 et
1741 3419 1794 3447 ex
1826 3416 1945 3445 more
1976 3403 2059 3444 Ta-

1190 3466 1281 3517 citi,
1302 3466 1374 3519 qui
1402 3465 1442 3505 in
1469 3464 1717 3506 hominibus
1735 3461 1870 3506 semel
1892 3461 2059 3503 duobus

1190 3523 1438 3565 nominibus
1508 3524 1749 3579 designatis
1809 3525 1907 3575 post
1971 3533 2058 3561 uno

1192 3589 1422 3624 contentus
1470 3589 1560 3635 est,
1608 3581 1723 3637 quod
1763 3579 1806 3619 in
1847 3578 1931 3620 hoc
1962 3580 2056 3634 ipso

1190 3643 1339 3687 Silano
1372 3654 1452 3685 usu
1484 3643 1631 3686 venit:
1675 3652 1717 3683 v.
1759 3651 1797 3684 c.
1834 3637 1962 3683 66-
1983 3638 2055 3695 69,
