2280 4004
1042 263 1335 311 ANNALIVM
1863 281 1903 313 a.
1935 280 1981 314 u.
2016 266 2117 314 774.

288 267 380 312 203

290 411 493 464 celebre
526 426 755 476 carmen,
807 425 905 477 quo
945 411 1233 463 Germanici
1268 425 1501 477 suprema
1551 408 1855 476 defleverat,
1904 412 2119 478 pecunia

289 502 525 553 donatum
564 519 592 554 a
633 503 854 554 Caesare
893 503 1136 568 corripuit
1173 502 1396 567 delator,
1449 501 1711 554 obiectans
1759 516 1918 570 aegro
1950 502 2118 556 Druso

289 593 637 659 composuisse
677 593 836 659 quod,
876 594 921 645 si
959 594 1208 646 extinctus
1244 593 1406 659 foret,
1427 593 1637 645 maiore
1670 592 1897 660 praemio
1935 592 2121 661 vulga—

285 688 438 735 retur.
500 683 555 735 Id
580 685 813 736 Lutorius
851 686 903 736 in
941 685 1093 736 domo
1123 664 1282 736 Publii
1321 685 1558 750 Petronii,
1597 699 1751 737 socru
1788 684 1896 736 eius
1919 683 2118 737 Vitellia

247 784 279 822 5
287 789 459 826 coram
486 775 752 841 multisque
777 775 1072 828 inlustribus
1100 776 1318 841 feminiS,
1344 792 1436 842 per
1454 775 1881 842 vaniloquentiam
1902 775 2115 843 legerat.

285 866 346 916 Ut
380 865 579 917 delator
618 867 796 931 extitit,
837 867 1020 918 ceteris
1061 867 1124 918 ad
1167 866 1437 918 dicendum
1476 867 1816 918 testimonium
1841 866 2115 930 exterritiS,

286 957 398 1008 sola
437 956 638 1010 Vitellia
676 957 798 1007 nihil
835 973 892 1009 se
931 956 1190 1008 audivisse
1229 957 1566 1008 adseveravit.
1628 957 1767 1040 {ed
1787 956 2117 1038 arguentibus

284 1048 346 1099 ad
397 1048 688 1132 perniciem
726 1048 837 1114 plus
886 1048 1002 1100 fidei
1054 1048 1173 1113 suit,
1224 1049 1575 1115 sententiaque
1626 1035 1820 1100 Haterii
1859 1048 2118 1116 Agrippae

285 1128 529 1190 consulis
541 1122 806 1206 designati
845 1139 1088 1190 indictum
1126 1154 1217 1191 reo
1267 1139 1489 1190 ultimum
1540 1139 1853 1206 supplicium.
1928 1139 2202 1192 Contra50

222 1230 482 1284 ioMarcus
519 1231 738 1297 Lepidus
776 1232 827 1282 in
866 1231 999 1282 hunc
1031 1231 1235 1282 modum
1273 1246 1487 1283 exorsus
1524 1236 1621 1283 est:
1656 1229 1736 1296 ‘si‚
1776 1235 1948 1297 patres
1987 1245 2117 1282 con-

283 1323 475 1389 scripti,
515 1338 666 1373 unum
707 1323 758 1374 id
797 1328 1100 1389 spectamus,
1143 1338 1288 1388 quam
1328 1323 1523 1374 nefaria
1560 1337 1691 1374 voce
1728 1323 1963 1374 Lutorius
2003 1322 2118 1373 Pri-

282 1427 401 1465 scus
439 1419 657 1465 mentem
691 1429 831 1465 suam
875 1419 924 1465 et
963 1429 1111 1465 aures
1147 1413 1403 1464 hominum
1441 1413 1695 1479 polluerit,
1739 1427 1905 1479 neque
1936 1427 2118 1464 carcer

281 1518 446 1568 neque
483 1504 723 1570 laqueus,
781 1520 846 1556 ne
894 1504 1108 1556 serviles
1158 1504 1361 1570 quidem
1408 1504 1660 1556 cruciatus
1705 1504 1757 1554 in
1803 1518 1915 1555 eum
1961 1502 2117 1555 suffe-

282 1595 458 1645 cerint.
533 1595 620 1647 Sin
661 1595 854 1662 flagitia
895 1601 944 1646 et
981 1595 1211 1646 facinora
1251 1596 1362 1647 sine
1400 1595 1552 1646 modo
1590 1600 1722 1660 sunt,
1762 1594 2020 1661 suppliciis
2056 1609 2116 1645 ac

217 1686 519 1737 nsremediis
554 1687 798 1752 principis
837 1686 1119 1738 moderatio
1170 1687 1515 1752 maiorumque
1571 1691 1621 1737 et
1670 1690 1840 1737 vestra
1890 1684 2116 1751 exempla

278 1781 571 1842 temperant,
611 1783 660 1828 et
702 1793 833 1829 vana
865 1793 892 1827 a
930 1778 1179 1842 scelestis,
1218 1778 1351 1828 dicta
1395 1793 1423 1828 a
1460 1776 1721 1828 maleficiis
1757 1775 2010 1841 differunt,
2040 1779 2118 1827 est

278 1867 421 1918 locus
462 1869 744 1919 sententiae
778 1884 870 1934 per
907 1874 1053 1934 quam
1094 1882 1257 1934 neque
1290 1868 1410 1918 huic
1448 1867 1683 1918 delictum
1719 1867 1920 1933 impune
1946 1867 2028 1932 sit,
2066 1871 2116 1917 et

279 1973 374 2010 nos
439 1959 735 2011 clementiae
795 1959 942 2011 simul
987 1975 1048 2010 ac
1101 1959 1386 2012 severitatis
1448 1973 1551 2010 non
1607 1959 1877 2024 paeniteat.
1951 1957 2113 2024 Saepe

279 2050 449 2101 audivi
481 2051 761 2116 principem
796 2055 1024 2102 nostrum
1063 2056 1474 2116 conquerentem,
1517 2050 1559 2100 si
1588 2051 1698 2116 quis
1735 2054 1929 2116 sumpta
1952 2053 2116 2100 morte

211 2155 258 2193 2⁰
279 2140 680 2192 misericordiam
719 2142 826 2193 eius
861 2143 1228 2208 praevenisset.
1302 2141 1415 2193 Vita
1450 2141 1642 2192 Lutorii
1680 2141 1732 2190 in
1767 2141 1969 2208 integro
2007 2144 2114 2204 est3

278 2232 361 2297 qui
400 2247 564 2298 neque
604 2238 834 2284 servatus
872 2235 921 2284 in
957 2233 1234 2299 periculum
1270 2233 1343 2283 rei
1368 2232 1601 2298 publicae
1627 2246 1794 2298 neque
1815 2230 2113 2283 interfectus

277 2323 328 2372 in
369 2323 648 2389 exemplum
687 2324 791 2374 ibit.
867 2324 1040 2376 Studia
1079 2323 1166 2388 illi,
1209 2328 1262 2373 ut
1294 2323 1442 2389 plena
1480 2323 1784 2388 vecordiae,
1833 2322 1902 2374 ita
1941 2321 2112 2373 inania

394 2493 436 2530 4.
470 2487 673 2529 Lutarius
716 2487 879 2529 editor:
925 2487 964 2529 M
1013 2486 1239 2540 elutos-ius,
1284 2485 1421 2543 vulgo
1469 2486 1518 2527 C.
1555 2485 1781 2540 Lutorius3
1825 2483 2006 2541 perinde
2041 2486 2110 2529 11.

276 2546 322 2588 P.
358 2548 411 2588 M.
488 2548 527 2589 7.
563 2547 785 2588 adseuarit
817 2547 881 2589 M:
915 2548 1105 2588 correxit
1135 2545 1393 2587 Beroaldus.
1474 2544 1516 2587 8.
1547 2545 1789 2601 permitiem
1819 2544 1875 2588 Μ.
1957 2544 2000 2588 9.
2033 2544 2111 2587 de-

275 2605 467 2659 siynami
498 2605 552 2647 M.
650 2606 718 2648 10.
755 2605 816 2648 Μ.
851 2606 906 2646 Μ.
1000 2606 1046 2646 Ρ.
1086 2606 1134 2647 C.
1170 2606 1223 2647 M.
1348 2607 1413 2647 12.
1449 2605 1644 2645 hominus
1673 2604 1728 2646 M.
1827 2603 1894 2646 ¹8.
1921 2617 2022 2661 pen.
2055 2603 2108 2646 H.

275 2666 347 2708 20.
372 2665 543 2705 Lutorii
575 2663 718 2705 editor
751 2670 794 2705 ct
830 2665 894 2705 sic
927 2664 970 2706 h.
1005 2663 1034 2705 l.
1071 2666 1200 2705 etiam
1235 2664 1437 2717 Lipsius:
1471 2663 1509 2705 M
1537 2662 1722 2716 elaterii,
1755 2662 1841 2706 Iac.
1865 2661 2111 2705 Gronovius

276 2725 438 2777 primus
472 2723 520 2765 C.
556 2723 739 2765 Lucam-ii.
803 2726 874 2767 22.
907 2737 1027 2765 vaec.
1061 2723 1115 2765 M,

275 2870 394 2905 certe
427 2866 470 2905 in
505 2864 633 2906 editis
668 2864 1003 2918 exemplaribus,
1037 2863 1147 2907 Plin.

276 2923 352 2964 vlt
374 2923 432 2966 40
466 2924 597 2979 (39):
630 2925 705 2965 sed
719 2924 799 2964 hoc
828 2926 1011 2980 prelium
1037 2923 1148 2975 belli,

271 2995 360 3023 mon
382 2982 565 3023 hominis
589 2984 685 3037 fuit,
712 2990 798 3023 tam
819 2983 1003 3024 Hercule
1026 2997 1151 3037 quam

273 3041 475 3094 libidinis,
509 3055 597 3082 non
627 3044 810 3097 formae,
845 3042 1094 3083 Paezontem
1128 3057 1148 3083 e

271 3101 527 3157 spadonibus
570 3101 723 3142 Seiani
760 3102 910 3142 H—-S
944 3101 999 3143 D.
1032 3115 1149 3141 mer-

272 3168 397 3202 cante
432 3160 607 3201 Lutario
642 3160 805 3203 Prisco.
867 3159 929 3201 Ibi
971 3160 1147 3201 codices

270 3220 443 3261 Sutorio
477 3219 645 3274 Prisco,
691 3220 881 3262 editores
913 3232 999 3261 non
1032 3219 1146 3261 bene

272 3279 320 3321 (J.
358 3279 533 3320 Lutario
567 3279 728 3321 Prisco.

360 3397 463 3450 Cap.
508 3398 578 3439 50.
643 3410 768 3451 quam
816 3398 992 3450 nefaria
1044 3411 1146 3438 voce

273 3455 473 3496 Luem-ius
506 3456 676 3497 Priscus
709 3481 765 3487 —
793 3455 1020 3511 polluerit.-
1062 3455 1144 3497 Ta-

271 3516 382 3560 citus
430 3515 524 3567 ipsc
579 3528 664 3554 uno
717 3515 894 3555 nomine
947 3516 1147 3556 Lutarius

271 3580 344 3613 aut
386 3571 555 3614 Priscus
607 3579 837 3613 contentus
880 3580 1016 3627 esset,
1071 3574 1147 3615 sed

271 3637 415 3674 oratm·
469 3630 657 3686 Lepidus
706 3644 801 3674 cum
855 3646 971 3675 nunc
1022 3633 1147 3675 illum

1233 2866 1416 2919 primum
1449 2864 1670 2915 nominet,
1716 2875 1793 2918 pro
1825 2875 1947 2905 more
1978 2861 2110 2907 solito

1233 2924 1318 2965 duo
1361 2924 1507 2978 ponit,
1566 2929 1698 2978 atque
1740 2922 1784 2964 id
1821 2921 1968 2965 Tacito
2007 2923 2111 2964 imi-

1233 2982 1407 3023 tandum
1441 2988 1560 3024 erat:
1595 2982 1769 3023 tertium
1802 2981 1918 3024 enim
1937 2981 2110 3040 (Gaius)

1235 3041 1447 3082 editorum
1482 3041 1610 3095 culpa
1652 3040 1844 3082 additum
1877 3046 1958 3082 est.
2018 3040 2109 3082 Lu-

1234 3102 1369 3141 torius
1403 3106 1591 3141 mentem
1625 3112 1746 3140 suam
1779 3098 1938 3152 polluit
1978 3098 2110 3141 foeda

1234 3160 1502 3214 cogitatione
1536 3163 1770 3212 concepta,
1803 3170 1930 3200 aures
1962 3157 2109 3199 homi·
2163 3210 2165 3213 ι

1231 3231 1332 3259 num
1387 3230 1439 3259 eo
1505 3217 1621 3273 quod
1684 3229 1818 3271 prave
1870 3217 2108 3274 cogitatum

1231 3291 1327 3319 cum
1361 3277 1461 3319 aliis
1494 3276 1846 3319 communicavit.
2152 3323 2154 3329 ι

1340 3339 1429 3378 vita
1488 3336 1657 3378 Lulorii
1709 3337 1757 3376 in
1808 3336 1974 3389 integro
2024 3340 2104 3374 est·
2152 3338 2154 3346 ⁴

1230 3396 1261 3437 1
1266 3398 1433 3437 utorius
1466 3409 1552 3436 non
1586 3396 1815 3449 praevenit
1853 3391 2105 3433 misericor-

1231 3455 1342 3497 diam
1378 3456 1588 3523 principis
1629 3459 1799 3506 sumpta
1843 3454 2009 3501 morte,
2061 3455 2105 3491 et

1232 3514 1354 3556 adest
1386 3516 1561 3556 occasio
1584 3511 1787 3566 parcendi
1810 3509 1884 3550 tali
1917 3508 2149 3562 principi

1234 3580 1370 3629 grata.
1435 3574 1701 3616 Sententiam
1748 3580 1833 3609 non
1882 3569 2106 3623 perspexit

1232 3633 1420 3687 Lipsius,
1458 3644 1553 3674 cum
1587 3628 1776 3672 coniecit
1807 3632 1908 3671 esto.
