2280 4004
260 294 327 340 8⁸
863 300 887 337 ,“
918 302 928 323 ³
1023 293 1316 339 ANNALIVM
1367 294 1371 298 ’
1832 297 1953 342 asu.
1985 293 2097 343 'fflsst‘

261 439 614 504 spectarentur
633 452 647 498 ;
703 438 757 485 ut
811 434 1146 500 spectantium
1200 433 1574 486 immodestiam
1634 435 1794 489 exilio
1849 437 2091 491 multandi

259 533 486 595 potestas
523 526 843 594 praetoribus
881 524 1039 580 fieret.
1129 525 1383 592 Templum
1419 530 1473 577 ut
1508 526 1560 578 in
1599 527 1800 580 colonia
1840 528 2178 589 Tum-⁷8

261 620 408 673 nensi
450 622 730 671 strueretur
765 617 999 685 Augusto
1031 617 1320 683 petentibus
1355 618 1593 685 Hispanis
1629 620 2097 686 permissum,÷·flaa·

261 718 465 779 tumque
502 711 555 762 in
603 724 779 762 omnes
817 699 1145 776 provincias,
1166 709 1467 776 exemplum.
1550 712 2100 787 GfssssisssimaltLfflffi

226 804 547 875 venalium,
602 806 747 874 post..
774 801 914 867 bella.
961 801 1131 873 civilia
1180 801 2122 880 institutam„„si-enecanteaafflr

246 895 422 972 s‹gdixit
445 875 701 969 Tiberi&
716 892 967 965 ffii-ljifiss‘?
987 879 1240 968 aerarium
1279 909 1342 963 eo
1367 894 1606 964 'subsidio
1643 876 1779 965 niti}
1800 895 1960 948 -simul
1982 895 2097 946 ‘im-

259 970 618 1053 parem'oneri
655 1000 763 1036 rem
800 985 1084 1051 publicam,
1149 985 1247 1037 nisi
1287 986 1532 1038 vicesimo
1556 997 1559 998 ’
1583 986 1793 1038 militiae
1823 989 1967 1038 ‘anno
1999 1001 2097 1039 ve-

260 1078 427 1128 terani
464 1078 848 1129 dimitterentur.
946 1078 1017 1128 Ita
1059 1077 1322 1143 proximae
1358 1078 1626 1131 seditionis
1674 1078 1806 1130 male
1843 1077 2091 1142 consulta4

263 1170 443 1235 quibus
498 1169 724 1222 sedecim
778 1169 1144 1236 stipendi-orum
1211 1169 1361 1222 finem
1442 1174 1829 1238 expresserant,
1906 1168 2095 1221 abolita

200 1261 314 1318 toin
352 1266 627 1328 posterum.
1784 1268 1787 1270 ’
2005 1274 2009 1278 ’

400 1353 584 1405 Actum
634 1352 821 1405 deinde
875 1352 928 1404 in
968 1359 1150 1406 senatu
1201 1354 1264 1406 ab
1313 1355 1558 1406 Arruntio
1614 1358 1663 1406 et
1710 1353 1863 1405 Ateio
1915 1364 1980 1404 an
2029 1351 2096 1404 ob
2113 1361 2184 1412 79

262 1433 606 1497 moderandas
641 1445 840 1497 Tiberis
875 1446 1244 1499 exundationes
1277 1451 1599 1498 verterentur
1623 1445 1826 1498 flumina
1867 1444 2099 1498 chlamis

259 1548 352 1603 per
390 1551 517 1603 quos
573 1538 830 1604 augescit3
892 1537 1197 1605 auditaeque
1250 1538 1639 1604 municipiorum
1678 1541 1728 1589 et
1781 1536 2100 1589 coloniarum

260 1627 582 1695 legationeS‚
634 1628 897 1679 orantibus
937 1628 1243 1680 Florentinis
1290 1644 1356 1681 ne
1396 1628 1577 1680 Clanis
1616 1628 1770 1680 solito
1814 1628 1967 1680 alveo
2003 1627 2101 1679 dt!⁶

200 1739 247 1778 τε
263 1725 428 1772 motus
468 1720 521 1770 in
561 1735 758 1772 amnem
798 1720 992 1771 Arnum
1034 1721 1426 1786 transferretur,
1467 1721 1620 1787 idque
1658 1720 1782 1786 ipsis
1818 1719 2097 1786 perniciem

262 1811 503 1863 adferret.
581 1812 923 1879 congruentia
971 1812 1049 1863 his
1099 1813 1462 1864 Interamnates
1516 1811 1836 1862 disseruere:
1894 1822 2098 1877 pessum

262 1903 423 1956 ituros
462 1903 857 1955 fecundissimos
898 1903 1072 1955 Italiae
1124 1918 1356 1970 campos,
1410 1903 1454 1955 si
1506 1902 1667 1954 amnis
1703 1903 1810 1954 Nar
1845 1901 1924 1965 (id
1963 1901 2099 1953 enim

383 2065 422 2107 1.
445 2071 492 2107 ut
525 2064 689 2107 editor:
723 2064 956 2122 legebatur
989 2073 1040 2109 et.
1117 2067 1246 2108 exitio
1279 2065 1334 2108 M.
1396 2063 1609 2107 multandi
1637 2064 1694 2118 Μ,
1728 2075 1817 2107 non
1851 2062 2102 2107 mulctandi.

264 2120 306 2168 2.
340 2124 462 2180 fieret
492 2125 544 2167 M.
634 2125 674 2168 4.
711 2126 1001 2167 ventissimam
1033 2126 1088 2167 M.
1185 2127 1225 2168 5.
1261 2126 1468 2181 clepcante
1503 2138 1598 2166 cum
1633 2122 1798 2166 lineola
1829 2136 1962 2178 super
1985 2137 2015 2179 p
2046 2121 2102 2165 M.

265 2185 307 2226 7.
335 2186 581 2242 pubplicam
613 2185 667 2227 M.
748 2186 815 2228 15.
846 2186 1086 2241 permitiem
1116 2198 1166 2240 pr
1198 2185 1253 2226 M.
1321 2185 1389 2227 16.
1425 2186 1501 2241 aff.
1537 2184 1609 2227 Or.
1707 2183 2024 2226 Interamnates
2056 2183 2099 2224 in

263 2246 463 2301 margine
495 2245 536 2287 M
571 2250 614 2286 et
644 2244 912 2287 Beroaldus:
945 2246 985 2287 M
1019 2253 1118 2287 aitte
1152 2252 1361 2287 manates.

351 2381 397 2416 ut
415 2399 471 2407 ——
500 2382 690 2431 potestas
705 2376 979 2432 praetoribus
994 2376 1140 2430 fieret:

267 2446 379 2489 quae
398 2435 665 2477 antecedunt
685 2437 908 2489 enuntiata
933 2437 1143 2492 negantia

265 2506 382 2535 nunc
431 2508 456 2536 a
513 2496 730 2538 contraria
777 2495 950 2537 dicendi
1003 2495 1143 2538 forma

268 2554 562 2607 excipiuntur.
629 2555 756 2606 Quod
787 2555 847 2596 ibi
867 2555 1019 2597 debuit
1044 2569 1142 2597 esse

264 2619 327 2665 ut,
358 2613 402 2653 id
437 2625 514 2666 pro
552 2621 591 2655 et
622 2615 816 2668 reposui.

272 2716 274 2719 ,
355 2670 459 2726 Cap.
484 2673 554 2715 78.
598 2673 862 2730 templum—
883 2673 1140 2730 exemplum:

1227 2388 1269 2418 v.
1303 2374 1387 2416 Dio
1420 2373 1494 2416 LV
1527 2375 1599 2419 25.
1642 2373 1822 2417 Sueton.
1863 2373 1982 2430 Aug.
2021 2373 2104 2418 49:

1226 2442 1351 2490 utque
1379 2442 1584 2492 perpetuo
1630 2449 1684 2476 ac
1721 2436 1815 2476 sine
1854 2431 2106 2489 difficultate

1227 2501 1413 2551 sumptus
1454 2494 1512 2536 ad
1551 2494 1728 2536 tuendos
1770 2506 1841 2535 eos
1894 2491 2106 2549 (milites)

1223 2554 1620 2611 prosequendosque
1667 2559 1927 2609 suppeteret,
1971 2562 2107 2594 aem·

1228 2616 1339 2655 rium
1360 2613 1546 2655 militare
1567 2627 1659 2655 cum.
1678 2610 1957 2667 vectiqalibus
1985 2611 2108 2653 novis

1227 2674 1423 2715 instituit.
1486 2673 1610 2715 Nova
1659 2669 1900 2727 vectigalia
1930 2670 2107 2712 fuerunt

266 2743 340 2772 ara
371 2732 485 2785 apud
527 2731 871 2775 Tarraconenses
913 2734 996 2774 iam
1039 2734 1144 2775 vivo

264 2790 464 2846 Augusto
514 2792 701 2847 perinde
751 2799 797 2833 ut
844 2792 1047 2848 Lugduni
1102 2799 1146 2834 et

266 2850 381 2902 apud
433 2848 593 2893 Ubios:
649 2851 833 2903 Quintil.
887 2852 943 2894 VI
992 2853 1021 2895 3
1065 2853 1143 2895 77:

265 2909 478 2963 Λυρκείας
510 2911 805 2953 nuntiantibus
842 2913 1145 2953 Tarraconen-

266 2967 379 3014 sibus
406 2969 597 3024 palmam
628 2972 674 3011 in
706 2984 790 3011 ara
822 2973 912 3012 eius
955 2978 1141 3023 enatam,

261 3027 490 3082 ‘apparet’‚
524 3030 682 3083 inquit,
722 3031 867 3084 ‘qvam
904 3043 1031 3084 saepe
1063 3043 1144 3071 ac-

267 3086 487 3137 cendatis'.
541 3088 670 3130 Aram
705 3102 820 3130 nunc
852 3088 1016 3141 templo
1044 3102 1143 3129 mu..

267 3151 360 3186 ta-rc
394 3151 437 3187 et
470 3159 633 3204 augere
673 3146 1020 3190 Tarraconenses
1064 3161 1144 3190 cu-

269 3205 408 3259 piunt.

272 3307 277 3310 .
360 3265 615 3321 deprecante
654 3264 840 3321 populo.-
888 3266 1146 3319 deprecatus

272 3330 337 3365 est
382 3337 460 3378 per
506 3324 876 3377 acclamationes,
932 3337 1019 3365 non
1070 3337 1148 3378 per

269 3383 468 3428 tribunos
518 3385 563 3425 in
616 3389 806 3426 senatu:
863 3383 963 3426 ideo
1018 3384 1149 3425 edixit

202 3488 205 3491 s
269 3441 492 3495 Tiberius,
550 3443 592 3485 h.
649 3457 688 3485 e.
741 3445 875 3485 edicto
927 3445 1143 3500 proposito

270 3499 392 3552 dixit,
426 3514 513 3542 non
546 3503 778 3557 respondit.
843 3503 929 3544 Res
963 3502 1144 3544 vc-nales

269 3564 368 3603 sunt
426 3573 538 3614 quac
600 3562 876 3603 auctionibus
938 3568 1147 3603 veneunt.

274 3617 525 3662 ‚centesima
556 3631 641 3660 una
683 3634 778 3661 cum
822 3622 990 3662 aerario
1029 3621 1150 3663 mili-

277 3677 360 3719 tari
392 3676 591 3721 instituta
610 3683 676 3721 est
698 3678 750 3722 ab
762 3678 962 3737 Augusto
983 3693 1022 3722 a.
1039 3680 1149 3724 759:

1231 2733 1462 2774 centesima
1491 2746 1635 2773 ‘rerum
1666 2729 1884 2772 venalium
1913 2728 2106 2771 e‘l'acito

1232 2792 1275 2833 h.
1327 2791 1357 2832 l.
1417 2795 1753 2832 commemorata
1811 2794 1856 2830 et
1903 2789 2107 2830 vicesima

1230 2851 1533 2902 hereditatum,
1569 2850 1692 2891 cuius
1722 2849 1990 2891 mentionem
2022 2847 2106 2890 Dio

1230 2911 1351 2953 fecit.
1413 2909 1537 2962 Quod
1555 2916 1698 2951 autem
1719 2906 1803 2950 Dio
1823 2906 2108 2950 de'vicesi'ma

1231 2969 1523 3012 hereditatum
1573 2968 1726 3021 tradit,
1789 2963 1978 3016 εῑσῆκῐὸ
2017 2966 2108 3026 μὲν

1229 3023 1322 3086 γὰρ
1355 3032 1430 3071 καὶ
1452 3025 1688 3085 πρότερόν
1711 3041 1825 3072 ποτε
1854 3025 1920 3084 (h.
1951 3038 1991 3068 e.
2022 3031 2108 3068 iam

1228 3094 1330 3130 ante
1373 3100 1530 3128 annum
1581 3087 1715 3143 759),
1755 3086 2016 3130 xoeratvot’v
2059 3085 2110 3128 δὲ

1227 3140 1343 3207 μετὰ
1378 3152 1546 3198 ταῦτα,
1582 3145 1665 3186 hoc
1699 3146 1828 3186 etiam
1863 3143 1916 3185 de
1951 3148 2108 3185 cente..

1230 3209 1338 3248 sima
1362 3204 1624 3247 credendum
1653 3209 1733 3256 est,
1757 3209 1804 3244 nt
1823 3201 1959 3244 Taciti
1974 3201 2109 3245 verba

1226 3273 1321 3323 post
1344 3264 1456 3306 betta
1478 3264 1625 3306 cicilia
1645 3264 1882 3305 institutum
1903 3267 2108 3318 arguunt.
2184 3303 2195 3317 ,

1319 3324 1503 3365 sedecim
1518 3322 1823 3379 stipendiorum
1839 3322 1968 3376 linem
1979 3335 1994 3361 .·
2012 3320 2054 3363 h.
2067 3333 2107 3363 e.

1238 3383 1366 3425 finem
1419 3382 1734 3438 stipendiorum
1791 3382 1864 3437 qui
1917 3378 2108 3422 sedecim

1237 3442 1466 3497 stipendiis
1528 3444 1796 3496 impetratur.
1880 3438 2107 3481 Genitivus

1239 3515 1411 3544 causam
1449 3502 1635 3553 indicat,
1670 3498 1784 3540 unde
1816 3497 1913 3539 finis
1946 3508 2107 3538 conse-

1237 3567 1407 3617 quatur.
1472 3562 1536 3603 De
1568 3573 1615 3601 re
1648 3558 1764 3600 conf.
1798 3570 1835 3597 c.
1869 3556 1928 3599 36
1959 3562 2003 3597 et
2034 3556 2106 3599 52.

1326 3619 1431 3675 Cap.
1467 3621 1536 3663 79.
1597 3631 1652 3658 ne
1691 3615 1840 3658 Clanis
1870 3639 1927 3647 ·-
1958 3621 2107 3658 trans..

1235 3682 1449 3736 (erranei-.-
1470 3689 1569 3722 -non
1590 3677 1799 3720 universa
1814 3672 1937 3719 fluvii
1958 3671 2107 3720 Clanis
