2280 4004
217 333 242 362 a
273 320 321 362 G.
354 320 427 363 65.
819 318 983 362 LIBER
1014 319 1127 363 XVI.
1195 318 1300 362 CAr.
1333 319 1493 363 9—10.
1954 315 2039 363 321

220 465 269 512 et
307 460 528 529 Pollucia
569 459 668 510 filia
706 474 883 511 necem
922 461 1155 524 subiere,
1216 459 1366 511 invisi
1416 459 1632 525 principi
1671 463 1922 526 tamquam
1962 463 2043 512 vi·-

221 551 388 602 vendo
428 551 796 616 exprobrarent
843 551 1161 602 interfectum
1210 566 1326 602 esse
1375 551 1655 603 Rubellium
1692 551 1911 603 Plautum
1947 567 2044 619 ge-

217 657 399 692 nerum·
426 642 566 692 Lucii
602 641 816 692 Veteris,
890 642 989 693 Sed
1028 642 1219 692 initium
1260 642 1578 708 detegendae
1614 643 1859 716 saevitiae
1893 659 2045 709 prae-

219 731 325 781 buit
367 731 662 783 interversis
718 731 916 796 patroni
954 732 1106 782 rebus
1146 732 1209 782 ad
1265 732 1605 783 accusandum
1657 735 2042 800 transgrediens

222 822 522 872 Fortunatus
563 821 806 884 libertuS‚
846 821 1043 872 adscito
1086 821 1298 872 Claudio
1336 822 1614 887 DemianO,
1656 838 1802 889 quem
1841 825 1905 875 ob
1949 825 2082 879 fla-5

217 912 341 979 gitia
392 914 614 963 vinctum
666 928 692 962 a
743 912 927 962 Vetere
978 911 1137 962 Asiae
1200 912 1508 977 proconsule
1565 914 1753 966 exolvit
1801 916 1936 966 Nero
1992 916 2044 966 in

217 1003 494 1068 praemium
533 1002 893 1053 accusationis.
970 1002 1116 1063 Quod
1168 1002 1253 1052 ubi
1318 1005 1572 1070 cognitum
1623 1020 1742 1070 re0,
1801 1021 1957 1072 seque
1998 1013 2047 1059 et

218 1093 452 1149 libertum
491 1094 602 1159 pari
640 1097 780 1144 sorte
819 1093 1082 1157 componi,
1128 1093 1423 1144 Formianos
1461 1095 1512 1144 in
1552 1111 1705 1162 agros
1745 1097 2042 1163 digreditur.

217 1184 325 1236 lllic
372 1200 485 1236 eum
536 1184 719 1234 milites
771 1183 967 1234 occulta
1021 1183 1251 1234 custodia
1291 1185 1620 1236 circumdant.
1696 1187 1889 1239 Aderat
1925 1188 2043 1253 filia,

219 1290 373 1340 super
412 1274 656 1341 ingruens
694 1273 971 1338 periculum
1026 1273 1185 1340 longo
1227 1274 1405 1325 dolore
1458 1280 1630 1340 atrox,
1691 1293 1754 1328 ex
1790 1292 1888 1342 quo
1923 1294 2046 1343 per-
2065 1294 2111 1328 10

219 1380 457 1417 cussores
485 1365 642 1416 Plauti
678 1364 841 1415 mariti
879 1364 956 1415 sui
992 1364 1216 1427 viderat3
1259 1370 1616 1432 cruentamque
1652 1368 1904 1418 cervicem
1936 1371 2045 1421 eius

219 1456 450 1526 amplexa
487 1455 725 1507 servabat
758 1455 1057 1521 sanguinem
1095 1459 1145 1506 et
1183 1460 1352 1507 vestes
1390 1472 1688 1522 respersaS‚
1724 1458 1886 1526 vidua⁴
1912 1459 2048 1510 luctu

220 1546 488 1611 commun,
547 1560 644 1596 nec
701 1544 815 1596 ullis
871 1545 1119 1596 alimentis
1183 1545 1283 1596 nisi
1345 1561 1474 1611 quae
1532 1552 1743 1598 mortem
1795 1555 2042 1600 arcerent.

340 1699 377 1740 1.
407 1697 575 1753 polutia
608 1694 696 1738 Ma:
733 1696 766 1738 G
787 1697 995 1752 pollucta.

217 1816 259 1860 6.
293 1823 466 1858 uertere
512 1829 643 1870 asyae
677 1814 757 1858 Ma.

1101 1698 1248 1739 inuisit
1274 1696 1365 1739 Ma:
1400 1697 1433 1740 G
1467 1698 1612 1741 inuisi.

216 1757 431 1799 uincendo
466 1754 592 1799 GMa:
628 1757 819 1797 correxit
850 1756 1131 1798 Puteolanus.

888 1815 1044 1858 eoesolv.
1089 1829 1205 1857 nunc
1248 1815 1327 1859 Ma.

1737 1706 1939 1753 tanquam
1963 1698 2046 1741 Ma.

1225 1758 1266 1799 3.
1303 1757 1391 1799 luci
1406 1755 1487 1799 Ma.
1552 1757 1779 1813 deteqende
1815 1760 1935 1800 seuit.
1967 1757 2047 1800 Ma.

1456 1816 1499 1859 8.
1534 1817 1772 1873 diqreditur
1804 1817 1927 1871 GMa‚
1961 1830 2048 1859 non

222 1876 339 1932 deqr.
442 1877 509 1919 12.
543 1874 674 1916 vidua
705 1874 880 1931 inplexu
917 1874 981 1916 Ma
1015 1881 1058 1917 01
1088 1877 1239 1917 ceteri.

222 2031 433 2074 militibus
477 2031 670 2075 Silanum
714 2030 997 2086 prehensuris
1044 2044 1095 2072 ea

221 2104 292 2133 res
324 2104 411 2132 non
444 2092 591 2133 cessit.
650 2091 714 2133 Ea
741 2091 845 2132 facti
873 2089 1095 2132 successio

221 2149 427 2205 prohibet
470 2163 555 2206 quo
599 2152 742 2192 minus
772 2150 927 2206 perimi
958 2149 1094 2191 fuisse

220 2209 466 2262 conficiam,
500 2211 616 2265 quod
647 2209 813 2264 alioqui
845 2221 983 2263 prope
1013 2208 1094 2250 ab-

220 2275 287 2311 est
319 2282 343 2310 a
377 2275 581 2323 corrupto
612 2270 763 2325 premi.

310 2326 415 2382 Cap.
443 2330 512 2372 10.
574 2328 769 2369 Pollucia
790 2326 906 2380 filia:
934 2339 1094 2368 nomen

221 2386 420 2439 Fallacia,
453 2394 500 2427 ut
530 2387 664 2443 vulgo
689 2386 906 2438 scribitur,
933 2385 1094 2426 dictum

221 2459 245 2487 a
285 2446 450 2501 polluta
483 2452 526 2487 et
553 2446 805 2502 polluendo,
856 2443 1093 2486 obnoxium

223 2511 289 2546 est
337 2505 570 2546 offensioni
612 2505 802 2561 ideoque
846 2510 1094 2558 corruptum

222 2563 410 2606 videtur.
459 2564 597 2605 Patris
626 2576 785 2606 nomen
808 2562 985 2621 (Lucius
1013 2563 1096 2606 Ve-

224 2626 307 2681 tus)
343 2635 492 2664 verum
535 2623 652 2665 filiae
691 2636 850 2665 nomen
882 2622 1095 2664 ostendit:

223 2682 423 2723 nimirum
455 2682 565 2724 haec
596 2695 682 2724 non
716 2682 974 2736 simpliciter
1004 2682 1097 2723 Lu-

225 2743 294 2782 cia
324 2747 481 2783 vocata
514 2748 594 2794 est,
627 2740 704 2783 sed
735 2741 942 2794 Pollucia,
977 2740 1019 2782 h.
1055 2754 1095 2782 e.

223 2799 465 2854 splendida,
501 2807 543 2842 01
564 2803 627 2842 sic
647 2803 691 2842 in
714 2799 748 2842 G
771 2801 979 2854 scriptum
1014 2805 1094 2841 est.

225 2859 280 2902 Ut
310 2859 468 2900 Lucius
498 2866 542 2900 et
572 2860 710 2901 Lucia
741 2872 766 2900 a
797 2859 999 2910 lucendo,
1034 2860 1097 2899 sic

227 2917 446 2962 Polluciae
467 2929 624 2959 nomen
651 2918 704 2959 ab
729 2917 928 2958 obsoleto
962 2916 1097 2958 verbo

222 2977 440 3033 pollucere
474 2977 789 3018 conformatum
813 2981 892 3018 est.
935 2975 1097 3017 Eadem

227 3036 389 3077 l'cmina
422 3036 518 3078 x1v
550 3038 606 3080 22
639 3038 815 3078 nomine
837 3047 916 3078 suo
941 3035 1098 3091 gentili

228 3095 417 3137 Antistia
468 3102 664 3138 vocatur.
860 3094 1101 3137 Rubellium

230 3153 453 3197 Plautum:
484 3168 526 3197 v.
560 3154 658 3196 XIV
691 3154 878 3198 57—59.

318 3212 476 3254 exolvit
510 3214 625 3255 Nero
668 3215 715 3254 in
750 3213 991 3268 praemium
1021 3225 1101 3252 ac-

231 3273 487 3313 cusationis.-
522 3273 689 3314 exolvit
720 3278 767 3314 ut
791 3273 830 3314 01
864 3271 1100 3326 praemium

232 3331 525 3372 accusationis
568 3331 706 3374 fieret.
846 3332 949 3387 pari
989 3337 1102 3371 sorte

232 3391 446 3445 componi:
480 3389 608 3431 ducta
640 3391 805 3432 locutio
852 3395 918 3431 est
950 3402 973 3429 a
1006 3388 1106 3444 gla-

232 3449 445 3491 diatorum
469 3450 643 3502 paribus
671 3461 809 3503 aequa
840 3455 957 3489 sorte
984 3459 1106 3488 com-

233 3509 401 3562 positis.
551 3509 749 3550 servabat
788 3509 1038 3562 sanquinem
1070 3512 1108 3546 et

232 3575 364 3609 vestes
411 3567 656 3622 respersas.-
730 3566 972 3622 quomodo·
998 3564 1108 3605 haec

236 3626 328 3668 lieri
379 3632 582 3680 possent,
645 3627 914 3681 praegressis
962 3623 1108 3666 verbis

237 3693 537 3740 cruentamque
570 3687 657 3727 eius
684 3687 891 3727 cervicem
910 3683 1111 3740 amplexa

322 3780 472 3817 'tacitus
498 3784 544 3820 11.

1175 2029 1412 2071 indicatum
1443 2036 1523 2073 est.
1586 2030 1758 2073 Etenim
1778 2034 1952 2087 sanquis
1986 2038 2052 2074 est

1176 2089 1276 2141 ille,
1326 2101 1411 2144 quo
1455 2091 1591 2144 ipsius
1638 2090 1862 2134 Polluciae
1903 2098 2051 2134 vestes

1176 2153 1280 2189 tunc
1310 2161 1539 2202 respersae
1570 2156 1683 2192 sunt.

1265 2207 1396 2249 vidua
1426 2208 1542 2250 luctu
1574 2212 1800 2261 continuo,
1842 2223 1923 2251 nec
1952 2209 2052 2251 ullis

1176 2264 1390 2308 alimentis
1429 2269 1515 2309 nisi
1555 2282 1661 2322 quae
1696 2274 1871 2309 mortem
1921 2283 2051 2310 arce-

1175 2332 1297 2366 rent:
1343 2326 1426 2367 dua
1458 2327 1731 2381 praedicata,
1766 2326 1908 2368 luctus
1943 2340 2052 2370 con-

1176 2386 1322 2425 tinuus
1355 2391 1398 2426 et
1430 2386 1637 2428 alimenta
1669 2392 1805 2438 curta,
1841 2400 1936 2428 cum
1969 2399 2053 2428 no-

1176 2444 1292 2485 mine
1312 2445 1442 2485 vidua
1465 2446 1705 2501 iunguntur
1726 2445 1777 2486 ad
1796 2458 1958 2487 morem
1970 2446 2053 2487 Ta-

1177 2503 1279 2555 citi3
1304 2503 1380 2544 sed
1415 2517 1483 2545 ars
1509 2505 1741 2546 scribentis
1765 2510 1807 2545 et
1839 2511 2054 2546 structura

1176 2561 1407 2603 verborum
1444 2565 1732 2619 corrumpitur
1766 2563 2053 2615 additayoce

1176 2620 1375 2676 inplexu,
1414 2635 1526 2677 quae
1558 2635 1637 2677 per
1666 2623 1986 2677 repetitionem.
2011 2629 2054 2665 01

1177 2681 1520 2723 immutationem
1539 2683 1840 2724 antecedentis
1857 2681 2055 2738 amplexa

1177 2744 1277 2780 nata
1322 2746 1401 2782 est.
1481 2740 1644 2783 Eadem
1693 2741 1747 2783 ad
1792 2744 2053 2783 sententiam

1178 2800 1355 2840 minime
1379 2801 1600 2841 convenit.
1662 2800 1768 2841 Nam
1798 2802 1957 2842 mulier
1978 2800 2055 2841 illa

1179 2862 1280 2897 ante
1312 2859 1633 2900 accusationem
1678 2860 1813 2912 patris
1851 2872 1938 2900 non
1970 2859 2054 2899 nisi

1179 2927 1265 2955 uno
1319 2922 1363 2958 et
1419 2918 1541 2972 gravi
1605 2931 1707 2959 casu
1757 2917 1919 2960 afflicta
1973 2924 2053 2971 est,

1179 2981 1318 3017 morte
1352 2977 1512 3019 mariti.
1575 2976 1660 3018 Sed
1689 2977 1876 3032 implecti
1911 2979 2056 3018 conti-

1180 3046 1266 3074 nuo
1300 3034 1420 3075 luctu
1455 3035 1508 3077 de
1533 3048 1586 3076 eo
1621 3035 1790 3077 demum
1817 3042 1936 3077 recte
1969 3035 2054 3076 dici

1181 3098 1352 3146 potest,
1402 3095 1476 3148 qui
1523 3095 1742 3135 continuis
1781 3095 1967 3135 miseriis
2013 3100 2056 3136 et

1182 3153 1400 3193 aerumnis
1424 3153 1776 3194 circumvenitur.
1806 3152 1929 3203 Quod
1952 3153 2056 3194 Pol-

1183 3210 1327 3252 luciae
1360 3212 1556 3265 quamvis
1591 3223 1678 3252 non
1711 3211 1971 3264 accidisset,
2006 3224 2058 3253 ea

1182 3275 1324 3310 tamen
1358 3270 1412 3310 ob
1445 3271 1661 3326 insignem
1695 3282 1882 3311 amorem
1918 3271 2056 3312 mariti

1187 3328 1365 3380 luctum,
1399 3334 1445 3370 01
1477 3329 1640 3384 alioqui
1674 3329 1767 3371 fleri
1802 3329 1937 3382 solet,
1971 3342 2058 3370 non

1191 3393 1393 3439 exuerat,
1445 3388 1521 3428 sed
1554 3389 1760 3429 continuo
1792 3395 2058 3430 servaverat.

1192 3446 1310 3487 Hanc
1370 3448 1628 3488 sententiam
1692 3447 1873 3502 praebet
1932 3447 2062 3488 vidua

1194 3506 1393 3546 continuo
1440 3505 1579 3558 luctu,
1628 3518 1715 3546 non
1759 3506 1842 3547 vid.
1886 3506 2062 3562 inpleoea

1193 3571 1303 3605 cont.
1345 3563 1373 3605 l.
1453 3562 1603 3606 Obiter
1635 3565 1847 3606 admoneo
1878 3564 2064 3621 implecti

1192 3635 1336 3677 neque
1369 3622 1482 3676 apud
1514 3624 1704 3666 Tacitum
1734 3624 1822 3680 legi
1859 3625 1918 3679 (is
1949 3626 2063 3666 scri-

1194 3682 1258 3722 bit
1287 3682 1543 3740 inplicari),
1590 3697 1733 3738 neque
1767 3682 1882 3739 quod
1913 3685 2062 3736 sciam,

1659 3765 1721 3816 21
