2280 4004
192 269 283 313 296
971 261 1262 307 ANNALIVM
1767 277 1808 309 a.
1831 260 1885 309 ⁷11⁴.
1918 260 2020 312 780.

194 410 431 462 infestior
455 410 534 463 vis
565 410 676 462 sine
705 408 990 459 levamento
1016 406 1371 474 grassabatur3
1399 406 1814 474 corripueratque
1835 407 2023 462 Varum

196 492 518 565 Quint-ilium,
577 499 782 551 divitem
822 503 871 550 et
911 498 1121 550 Caesari
1171 497 1532 564 propinquum,
1581 498 1838 550 Domitius·
1878 491 2022 566 Afer,

197 593 440 644 Claudiae
484 591 729 642 Pulchrae
781 589 956 640 matris
989 589 1118 667 eius
1171 588 1565 653 condemnator,
1622 588 1759 640 nullo
1812 589 2026 642 mirante

199 685 334 751 quod
374 684 459 734 diu
498 696 657 750 egens
696 685 745 732 et
782 685 927 747 parto
974 662 1136 746 nuper
1173 680 1400 746 praemio
1450 680 1582 732 male
1621 695 1742 732 usus
1779 679 1923 746 plura
1960 679 2027 732 act

160 775 390 843 sssagitia
430 774 803 840 accingeretur.
892 770 1118 823 Publium
1156 770 1470 822 Dolabellam
1524 771 1719 823 socium
1757 770 2027 823 delationis

198 867 427 919 extitisse
466 864 712 916 miraculo
753 869 879 928 erat,
923 863 1038 930 quia
1074 862 1225 914 claris
1261 862 1539 914 maioribus
1577 867 1627 914 et
1661 864 1798 914 Varo
1833 876 2030 915 conne-

195 972 290 1010 xus
333 972 475 1008 suam
521 956 630 1022 ipse
665 955 1010 1019 nobilitatem,
1068 969 1211 1005 suum
1251 954 1551 1022 sanguinem
1602 954 1852 1020 perdit-um
1906 954 2026 1004 ibat.

194 1048 395 1101 Restitit
440 1053 608 1099 tamen
657 1052 862 1098 senatus
915 1050 963 1098 et
1004 1045 1366 1112 opperiendum
1407 1046 1761 1112 imperatorem
1801 1044 2027 1108 censuit3

197 1139 334 1205 quod
369 1153 521 1189 unum
559 1138 846 1205 urgentium
886 1136 1128 1188 malorum
1164 1136 1438 1204 suffugium
1476 1136 1528 1186 in
1564 1142 1759 1203 tempus
1797 1141 1920 1188 erat.

337 1229 404 1281 At
441 1229 631 1280 Caesar
670 1227 919 1280 dedicatis
954 1243 1048 1294 per
1087 1228 1409 1294 Campaniam
1449 1227 1675 1294 templis,
1728 1238 2112 1294 quamquam&

197 1322 366 1373 edicto
394 1321 674 1372 monuisset
698 1336 762 1372 ne
800 1320 910 1386 quis
947 1321 1164 1387 quietem
1193 1319 1302 1372 eius
1340 1320 1678 1386 inrumperet,
1717 1333 2031 1370 concursus-

198 1427 296 1479 que
323 1413 690 1479 oppidanorum
722 1412 970 1478 disposito
1001 1412 1155 1463 milite
1180 1411 1589 1478 prohiberentur,
1617 1425 1833 1478 perosus
1858 1415 2032 1462 tamen

199 1504 472 1570 municipia
510 1509 560 1555 et
595 1503 827 1554 colonias
857 1503 1128 1569 omniaque
1158 1504 1209 1553 in
1247 1503 1526 1554 continenti
1563 1503 1678 1567 sita,
1717 1502 1939 1568 Capreas
1974 1517 2032 1553 se

199 1595 252 1645 in
291 1595 507 1646 insulam
551 1594 746 1645 abdidit
785 1594 933 1644 trium
972 1594 1160 1644 milium
1201 1594 1331 1646 freto
1371 1593 1433 1645 ab
1477 1593 1717 1645 extremis
1750 1591 2037 1657 Surrentini

138 1687 533 1755 nspromuntorii
576 1686 865 1737 diiunctam.
962 1685 1295 1738 Solitudinem
1350 1686 1458 1737 eius
1511 1684 1785 1751 placuisse-
1817 1684 2031 1735 maxime

200 1779 523 1843 crediderim,
563 1778 800 1844 quoniam
833 1778 1196 1844 importuosum
1234 1778 1370 1828 circa
1410 1792 1566 1842 mare,
1609 1781 1658 1828 et
1690 1776 1777 1827 vix
1814 1775 2061 1828 modicis,

197 1869 418 1937 navigiis
454 1884 614 1935 pauca
641 1868 902 1920 subsidia:
946 1883 1111 1935 neque
1150 1868 1400 1935 adpulerit
1435 1869 1698 1935 quisquam
1732 1867 1832 1919 nisi
1867 1882 2030 1935 gnaro

134 1250 182 1286 lo

316 2040 358 2080 2.
394 2036 647 2090 Quintilium
678 2036 733 2089 M,
771 2047 856 2076 non
893 2036 1185 2088 Quinctilium.
1217 2079 1220 2082 ,
1248 2036 1291 2079 4.
1325 2034 1530 2077 maliusus
1561 2035 1616 2077 M.
1680 2035 1722 2078 6.
1758 2034 1955 2077 conioeius
1977 2034 2032 2077 M.

200 2098 241 2141 9.
275 2096 485 2139 molorum
518 2097 570 2139 M.
681 2097 750 2138 14.
784 2095 950 2137 addidit
980 2095 1035 2137 M.
1151 2097 1219 2139 15.
1248 2095 1527 2153 promuntirii
1554 2095 1609 2137 M.
1646 2094 1703 2137 cf.
1737 2096 1766 2139 2
1796 2093 1869 2139 39.
1962 2093 2033 2142 16.

197 2158 286 2214 inp.
320 2157 375 2199 M.
476 2157 544 2199 17.
582 2169 721 2211 yrano
753 2155 809 2198 Μ.

286 2299 389 2352 Cap.
439 2298 510 2341 66.
585 2298 756 2339 divitem
802 2304 841 2339 et
891 2297 1075 2340 Caesari

192 2359 506 2415 propinquum:
547 2358 716 2399 Seneca
760 2357 971 2399 Gonu-ov.
1018 2359 1072 2400 3:

1159 2298 1390 2354 navigium
1425 2297 1702 2350 assumendo,
1737 2297 1811 2353 qui
1841 2299 2034 2341 custodis

1159 2359 1303 2398 vicem
1335 2356 1557 2412 implendo
1589 2357 1643 2399 ad
1675 2369 1814 2412 pauca
1840 2357 2034 2400 subsidia

199 2417 519 2459 declamaverat
551 2416 667 2472 apud
694 2415 814 2457 illum
836 2415 1072 2474 (Cestium)

199 2478 315 2518 hanc
359 2477 496 2532 ipsam
538 2476 876 2518 controversiam
938 2477 1075 2519 Varus

201 2537 456 2587 Quintilius,
499 2542 600 2577 tunc
645 2536 895 2577 Germanici
925 2550 1074 2591 qener,

199 2602 245 2635 ut
285 2601 596 2649 praetextatus.
737 2595 1072 2636 condemnator:

200 2653 243 2694 h.
281 2667 318 2695 e.
353 2654 424 2708 qui
461 2653 706 2693 accusando
741 2653 1074 2695 condemnatio-

199 2725 299 2753 nem
333 2712 612 2766 perfecerat3
659 2711 760 2767 lege
790 2711 850 2753 IV
883 2713 953 2755 52.

277 2769 380 2825 Cap.
396 2771 467 2813 67.
514 2771 849 2827 oppidanorum:
871 2771 1074 2827 intellige

201 2832 321 2871 cives
368 2844 422 2871 ex
465 2830 636 2884 oppidis
674 2828 821 2884 Capua
863 2836 905 2871 et
935 2830 1074 2872 Nola:

201 2891 261 2932 lv
297 2890 368 2931 57.
475 2891 676 2943 quoniam
698 2891 1073 2944 importuosum—-

201 2949 415 2991 subsidia.-
470 2950 651 2990 Sueton.
693 2947 834 2990 'l'ibcrn
869 2947 953 2992 40:
996 2950 1072 2990 cle-

202 3009 381 3049 lectatus
411 3007 569 3059 insula,
606 3007 715 3061 quod
742 3022 826 3047 uno
855 3022 1073 3063 parvoque

202 3067 326 3109 litore
345 3067 554 3118 adiretur,
575 3074 726 3122 saepta
740 3067 923 3121 undique
936 3082 1073 3122 prae-

201 3127 337 3183 ruptis
368 3127 599 3168 immensae
630 3125 869 3168 altitudinis
900 3127 1074 3181 rupibus

204 3194 243 3227 et
270 3186 488 3241 profundo
521 3186 668 3227 maris.
715 3184 841 3227 Oonf.
875 3185 1071 3227 Iuvenal.

202 3246 240 3287 X
271 3245 342 3287 93.

293 3305 378 3345 nisi
413 3317 552 3358 gnaro
600 3304 798 3346 custode:
851 3305 1071 3347 custodem

205 3363 415 3418 intelligit
436 3362 625 3404 Orellius
654 3364 975 3418 speculatorem
1001 3364 1074 3405 Ti-

206 3423 331 3472 berii,
365 3422 440 3462 sed
467 3422 637 3463 Tacitus
669 3436 784 3463 nunc
817 3423 870 3465 dc
904 3424 1073 3465 insulae

206 3480 393 3520 nondum
428 3495 450 3521 a
485 3483 682 3535 principe
715 3489 955 3536 occupatae
994 3496 1073 3523 na-

208 3544 301 3579 tura
355 3546 396 3579 et
449 3542 628 3595 ingenio
674 3540 881 3596 loquitur.
953 3542 1073 3593 Qua-

207 3603 385 3650 propter
416 3612 499 3655 ego
533 3599 576 3640 id
607 3612 766 3641 nomen
787 3601 949 3642 dictum
968 3606 1072 3656 puto

209 3655 261 3696 de
296 3657 587 3711 gubernatore
621 3659 815 3700 locorum
860 3673 995 3716 gnaro
1029 3662 1072 3702 in

1161 2415 1426 2471 Caprearum
1459 2416 1668 2471 appellat.

1246 2489 1379 2518 saeva
1418 2483 1664 2518 ventorum:
1707 2474 1812 2518 dicit
1859 2482 2032 2531 tempe-

1160 2541 1294 2578 states
1334 2537 1593 2591 ingruentes
1626 2549 1680 2577 ex
1711 2537 2029 2590 septentrione.

1258 2594 1458 2636 Vesuvius
1482 2619 1538 2626 -—
1570 2602 1779 2636 verteret:
1811 2595 2032 2652 significat

1158 2653 1409 2695 incendium
1443 2655 1544 2694 anni
1578 2654 1634 2696 79
1670 2667 1694 2694 a
1720 2653 1837 2707 Chr„
1872 2668 1896 2697 a
1917 2668 1964 2697 se
1985 2655 2028 2696 in

1158 2712 1385 2766 deperdita
1417 2719 1540 2766 parte
1573 2711 1860 2754 Historiarum
1898 2726 2029 2756 enar-

1158 2778 1325 2812 ratum:
1371 2771 1480 2812 Ptin.
1522 2770 1661 2825 Epist.
1699 2771 1756 2813 Vl
1794 2772 1847 2816 16
1880 2779 1923 2815 et
1955 2775 2027 2817 20.

1245 2833 1366 2885 sama
1414 2831 1574 2872 tradit:
1621 2831 1677 2873 cf.
1723 2832 1882 2888 virgil.
1915 2833 2028 2875 Aen.

1162 2889 1240 2930 Vll
1283 2891 1393 2932 735:
1449 2890 1667 2932 Teleboum
1710 2891 1903 2948 Capreas
1936 2905 2031 2934 cum

1157 2963 1296 3003 regna
1339 2956 1501 2991 teneret
1543 2949 1742 3007 (Telon).
1804 2950 2030 3008 Augustus

1160 3021 1253 3049 cam
1276 3009 1461 3049 insulam
1489 3009 1570 3050 sibi
1597 3011 1777 3064 suisque
1800 3016 2029 3063 paraverat

1158 3080 1182 3107 a
1214 3079 1260 3107 rc
1302 3067 1477 3120 publica
1519 3068 1929 3122 Neapolitanorun13
1983 3081 2026 3110 v.

1159 3126 1337 3167 Sueton.
1388 3127 1501 3182 Aug.
1542 3127 1599 3170 92
1632 3133 1676 3168 et
1707 3127 1778 3170 98.
1841 3127 1924 3169 Dio
1957 3126 2029 3169 LII

1157 3186 1230 3227 423.
1265 3185 1418 3227 Strabo
1457 3186 1490 3226 V
1524 3186 1553 3228 4
1585 3187 1630 3237 §.
1662 3187 1690 3229 9
1723 3199 1763 3240 p.
1798 3187 1899 3229 248.

1247 3245 1467 3286 duodecim
1494 3244 1696 3286 villarum
1728 3245 1967 3287 nominibus
1989 3251 2029 3288 et

1157 3304 1332 3345 molibus
1351 3305 1591 3345 insederat.-
1626 3305 1888 3360 ubicumque
1916 3317 2026 3346 ocu-

1158 3364 1297 3405 lorum
1328 3364 1447 3405 visus
1482 3363 1666 3415 ferebat,
1700 3363 1835 3405 villae
1867 3374 2024 3404 nomen

1158 3429 1201 3464 ct
1233 3422 1392 3464 molem
1428 3423 1758 3477 conspiciebant
1797 3436 1819 3463 a
1852 3422 2022 3462 Tiberio

1158 3488 1358 3536 coeptae.
1405 3482 1627 3523 Insederat
1643 3488 1708 3523 est
1723 3487 2021 3536 occupaverat.

1248 3541 1435 3583 occultos
1466 3544 1512 3583 in
1543 3543 1690 3583 tuscus.-
1739 3540 1889 3581 vitium
1924 3538 2023 3579 libri

1159 3602 1197 3642 Μ
1231 3601 1451 3652 occultior,
1484 3601 1538 3642 ad
1570 3599 1685 3655 quod
1713 3597 2023 3640 admittendum

1158 3661 1299 3703 scriba
1343 3672 1454 3702 voce-
1507 3666 1625 3701 tanco
1684 3657 1884 3701 inductus
1941 3662 2021 3709 est,
