2280 4004
193 322 230 359 θ’
252 312 301 360 G.
335 312 406 361 51.
438 333 450 341 ³
767 312 933 356 LIBER
963 313 1056 356 XII.
1120 312 1449 358 civem—47.
1957 315 2018 361 85

194 455 403 523 impellit
441 455 652 521 militeS,
696 459 750 507 ut
785 459 964 522 pacem
997 455 1286 523 flagitarent
1318 458 1475 523 seque
1509 457 1818 523 praesidium
1857 457 2017 510 omis-

194 562 342 599 suros
382 547 746 599 minitarentur.
820 547 928 608 Qua
964 547 1270 599 necessitate
1292 548 1607 600 Mithridates
1646 548 1779 600 diem
1817 548 2017 600 locum-

110 648 179 698 4⁷
195 657 292 709 que
328 642 526 694 foederi
565 642 788 707 accepit,
831 640 1140 706 castelloque
1182 641 1457 708 egreditur.
1531 642 1610 692 Ac
1646 641 1807 707 primo
1844 640 2016 693 Rada-

194 734 368 785 mistus
409 733 460 783 in
495 732 752 798 amplexus
793 731 901 782 eius
933 731 1120 782 effusus
1157 731 1394 782 simulare
1429 727 1743 797 obsequium,
1780 746 2014 783 socerum

193 839 255 875 ac
288 828 547 891 parentem
585 822 856 888 appellare.
928 821 1101 872 Adicit
1136 821 1214 873 ius
1253 822 1534 887 iurandum,
1577 837 1681 873 non
1717 823 1871 888 ferm,
1908 835 2050 874 nons

192 929 391 966 veneno
428 914 528 964 vim
568 913 864 964 adlaturum.
940 913 1096 966 Simul
1145 913 1197 963 in
1241 912 1407 964 lucum
1460 913 1793 980 propinquum
1842 913 2009 978 trahit,

190 986 448 1072 provisum
476 1004 579 1055 illic
605 1003 908 1055 sacrificium
941 1004 1283 1070 [imperatum]
1315 1004 1567 1069 dictitans,
1605 1009 1659 1054 ut
1687 1004 1765 1055 dis
1798 1005 2012 1056 testibus

190 1102 290 1164 pa⁴x
338 1095 634 1147 firmaretur.
727 1095 837 1146 Mos
896 1099 973 1146 est
1025 1095 1263 1162 regibuS‚
1331 1096 1564 1161 quotiens
1613 1094 1666 1144 in
1715 1094 2011 1146 societatem

193 1189 391 1251 coeant,
419 1185 664 1251 inplicare
691 1184 895 1236 dextras
931 1184 1247 1251 pollicesque
1285 1185 1418 1236 inter
1454 1200 1512 1236 se
1539 1184 1735 1236 vincire
1772 1184 2011 1250 nodoque

187 1277 595 1346 praestringeret
657 1291 777 1327 mox
824 1276 910 1327 ubi
959 1276 1169 1344 sanguis
1220 1281 1356 1327 artus
1416 1280 1671 1327 extremos
1729 1275 2078 1341 suffuderit,1o

187 1369 288 1421 levi
325 1367 428 1419 ictu
461 1381 694 1419 cruorem
734 1367 943 1419 eliciunt
990 1372 1138 1433 atque
1176 1366 1395 1418 invicem
1429 1366 1666 1417 lambunt.
1739 1366 1794 1417 Id
1830 1366 2012 1417 foedus

189 1473 426 1511 arcanum
461 1458 674 1510 hahetur
700 1458 852 1524 'quasi
882 1462 1051 1508 mutuo
1083 1472 1267 1509 cruore
1291 1462 1560 1509 sacratum.
1637 1456 1737 1509 Sed
1774 1461 1894 1507 tunc
1930 1456 2015 1522 qui

189 1565 250 1601 ea
298 1548 465 1600 vincla
520 1548 846 1612 admovebat,
905 1547 1161 1599 decidisse
1204 1547 1445 1599 simulans
1494 1563 1661 1616 genua
1710 1545 2013 1599 Mithridatis

189 1640 383 1692 invadit
420 1640 682 1706 ipsumque
718 1639 995 1706 prosternit
1008 1657 1022 1703 3
1076 1639 1323 1705 simulque
1366 1654 1620 1690 concursu
1657 1637 1871 1705 plurium
1910 1638 2015 1688 ini-

189 1732 386 1783 ciuntur
434 1736 660 1783 catenae.
748 1730 826 1795 Ac
876 1730 1150 1797 compede,
1208 1731 1343 1796 quod
1401 1730 1710 1783 dedecorum
1760 1729 2078 1796 barbaris,1⁵

306 1887 345 1928 1.
377 1886 466 1942 inp.
500 1883 578 1927 Ma.
670 1898 794 1940 seque
820 1885 1084 1941 praesidium
1115 1885 1343 1926 omissuros
1368 1884 1720 1927 Freinshemius:
1751 1897 1876 1939 seque
1904 1886 2012 1941 (non

186 1948 331 2003 seqne)
361 1944 583 2001 praesidia
614 1945 763 1986 ammis
786 1944 866 1998 Ma,
898 1958 1023 2000 seque
1050 1945 1269 2001 praesidio
1303 1944 1491 1987 abituros
1509 1944 1543 1985 B
1565 1957 1589 1985 a
1616 1945 1863 1986 recentiore
1882 1956 2012 1985 manu

189 2011 234 2047 et
265 2004 299 2046 G
331 2011 375 2046 et
407 2003 695 2046 Oxonienses.
788 2007 829 2050 2.
863 2005 1107 2046 necissitate
1138 2002 1219 2046 Ma.
1311 2005 1353 2046 3.
1387 2003 1558 2059 faederi
1587 2002 1667 2045 Ma.
1759 2005 2011 2058 faramistus

187 2062 268 2106 Ma.
360 2064 402 2106 6.
436 2062 558 2105 allae.
594 2063 666 2105 Or.
759 2064 799 2106 7.
836 2063 1028 2119 glossam
1059 2066 1314 2119 imperatum
1350 2063 1532 2104 seclusit
1565 2062 1718 2104 editor.
1814 2063 1894 2104 diis
1927 2061 2008 2103 Ma.

187 2123 231 2166 8.
269 2123 471 2164 societate
504 2121 620 2164 GMa.
714 2122 755 2165 9.
788 2122 905 2178 impl.
940 2122 1011 2164 Or.
1118 2124 1186 2166 10.
1216 2122 1511 2178 perstrinyere
1545 2124 1647 2176 (per
1679 2120 2008 2178 compendium)

190 2180 316 2224 GMa:
346 2183 529 2223 mutavit
561 2182 748 2235 Lipsius,
811 2188 931 2223 artus
963 2182 1194 2223 Heinsius:
1229 2180 1332 2223 GMa
1361 2182 1409 2222 in
1440 2187 1574 2223 artus.

1673 2182 1741 2224 11.
1773 2181 1896 2237 sedus
1930 2193 2010 2222 ar-

189 2241 373 2283 chanum
403 2239 482 2283 Illa.
580 2242 646 2284 15.
681 2241 898 2296 compedes
929 2239 1021 2283 Ma:
1056 2242 1247 2284 correxit
1277 2240 1466 2297 Lipsius.

188 2384 272 2425 rite
320 2383 485 2424 inserta
537 2396 562 2424 a
611 2382 830 2425 scribente
881 2382 1056 2425 videtur

191 2455 303 2485 esse.
365 2443 537 2485 Servari
575 2443 748 2497 quidem
791 2445 976 2497 poterit,
1017 2444 1054 2485 si

1141 2383 1258 2426 coire
1285 2383 1508 2440 populum,
1543 2389 1583 2424 et
1614 2382 1903 2438 circumfundi
1935 2396 2010 2424 co-

1140 2456 1308 2485 ronam.
1370 2443 1502 2484 Artus
1556 2443 1737 2498 sanguis
1784 2442 2008 2495 suffundit,

188 2513 429 2558 pronomen
470 2515 514 2543 se
567 2514 662 2542 cum
703 2501 789 2543 Iac.
834 2501 1054 2544 Gronovio

190 2566 291 2603 ante
323 2567 532 2602 extremos
547 2559 620 2602 vel
647 2573 826 2603 suasore
852 2561 1055 2604 Doeder-

189 2620 298 2663 linio
351 2624 452 2662 ante
492 2620 541 2661 in
579 2627 699 2661 artus
749 2621 1054 2675 interpositum

191 2681 289 2732 erit,
319 2679 399 2721 sed
430 2679 542 2721 hanc
564 2680 778 2721 rationem
801 2692 886 2735 quo
913 2681 1054 2722 minus

191 2738 427 2793 amplectar
470 2744 513 2780 et
554 2738 653 2780 loco
699 2740 868 2781 incerto
917 2746 960 2782 et
1004 2753 1055 2781 ea

192 2798 461 2854 cogitatione
483 2797 733 2852 prohibeor,
761 2799 875 2853 quod
896 2803 940 2840 in
961 2798 1056 2840 for-

190 2857 271 2898 mis
304 2858 556 2911 compositis
588 2856 712 2898 verbi
759 2859 940 2911 sundere
971 2857 1055 2899 Ta-

194 2917 325 2958 citum
381 2915 489 2957 alias
535 2928 623 2956 non
660 2930 704 2956 se
743 2929 933 2970 ponere,
978 2916 1058 2959 sed

194 2975 373 3017 formam
406 2974 620 3028 passivam
665 2974 834 3031 eligere
865 2978 1054 3031 reperio.

195 3033 262 3075 Cf.
293 3032 311 3074 1
346 3034 422 3075 11:
455 3035 502 3075 in
533 3039 698 3088 questus
723 3033 928 3077 lacrimas
957 3044 1058 3078 vota

195 3092 370 3148 effundi.
433 3094 519 3136 23:
561 3098 607 3134 ut
639 3118 693 3125 —-
724 3094 804 3135 atii
834 3094 892 3136 ad
922 3108 1058 3149 quae-

195 3151 372 3192 rendum
401 3165 553 3207 corpus
583 3153 916 3208 effunderentur.
964 3155 1056 3204 558:

196 3211 325 3264 tergis
358 3210 669 3252 Germanorum
701 3213 1057 3268 circumfundun-

196 3277 279 3311 tur.
326 3268 516 3311 Ibidemt
547 3269 658 3311 hosti
687 3295 743 3303 —-
773 3285 902 3313 sonus
932 3272 1059 3313 tuba-

195 3341 309 3379 rum,
362 3328 507 3383 sulyor
554 3341 771 3370 armorum
814 3355 869 3361 —
917 3332 1060 3386 offun-

197 3388 367 3429 duntur.
429 3385 465 3427 11
496 3386 549 3429 6:
593 3387 640 3427 in
671 3388 888 3429 Oceanum
919 3390 1060 3444 effun-

198 3446 324 3488 ditur.
389 3445 443 3486 xl
495 3445 575 3488 20:
625 3459 875 3501 quamquam
928 3446 1061 3488 multa

196 3505 319 3547 simul
350 3505 686 3561 effunderentur.
718 3505 769 3548 H.
794 3506 929 3549 1170:
962 3506 1061 3548 inde

200 3566 477 3620 circumfusas
499 3563 563 3622 (h.
583 3578 621 3606 e.
654 3579 699 3606 se
721 3566 1061 3620 circumfudisse)

201 3624 458 3666 auxiliorum
491 3638 655 3667 manus.
701 3623 836 3666 H.1v
865 3626 946 3668 33:
979 3638 1062 3666 au-

201 3681 309 3725 xilia
323 3683 484 3741 passim
510 3684 771 3742 circumfusa
790 3691 899 3728 sunt.
935 3683 985 3728 Ο.
1008 3684 1060 3727 6:

1142 2503 1241 2544 dum
1274 2502 1447 2544 infusus
1482 2507 1701 2543 tumentes
1741 2513 1817 2543 eos
1852 2500 2008 2544 reddit.

1142 2562 1213 2604 Sic
1276 2561 1390 2603 idem
1450 2566 1600 2603 noster
1665 2560 2009 2615 circumfundere

1140 2621 1256 2662 nudo
1305 2621 1556 2662 accusativo
1598 2620 1767 2673 iunxit,
1805 2625 1853 2660 ut
1893 2619 2010 2661 idem

1140 2681 1197 2722 sit
1245 2679 1362 2736 quod
1418 2679 1712 2732 circumdare,
1764 2679 2007 2732 includere,

1140 2740 1278 2782 veluti
1321 2738 1398 2781 XII
1438 2739 1496 2782 38
1523 2742 1795 2795 praefectum
1826 2763 1882 2771 —-
1916 2740 2008 2781 cir-

1142 2799 1434 2855 cumfundunt,
1459 2799 1509 2841 H.
1535 2798 1573 2839 11
1596 2799 1649 2841 19
1674 2800 1775 2840 si—
1791 2804 1878 2839 tam
1890 2811 2008 2853 pau-

1140 2873 1215 2900 cas
1245 2858 1440 2900 cohortes
1471 2858 1822 2912 circumfudisset.
1886 2856 2010 2898 Adde

1140 2917 1239 2959 XIH
1272 2919 1344 2961 40.
1399 2917 1450 2958 H.
1484 2917 1545 2959 lV
1576 2917 1649 2961 20.
1712 2916 1778 2959 De
1811 2928 1858 2958 re
1890 2915 2007 2957 conf.

1143 2977 1346 3019 Valerius
1378 2976 1488 3018 Max.
1522 2975 1580 3018 IX
1606 2977 1722 3019 113.
1755 2975 1867 3017 Mela
1885 2974 2007 3018 1121.

1229 3036 1339 3090 quod
1361 3036 1613 3077 dedecorum
1634 3035 1858 3077 barbaris.-
1895 3033 2008 3075 trahi

1141 3095 1351 3149 compede
1395 3107 1481 3135 non
1519 3094 1660 3135 solum
1702 3093 1894 3134 barbaris
1927 3093 2008 3133 de-

1141 3155 1345 3196 decorum
1379 3154 1462 3194 fuit
1492 3153 1569 3194 sed
1608 3154 1737 3193 etiam
1770 3150 1884 3204 apud
1916 3151 2008 3191 Ro-

1142 3225 1318 3254 manos:
1355 3212 1525 3252 barbari
1557 3216 1701 3251 tamen
1735 3221 1822 3250 non
1856 3214 2007 3250 custo-

1142 3271 1239 3312 diae
1274 3282 1429 3321 causa,
1474 3274 1519 3309 ut
1561 3269 1742 3310 Romani
1772 3267 1930 3309 vinclis
1962 3267 2006 3307 in

1146 3329 1341 3371 custodia
1384 3327 1560 3369 militari
1605 3330 1671 3381 (v.
1716 3326 1768 3368 ad
1810 3325 1865 3367 ΙΙΙ
1908 3328 2005 3380 22),

1144 3389 1219 3430 sed
1253 3388 1389 3441 ipsius
1431 3387 1698 3441 ignominiae
1741 3397 1846 3440 ergo
1886 3396 2007 3425 com-

1145 3447 1257 3501 pede
1290 3446 1537 3487 utebantnr.
1591 3444 1695 3485 Nam
1728 3444 1895 3485 iniectis
1929 3456 2008 3483 ca·-

1147 3506 1254 3547 tenis
1293 3506 1376 3546 iam
1418 3505 1639 3558 provisum
1683 3508 1775 3544 erat
1806 3516 1862 3544 ne
1894 3503 2008 3543 ell'u-

1147 3570 1271 3621 geret
1288 3563 1570 3605 Mithridates,
1605 3561 1824 3604 Converte
1848 3563 1981 3617 igitur
1998 3575 2007 3600 :

1146 3637 1233 3666 was
1267 3624 1332 3665 ben:
1364 3623 1446 3666 den
1475 3621 1703 3666 Barbaren
1731 3622 1801 3663 eiu
1823 3620 1905 3664 Act
1926 3633 2009 3662 von

1146 3683 1487 3741 Beschimpfungy.
1541 3682 1630 3726 lam
1654 3682 1831 3725 adverte
1852 3679 2009 3739 gradus
