2280 4004
252 307 343 365 212

1061 307 1354 355 ANNALIVM

1831 321 1872 352 a.
1903 318 1948 354 uz
1975 304 2082 354 814.

253 452 418 526 gradu
478 457 682 507 immota
739 457 789 504 et
845 451 1108 520 angustias
1161 451 1262 502 loci
1319 464 1412 517 pro
1455 441 1779 501 'munimento
1837 439 2083 515 retinens,

253 553 519 615 postquam
555 544 762 611 propius
799 557 1110 611 suggressus
1150 542 1311 594 hostis
1353 545 1494 594 certo
1533 541 1668 593 iactu
1702 539 1802 593 tela
1833 539 2090 593 exhause-

253 644 362 703 rat,
403 637 540 689 velut
585 650 748 688 cuneo
789 635 968 702 erupit.

1043 634 1180 687 Idem
1217 633 1535 687 auxiliarium
1571 633 1784 700 impetus
1795 649 1811 698 3
1847 636 1898 685 et
1931 643 2089 699 eques

252 728 499 795 protentis
538 728 696 780 hastis
733 726 1180 795 perfringitquod
1218 725 1420 778 obvium
1462 729 1511 778 et
1546 724 1768 777 validum
1799 727 1924 776 erat.
1951 723 2090 776 Ge·-

219 820 350 878 5'teri
389 825 534 888 terga
573 820 886 886 praebuere,
927 818 1121 871 difficili
1162 817 1378 886 effugio,
1421 817 1536 884 quia
1576 814 2090 869 circumiectavehi—

257 910 368 964 cula
407 916 705 978 saepserant
753 911 946 976 abitus,
998 914 1047 962 et
1098 909 1242 962 miles
1295 924 1361 961 ne
1407 908 1671 961 mulierum
1724 905 2090 976 quidem-neci

255 1002 584 1069 temperabat,
627 1002 928 1068 confixaque
963 1000 1078 1054 telis
1104 1001 1497 1055 etiam‘iumenta
1534 1014 1804 1066 corporum
1843 997 2090 1050 cumulum

256 1099 518 1147 auxerant.

589 1093 736 1146 Clara
777 1099 827 1145 et
865 1094 1083 1160 antiquis
1136 1093 1369 1145 victoriis
1422 1108 1514 1159 par
1551 1108 1611 1144 ea
1651 1092 1735 1145 die
1770 1091 1881 1144 laus
1914 1093 2088 1158 pariat

257 1186 440 1252 quippe
478 1190 595 1238 sunt
645 1186 728 1252 qui
765 1184 916 1251 paulo
953 1185 1117 1237 minus
1156 1199 1303 1251 quam
1342 1184 1604 1252 octoginta
1642 1183 1781 1235 milia
1815 1182 2091 1236 Britanno-

197 1292 365 1332 iorum
396 1277 649 1329 cecidisse
682 1276 901 1342 tradant,
940 1276 1148 1327 militum
1179 1275 1564 1343 quadringentis
1597 1276 1759 1328 ferme
1785 1272 2087 1338 interiecti&

256 1384 354 1420 nec
389 1368 543 1420 multo
585 1368 797 1435 amplius
833 1367 1129 1420 vulneratis.
1189 1368 1448 1420 Boudicea
1484 1367 1638 1419 vitam
1671 1380 1874 1419 veneno
1910 1363 2088 1418 finivit.

255 1461 318 1512 Et
356 1461 572 1512 Poenius
609 1461 872 1512 Postumus
908 1459 1199 1526 praefectus
1238 1450 1520 1511 castrorum
1553 1457 1813 1510 secundae
1848 1444 2090 1525 legioni&

259 1551 481 1619 cognitis
498 1551 1074 1623 quartadecumanorum
1095 1551 1622 1617 vicesimanorumque
1638 1548 1900 1616 prosperis
1917 1547 2090 1613 rebus,

257 1642 374 1709 quia
408 1644 518 1709 pari
550 1642 716 1711 gloria
744 1642 1000 1711 legionem
1031 1658 1172 1695 suam
1197 1643 1524 1695 fraudaverat
1549 1642 1894 1709 abnueratque
1914 1643 2093 1695 contra

196 1752 242 1788 ιε
256 1734 405 1786 ritum
451 1734 660 1786 militiae
700 1734 839 1787 iussa
880 1734 1052 1801 ducis,
1093 1750 1151 1787 se
1189 1736 1351 1802 ipsum
1384 1733 1559 1802 gladio
1597 1733 1860 1802 transegit.

379 1892 417 1934 1.
449 1890 552 1932 inm.
586 1890 667 1933 Ma.
787 1891 830 1933 3.
862 1890 991 1932 uelud
1019 1889 1101 1933 Ma.

259 1950 429 2007 effuyio.
548 1950 591 1993 6.
624 1963 732 2005 seps.
766 1948 847 1993 Ma.

256 2022 344 2051 non
376 2009 536 2052 Furiae
569 2011 752 2063 confixa.

256 2076 400 2126 qenta.
493 2070 809 2112 brittannorum
839 2068 920 2111 Ma.

260 2129 396 2172 decim
431 2129 638 2172 Ianorum
669 2126 751 2171 Ma.

262 2280 406 2317 certus
438 2279 621 2317 eventus
644 2273 910 2316 Suetonius.³
959 2273 1138 2330 Alioqui

259 2333 433 2376 Tacitus
466 2333 659 2376 libenter
692 2334 936 2390 genitivum
972 2334 1139 2375 nomini

261 2401 401 2436 certus
427 2394 670 2450 coniungit,
685 2394 761 2435 sed
783 2392 1040 2449 plerumque
1064 2392 1138 2434 ubi

261 2453 315 2495 de
337 2459 464 2507 capto
485 2453 669 2495 consilio
688 2453 899 2508 loquitur,
917 2453 1056 2495 veluti
1079 2452 1139 2493 IV

264 2513 324 2556 34
354 2512 665 2567 relinquendae
699 2513 813 2554 vitae
847 2520 1012 2565 certus,
1061 2511 1138 2553 XII

262 2573 321 2615 32
352 2572 650 2615 destinationis
682 2579 857 2624 certum,
889 2572 946 2615 66
962 2570 1137 2613 sceleris

264 2630 364 2670 olim
397 2638 532 2672 certa.
573 2631 625 2672 H.
660 2631 697 2672 11
735 2631 801 2673 46-
827 2631 934 2672 Otho
954 2644 1135 2671 —con-

263 2688 354 2730 silii
385 2696 541 2731 certus.
606 2689 658 2731 H.
695 2689 752 2731 lv
789 2690 843 2732 14
876 2690 1026 2731 Civilis
1059 2689 1136 2730 de-

264 2748 477 2790 sciscendi
503 2755 659 2790 certus.
701 2748 767 2791 De
790 2761 838 2790 re
857 2748 990 2790 alicui
1019 2754 1138 2790 certa

265 2806 284 2849 1
318 2809 372 2850 27
407 2809 529 2850 eaeitii
561 2815 725 2860 certus,
768 2807 844 2849 ΧΠ
875 2809 903 2851 3
944 2808 1011 2849 sui
1040 2821 1138 2849 ma.-

266 2867 460 2909 trimonii
492 2874 626 2909 certa.
688 2866 858 2909 Nudum
897 2867 1137 2909 ablativum

267 2934 419 2968 eventu
451 2927 565 2968 idem
597 2927 748 2968 valere
777 2925 892 2981 quod
920 2927 970 2968 de
988 2934 1138 2968 eventu

269 2985 456 3026 eredidit
488 2986 799 3027 Doederlinius
833 2992 876 3026 et
907 2986 1137 3040 probatum

267 3045 348 3086 ivit
390 3045 564 3086 collatis
606 3045 754 3087 verbis
794 3044 888 3085 XIII
934 3046 1016 3088 21:
1067 3045 1141 3085 ubi

266 3103 387 3145 nihil
405 3118 487 3160 pro
520 3105 786 3156 innocentia,
821 3105 944 3158 quasi
969 3104 1138 3158 diffide-

266 3169 347 3216 ret,
381 3177 463 3205 nec
493 3164 721 3217 beneficiis,
756 3163 878 3218 quasi
899 3163 1139 3219 exprobra-

266 3229 364 3274 ret,
417 3224 628 3266 disseruit.
691 3222 777 3266 Sed
822 3222 883 3263 ibi
927 3222 1140 3276 beneficiis

266 3281 430 3335 pendet
477 3296 530 3324 ex
558 3296 665 3337 pro,
712 3288 755 3324 et
781 3282 878 3336 ‘pro
911 3281 1140 3324 beneficiis

266 3340 378 3381 nihil
421 3340 649 3384 disserere’
679 3341 885 3383 est‘nihil
919 3342 972 3383 ad
1000 3341 1141 3384 bene-

267 3399 367 3441 ficia
399 3400 650 3455 imputanda
682 3400 957 3443 memorare.’

352 3457 459 3514 Cap.
487 3462 560 3503 37.
598 3467 823 3516 postquam
844 3461 1022 3516 propius
1038 3474 1141 3516 suq-

266 3531 437 3572 9ressus
470 3519 601 3561 hostis
644 3527 759 3561 certo
792 3521 911 3561 iactu
943 3519 1029 3561 tela
1063 3534 1141 3560 ex-

268 3577 498 3620 hauserat:
547 3578 686 3619 hostis
730 3585 850 3620 certo
884 3580 1001 3620 iactu
1034 3578 1139 3631 tela,

267 3647 356 3675 non
388 3648 467 3679 sua
493 3637 571 3679 sed
592 3638 899 3690 Romanorum,
922 3638 1138 3690 exhausit,

267 3694 330 3740 ita
361 3701 409 3739 ut
438 3696 530 3754 pila
561 3709 586 3744 a
616 3697 823 3746 Romanis
865 3699 999 3746 missa
1039 3709 1139 3743 cor-

968 1950 1107 1992 abitus
1137 1948 1218 2002 Ma,
1253 1951 1432 1992 ambitus
1461 1949 1549 1992 BG.

860 2009 934 2052 teli
963 2008 1055 2053 Ma:
1094 2008 1130 2051 G
1160 2008 1268 2051 telis.

1024 2071 1091 2112 11.
1125 2069 1342 2112 Boudicca
1374 2068 1422 2112 G.
1458 2069 1514 2112 cf.
1549 2083 1588 2112 c.
1622 2070 1695 2113 31.

1213 1893 1255 1933 4.
1290 1892 1394 1933 astis
1425 1888 1505 1933 Ma.
1628 1890 1670 1932 5.
1705 1889 1904 1947 effuyium
1931 1885 2024 1931 ³1⁸.-
2056 1885 2092 1930 G

1653 1949 1695 1993 7.
1729 1949 1978 2004 confi-‘mque
2009 1944 2091 2000 Ma,

1369 2010 1410 2054 9.
1445 2009 1684 2065 octinginta
1715 2007 1795 2063 ma,
1827 2012 1922 2049 non‘
1950 2006 2093 2050 oetinss

1805 2069 1874 2112 13.
1909 2073 2107 2125 quarta-⁴

1224 2273 1404 2328 poribus
1446 2275 1536 2317 suis
1579 2273 1779 2331 Britanni
1834 2273 2094 2329 exciperent

1224 2335 1383 2375 omnia.
1430 2334 1497 2375 Ab
1530 2333 1657 2376 hoste
1686 2346 1766 2376 sua
1795 2333 1840 2375 in
1871 2333 2093 2376 Romanos

1223 2392 1315 2435 tela
1347 2399 1466 2435 certo
1499 2394 1617 2435 iactu
1637 2393 1850 2436 exhausta
1873 2405 1972 2436 esse
1997 2398 2093 2435 tra-

1225 2453 1328 2495 dere
1345 2451 1518 2495 Tacitus
1548 2453 1714 2495 noluit:
1750 2458 1840 2496 tum
1869 2453 1985 2509 euim
2003 2457 2117 2494 non‘

1223 2513 1431 2567 perpauci
1474 2513 1766 2555 Romanorum
1811 2510 2093 2569 cecidissent,

1223 2577 1270 2611 ut
1300 2584 1401 2612 mox
1434 2570 1638 2628 legimus,
1671 2571 1750 2614 sed
1770 2570 1941 2626 proelio
1960 2571 2092 2613 etiam

1219 2631 1328 2684 ipsis
1359 2631 1609 2684 pernicioso
1641 2633 1871 2673 victoriam
1909 2629 2093 2673 Romani

1221 2689 1512 2732 rettulissent.
1561 2690 1653 2731 Hoc
1669 2703 1765 2732 cum
1788 2702 1875 2731 non
1891 2689 2094 2732 viderent

1223 2747 1618 2803 editores,'Lipsius
1638 2750 1874 2806 suqqressis
1889 2747 2090 2802 hostibus,
2149 2782 2157 2791 .

1222 2807 1415 2850 Pichena
1459 2809 1625 2850 incerto
1670 2810 1813 2862 iactu,
1863 2807 2094 2851 Ernestius

1224 2868 1375 2909 crebro
1402 2869 1535 2920 iactu,
1568 2867 1881 2911 Doederlinius
1908 2868 2094 2924 inpro-

1218 2928 1316 2983 pius
1368 2941 1614 2983 suqyressos
1668 2923 1807 2971 hostes
1860 2939 1941 2982 per
1984 2938 2094 2968 con-

1222 2988 1434 3028 iecturam
1492 2986 1759 3030 substituere
1819 2985 2095 3029 maluerunt:

1224 3045 1475 3087 Waltherus
1527 3045 1717 3101 denique
1771 3045 1907 3088 verba
1958 3044 2095 3087 multa

1226 3104 1432 3156 effundit,
1476 3117 1567 3146 rem
1608 3117 1695 3146 non
1739 3103 1931 3160 expedit.
2000 3103 2095 3147 Ve-

1224 3176 1317 3204 rum
1351 3163 1463 3205 vidit
1494 3163 1854 3219 Freinshemius,
1901 3162 1980 3207 sed
2010 3162 2095 3206 ob-

1225 3235 1353 3265 scure
1387 3224 1605 3277 exposuit.

1317 3282 1488 3338 difficili
1508 3283 1688 3339 effugio:
1720 3281 1787 3325 Ma
1811 3282 2011 3340 effugium
2041 3280 2096 3325 ad

1227 3341 1559 3383 similitudinem
1595 3341 1828 3384 verborum
1860 3342 2026 3384 obvium
2055 3346 2096 3383 et

1226 3401 1415 3443 validum
1473 3400 1526 3442 ab
1584 3401 1857 3456 imprudente
1914 3392 2094 3443 librario

1228 3461 1430 3502 effectum
1463 3466 1544 3502 est.
1610 3461 1731 3512 Quae
1775 3466 2016 3516 sequuntur
2054 3463 2096 3501 et

1226 3519 1346 3561 miles
1392 3544 1449 3551 —
1496 3527 1711 3562 auxerant
1759 3531 1895 3561 novas
1940 3528 2094 3561 causas

1227 3579 1413 3620 afferunt
1433 3591 1509 3619 cur
1528 3580 1749 3621 Britannis
1773 3578 1981 3634 effugium
2004 3575 2095 3618 dif-

1225 3637 1343 3679 ficile
1397 3638 1545 3680 fuerit.
1609 3639 1762 3693 Itaque
1807 3642 1906 3691 post
1955 3635 2095 3678 abitus

1226 3709 1418 3753 comma,
1462 3710 1551 3742 non
1586 3701 1819 3755 punctum,
1850 3699 1951 3755 post
1982 3701 2094 3743 tem-
