2280 4004
141 287 147 291 ’
216 285 246 336 ¹3
274 271 324 331 G·
357 272 430 333 65·

219 411 511 485 quaesitam,
585 415 663 483 Ac
704 427 770 481 ne
810 412 1053 480 memoria
1099 416 1290 475 tantum
1331 413 1519 475 infensi
1569 414 1789 488 nominis
1830 414 1891 471 ad
1932 416 2042 471 dis-

219 501 425 572 cquias
460 507 717 575 uteretur,
760 502 1107 571 adsumpsisse.
1140 503 1345 570 Lucium
1386 503 1637 568 Silanum,
1676 505 1908 561 iuvenem
1945 520 2042 571 ge·-¹

151 594 157 602 “
217 610 340 669 nere
374 594 614 666 nobilem,
634 595 801 654 animo
833 599 1170 663 praeruptum,
1201 610 1347 660 quem
1385 595 1536 649 novis
1564 596 1716 647 rebus
1748 601 2039 648 ostentaret.

167 687 381 760 Slpsum
432 685 616 753 dehinc
654 686 876 754 Silanum
923 686 1173 752 increpuit
1228 686 1391 738 isdem
1446 687 1632 752 quibus.
1666 692 1894 753 patruum
1933 688 2041 743 eius

216 760 549 851 Torquatum,
584 782 836 847 tamquam
871 777 1164 843 disponeret
1201 777 1299 828 iam
1338 777 1535 842 imperii
1575 793 1749 842 curaS,
1792 777 2080 843 praefice-5

215 871 394 938 relique
430 867 712 935 rationibus
752 872 801 929 et
840 867 1029 933 libellis,
1064 872 1112 918 et
1153 867 1378 934 epistulis
1415 867 1657 932 libertos,
1692 868 1861 929 inania
1896 867 2043 933 simul

218 962 268 1026 et
304 957 468 1035 salsa}
506 973 619 1026 nam
646 957 845 1022 Silanus
876 957 1118 1026 intentior
1152 962 1286 1020 metu
1323 963 1372 1010 et
1407 958 1562 1009 exitio
1600 959 1763 1024 patrui
1801 959 1861 1009 ad
1893 973 2047 1024 prae-

219 1049 501 1121 cavendum
541 1049 809 1114 exterritus
850 1054 972 1114 erat.
1049 1049 1245 1115 Inducit
1268 1049 1480 1115 posthac
1515 1049 1766 1110 vocabulo
1805 1050 2043 1114 indicum,

219 1126 302 1207 qui
338 1141 390 1212 iu
428 1140 668 1214 Lepidam
711 1140 872 1203 Cassii
909 1155 1149 1208 uxorem,
1188 1139 1343 1199 Silani
1381 1140 1608 1204 amitam,
1649 1141 1894 1197 incestum
1934 1156 2043 1193 cum

218 1230 388 1298 fratris
424 1230 526 1289 filio
564 1235 613 1285 et
650 1231 791 1286 diros
826 1245 1087 1290 sacrorum
1117 1230 1242 1289 ritus
1284 1229 1647 1296 confingerent.
1703 1231 2048 1286 Trahebantur
2063 1252 2111 1291 ιο

216 1326 271 1395 ut
306 1321 501 1388 conscii
537 1322 794 1384 Volcatius
833 1321 1054 1377 Tullinus
1095 1336 1155 1374 ac
1189 1320 1457 1382 Marcellus
1491 1321 1754 1371 Cornelius
1782 1327 2047 1376 senatores
2134 1336 2136 1343 ’

228 1418 277 1464 et
316 1413 613 1479 Calpurnius
651 1413 866 1464 Fabatus
908 1427 1063 1478 eques
1087 1413 1373 1475 Romanus,
1415 1412 1496 1477 qui
1536 1412 1780 1477 appellato
1819 1413 2048 1478 principe

219 1505 490 1574 ins-tantem
531 1503 903 1573 damnationem
945 1503 1187 1567 frustrati,
1226 1517 1345 1555 mox
1381 1503 1634 1564 Neronem
1677 1504 1812 1554 circa
1857 1518 2047 1561 summa

167 1579 415 1650 9scelera
459 1594 727 1645 distentum
769 1594 912 1659 quasi
946 1594 1170 1644 minores
1213 1608 1440 1644 evasere.
1515 1594 1652 1643 Tunc
1693 1594 1924 1644 consulto
1962 1609 2050 1644 se-

219 1691 365 1751 nalus
405 1686 583 1739 Cassio
624 1691 673 1737 et
708 1684 879 1739 Silano
918 1685 1068 1737 exilia
1109 1685 1476 1736 decernuntur:
1534 1684 1596 1735 de
1634 1685 1820 1749 Lepida
1860 1685 2116 1744 Caesar15

788 271 954 314 LIBER
984 272 1099 330 xvi.
1162 271 1269 330 ou.
1302 271 1432 315 6-9,
1951 274 2036 325 διο

299 1825 301 1827 ’
344 1819 382 1860 1.
416 1831 471 1859 ac
501 1818 709 1859 memoria
739 1815 806 1859 Ma
840 1823 882 1859 et.
916 1817 1096 1870 ABCR,
1153 1831 1207 1858 ac
1241 1824 1286 1859 ut
1316 1831 1435 1858 mem.
1471 1815 1505 1857 G
1538 1822 1578 1857 et
1613 1815 1912 1858 oxonienses:

223 1889 382 1919 rexere
416 1876 610 1919 Faernus
642 1883 684 1918 et
721 1875 918 1920 Ursinus,
1011 1880 1051 1920 2.
1088 1876 1138 1918 L.
1165 1875 1243 1918 Ma.

225 1938 405 1992 risque·
434 1944 675 2005 promptu-m
706 1938 744 1977 A
782 1943 825 1978 et
859 1935 892 1978 G
925 1949 948 1977 a
981 1949 1070 1977 sec.
1103 1949 1159 1977 m.

225 1997 306 2051 eti?
336 1993 428 2053 Ma:
463 1995 497 2051 G
533 1997 677 2050 exitio.
774 1998 841 2038 11.
877 1995 1097 2045 uolcacius
1128 1993 1209 2048 Ma,

224 2045 727 2112 lacatius.14.tuac
759 2053 874 2108 (ima,
901 2067 987 2096 non
1021 2063 1120 2097 tum.

223 2121 390 2173 statatu-

1950 1828 2050 1868 OQ?-

1340 1878 1381 1919 3.
1411 1883 1691 1932 praeruptum.
1722 1875 1788 1917 Ma
1821 1888 1916 1916 cum
1950 1874 2050 1929 ple-

1271 1937 1312 1978 5.
1348 1943 1463 1990 tanq.
1498 1933 1578 1978 Ma.
1689 1936 1728 1977 7.
1763 1936 1937 1976 intetior
1969 1934 2049 1976 Ma.

1254 1996 1494 2037 Volocatius
1525 2007 1575 2047 pr
1599 1993 1646 2046 G,
1681 1994 1734 2035 ab
1767 1994 1841 2036 alt.
1875 2008 1930 2035 m.
1963 1994 2051 2036 Vu-

1217 2055 1405 2097 consulto
1437 2062 1609 2097 senatus
1628 2052 1730 2095 AG:
1764 2052 1831 2095 Ma
1861 2052 2050 2105 consulto

313 2224 419 2284 Cap.
444 2226 488 2270 8.
546 2234 748 2283 patruum
780 2227 869 2268 eius
907 2227 1098 2281 Torqua-

223 2294 333 2341 tum:
366 2285 422 2328 cf.
456 2285 534 2336 XV
563 2287 637 2329 35.
785 2287 940 2328 inania
975 2286 1099 2328 simul

224 2353 263 2393 et
296 2343 439 2409 falsa.-
474 2344 529 2387 cf.
567 2359 648 2386 ani
657 2351 715 2387 ot
750 2344 849 2386 adl
882 2347 953 2390 27.

293 2400 350 2446 ad
364 2405 712 2461 praecavendum
734 2406 960 2446 exterritus
981 2410 1098 2445 erat:

223 2463 405 2515 verbum
448 2465 674 2505 exterritus
720 2465 895 2519 proprie
943 2463 1100 2505 dicitur

225 2523 278 2574 de
311 2523 405 2574 fera
435 2536 488 2564 ex
517 2535 668 2564 somno
699 2529 745 2565 et
776 2523 909 2564 cubili
939 2523 1097 2574 excita,

225 2571 327 2635 inde
374 2582 630 2634 transfertur
678 2581 731 2630 ad
782 2582 979 2635 homines
1026 2583 1098 2636 qui

227 2641 349 2703 gravi
370 2646 536 2690 terrore
557 2634 869 2696 percelluntur.
932 2640 1058 2682 Conf.
1084 2641 1099 2682 l

225 2703 285 2752 42
321 2705 364 2744 et
395 2700 452 2743 45
486 2707 528 2754 et
560 2698 699 2753 56,11
735 2702 805 2754 55,
841 2699 934 2742 x111
965 2701 1037 2743 37.

313 2758 477 2818 inducit
516 2759 696 2817 posthac
734 2756 939 2811 vocabulo
979 2759 1098 2800 indi-

228 2833 348 2877 cum:
366 2814 594 2872 particula
612 2818 794 2873 posthac
819 2806 982 2860 indicio
1018 2824 1099 2870 est,

226 2872 312 2933 Ῑιόο
343 2890 368 2919 a
388 2876 561 2920 Neione
587 2883 798 2920 tentatum
833 2890 930 2919 esse
961 2877 1098 2918 altero

228 2942 406 2992 senatus
439 2936 492 2978 dc
526 2935 674 2979 Silano
709 2935 948 2991 Cassioque
980 2935 1100 2976 iudi-

229 2997 366 3057 cantis
401 3008 479 3037 coi
487 3008 624 3038 sessu
691 2995 772 3049 Qui
799 2996 1101 3048 confinxerunt

229 3069 340 3114 quae
372 3054 485 3106 Nero
528 3061 845 3110 praecepeiQat
894 3067 970 3096 eos
1017 3056 1100 3096 iste

226 3115 390 3171 indices
439 3114 702 3173 appellavit,
762 3127 846 3170 quo
892 3115 1099 3155 maiorem

228 3174 291 3215 rei
324 3175 515 3228 speciem
544 3174 822 3217 conciliaret:
855 3186 951 3214 nam
985 3172 1101 3213 indi-

231 3245 304 3274 ces
335 3232 562 3287 proferunt
596 3246 646 3275 ea
687 3233 843 3288 quibus
882 3230 1101 3286 patrandis

231 3292 314 3346 ipsi
347 3292 656 3333 interfuerunt.
718 3292 838 3347 Lege
870 3296 1015 3332 annot.
1050 3288 1103 3331 ad

231 3346 309 3392 XV
342 3350 413 3392 55.

306 3408 511 3464 Lepidam
524 3431 579 3439 -
590 3407 734 3451 Silani
750 3409 950 3450 amitam:
981 3419 1052 3449 soi
1056 3419 1104 3448 or

234 3474 326 3512 erat
369 3466 490 3508 Lucii
531 3466 665 3510 Silani
716 3480 739 3507 a
774 3466 954 3508 Claudio
997 3467 1103 3507 sub-

231 3527 350 3576 versi
384 3525 482 3581 (XII
516 3526 543 3567 3
577 3531 619 3566 el
649 3524 678 3568 4
711 3531 754 3566 et
784 3526 835 3581 8)
878 3531 921 3566 et
954 3526 1103 3566 luniae

235 3582 444 3629 Calvinae
465 3584 516 3626 ab
537 3583 690 3626 eodem
715 3598 769 3626 ex
796 3584 922 3626 ltalia
952 3584 1104 3639 pulsae

236 3638 335 3706 (XII
364 3648 395 3689 4
426 3651 469 3688 et
495 3630 569 3701 '8)

1281 2225 1496 2267 Volcatius
1534 2224 1746 2267 Tullinus:
1778 2238 1801 2266 a
1840 2225 1953 2266 Tullo
1985 2224 2055 2266 fa-

1186 2290 1279 2326 ctus
1313 2291 1378 2326 est
1410 2285 1610 2336 Tullinus,
1645 2291 1691 2325 ut
1725 2298 1748 2325 a
1784 2285 1896 2326 Iusto
1923 2285 2055 2326 Iusti·-

1183 2357 1262 2384 ηας
1285 2350 1368 2385 cet.
1438 2342 1650 2384 Tullorum
1671 2356 1776 2385 vero
1811 2356 2056 2399 cognomen

1182 2415 1270 2443 non
1302 2403 1494 2443 alienum
1527 2416 1551 2443 a
1582 2403 1797 2445 Volcaliis.
1862 2402 1928 2444 Cf.
1963 2401 2055 2445 Cic.

1185 2460 1278 2504 Cat.
1316 2462 1332 2502 l
1365 2461 1406 2504 6.
1471 2461 1648 2504 Sallust.
1682 2461 1775 2503 Cat.
1801 2462 1867 2504 18.
1932 2461 2058 2503 Errat

1183 2527 1325 2562 autem
1347 2520 1532 2574 Lipsius,
1555 2534 1647 2562 cum
1674 2521 1788 2562 hunc
1812 2526 2057 2563 senatorem

1186 2580 1369 2622 eundem
1403 2593 1500 2622 esse
1523 2586 1643 2633 putat
1664 2587 1793 2635 atquc
1825 2579 2059 2622 Volcatium

1190 2638 1487 2692 Tertullinum,
1536 2639 1754 2682 tribunum
1796 2639 1935 2693 plebis
1977 2639 2057 2681 sub

1187 2699 1458 2752 Vespasiano
1502 2700 1701 2752 principe
1754 2699 1829 2753 (H.
1873 2698 1929 2741 IV
1979 2699 2056 2756 9),

1185 2760 1225 2800 ei
1261 2759 1374 2798 enim
1407 2759 1676 2813 magistratui
1711 2760 1895 2799 iuvenes
1927 2771 2057 2812 prae-

1184 2818 1314 2870 positi
1348 2822 1472 2869 sunt,
1509 2829 1594 2857 non
1627 2830 1769 2858 senes.

1277 2876 1508 2917 Marcellus
1532 2875 1779 2920 Cornelius:
1811 2874 1993 2928 posthac
2013 2875 2058 2917 in

1184 2934 1433 2988 Hispaniam
1466 2935 1622 2976 missus
1656 2940 1722 2976 est
1754 2934 1902 2989 ibique
1935 2937 2058 2976 occi-

1186 3006 1257 3033 sus
1284 2993 1482 3035 aGalba:
1516 2994 1566 3036 H.
1591 2993 1607 3034 1
1632 2995 1702 3036 37.
1798 2994 2059 3050 Calpurnius

1188 3052 1400 3094 Fabatus:
1441 3053 1494 3094 ad
1527 3052 1642 3093 hunc
1674 3053 1864 3106 pertinet
1896 3053 2057 3093 inscri-

1186 3113 1276 3166 ptio
1325 3110 1438 3164 apud
1480 3111 1705 3152 Gruterum
1752 3123 1852 3166 pag.
1886 3112 1974 3154 382
2013 3109 2056 3152 6.

1185 3170 1313 3211 Plinii
1362 3170 1549 3211 Secundi
1601 3181 1808 3224 thosocel
1854 3169 1961 3222 fuit3
2012 3181 2056 3211 v.

1184 3228 1322 3282 Epist.
1356 3228 1414 3268 IV
1455 3232 1490 3280 1,
1530 3229 1563 3272 V
1601 3231 1677 3280 12,
1714 3227 1789 3268 Vn
1819 3229 1890 3271 32.

1293 3286 1396 3341 Cap.
1439 3287 1480 3329 9.
1566 3261 1754 3328 consulto
1798 3293 1971 3327 senatus
2001 3310 2058 3319 -

1188 3347 1321 3388 exilia
1348 3347 1661 3387 decernuntur.-
1694 3345 1869 3400 quodni
1895 3343 1959 3386 Ma
1988 3359 2059 3386 se-

1187 3413 1315 3457 natu,
1367 3404 1450 3445 hoc
1483 3418 1505 3447 a
1538 3405 1678 3446 sciiba
1722 3406 1917 3457 proximo
1952 3417 2059 3445 con-

1187 3464 1293 3506 sulto
1327 3463 1694 3505 accommodatum
1718 3469 1796 3505 est.
1861 3463 2059 3517 opponi-

1189 3529 1257 3563 tur
1290 3536 1342 3563 ex
1374 3535 1458 3563 una
1500 3529 1620 3575 parte
1669 3528 1845 3564 senatus
1879 3521 2058 3564 consut-

1189 3589 1302 3635 tum,
1349 3595 1402 3622 ex
1443 3580 1579 3624 altera
1613 3580 1810 3625 Caesaris
1841 3581 2060 3625 sententia

1189 3642 1283 3684 sive
1319 3640 1555 3685 decretum.
