2222 4022
225 274 354 320 LVIII
1013 273 1280 326 Pnoolwu

231 416 442 478 fideliter
483 416 719 481 impressi
770 430 834 473 ao
887 413 1144 481 diliqenter
1191 413 1436 469 emendati
1466 428 1564 479 per
1599 410 1883 478 Philippum
1911 410 2055 483 pinei

221 498 714 570 sumptibusnobitis
750 504 852 554 viri
887 504 1070 557 domini
1095 502 1354 560 Benedicti
1381 503 1609 569 fontana.
1683 500 1830 559 Anno
1867 501 2053 563 domini

223 594 656 649 MCCCCXCVII.
702 595 798 647 die.
841 595 1010 651 XXII.
1047 595 1247 651 Marcii.
1329 595 1440 664 Ego
1477 607 1582 650 non
1617 593 1751 651 hanc
1783 593 1877 651 sed
1918 592 2054 653 auti-.-

224 688 451 755 quiorem
490 687 749 739 Puteolani
784 687 1059 739 editionem
1082 687 1316 757 inspexi.

373 779 674 832 Puteolanus
722 778 774 828 in
826 777 1156 835 emendandis
1209 778 1435 844 plurimis
1491 778 1733 836 editionis
1792 777 2047 849 Spirensis

221 871 418 925 mendis
459 870 657 922 adiutus
699 874 776 926 est
828 870 1010 924 codice
1047 870 1130 937 qui
1167 870 1448 927 simillimus
1498 869 1590 927 fuit
1627 869 2048 938 Guelferbytano:

218 962 380 1028 ipsum
418 961 865 1028 Guelferbytanum
925 962 1200 1015 adhibitum
1258 962 1319 1017 ab
1361 976 1423 1015 eo
1463 976 1580 1018 esse
1630 975 1735 1018 non
1773 960 1929 1018 credo
1966 959 2048 1017 vel

216 1058 424 1120 propter
480 1053 828 1119 inscriptionis
879 1053 1252 1118 diversitatem,
1312 1067 1441 1119 quae
1489 1052 1541 1108 in
1586 1051 1627 1109 G
1663 1066 1864 1120 semper
1893 1050 2050 1111 ⁴habel}

216 1144 487 1209 Actorum,
544 1159 798 1211 nunquam
838 1144 1117 1202 Actionum.
1192 1146 1247 1196 In
1283 1143 1538 1201 nonnullis
1588 1144 1795 1212 proprio
1835 1141 2045 1210 iudicio,

216 1242 471 1302 assumpto
499 1235 694 1290 laboris
724 1236 870 1288 socio
892 1236 1174 1288 Berardino
1202 1236 1456 1300 Lanterio,
1494 1234 1795 1292 Puteolanus
1825 1233 2046 1293 Tacitum

216 1327 490 1380 emendare
539 1341 691 1378 ausus
742 1331 834 1378 est.
931 1328 1043 1392 Ipse
1095 1326 1158 1377 de
1209 1325 1470 1395 Spirensi,
1524 1325 1611 1380 ubi
1659 1324 1872 1382 salutem
1924 1323 2049 1380 dioit

213 1418 401 1473 Iacobo
440 1417 742 1483 Antiquario
782 1417 950 1487 ducali
979 1417 1287 1481 SecretariO,
1328 1416 1379 1469 in
1415 1416 1665 1483 principio
1705 1415 1874 1482 operis
1914 1415 2042 1475 haec

210 1509 430 1575 profert:
481 1508 648 1560 Veneti
681 1508 1016 1574 impressores
1047 1508 1173 1563 adeo
1203 1507 1585 1562 inculcauerant
1621 1522 1684 1564 ac
1713 1506 2050 1577 foedauercmt

210 1597 305 1649 hoc
343 1596 564 1651 diuinum
599 1612 727 1663 opus
754 1602 809 1647 ut
832 1612 933 1650 uon
969 1597 1113 1648 modo
1141 1596 1477 1654 Cornelianae
1504 1596 1779 1662 facundiae
1806 1596 2047 1656 maiestas

213 1688 593 1754 inquinaretur.-
650 1688 743 1740 sed
791 1688 884 1738 uix
940 1703 1121 1741 seusus
1170 1688 1304 1739 ullus
1343 1687 1619 1743 coniectari
1647 1693 1854 1756 posset:
1912 1686 2047 1758 Quid

214 1793 303 1844 eqo
356 1776 603 1844 effecerim
651 1777 870 1833 iudicent
917 1778 1050 1831 docti
1095 1778 1187 1830 sed
1234 1777 1429 1829 collatis
1480 1777 1855 1850 ememplaribus
1893 1779 2047 1850 (dicit

66 1920 75 1928 ,
172 1913 174 1915 .
209 1870 450 1936 Spirense
493 1875 542 1921 et
580 1878 767 1934 suum).

362 1963 511 2013 1512.
588 1961 810 2012 Cornelii
845 1960 1004 2013 Taciti
1042 1960 1271 2012 historici
1305 1960 1598 2026 yravissimi
1633 1961 2046 2034 disertissimique
2075 1984 2078 1987 ⁴

206 2054 495 2120 fraymenta
567 2057 809 2105 accurate
868 2052 1133 2123 ⁴recoyuita
1189 2068 1251 2104 ac
1303 2066 1441 2105 nova
1501 2068 1720 2106 censura
1778 2051 2041 2123 castiqata.

211 2144 430 2196 Ioannes
470 2144 650 2196 Rivius
703 2144 971 2195 recensuit.
1064 2146 1119 2197 In
1170 2144 1298 2197 fine:
1339 2143 1648 2208 Impressum
1696 2142 1907 2201 Venetiis
1946 2156 2045 2215 per

209 2235 388 2289 Ioaun,
425 2235 653 2286 Rubeum
693 2234 1051 2287 Vercellensem
1095 2237 1244 2287 1512.
1318 2237 1497 2291 Forma
1535 2235 1768 2294 maxima.
1843 2235 1898 2286 In
1931 2233 2044 2300 ple-

205 2329 378 2394 risque
422 2328 654 2379 omnibus
691 2326 878 2392 pendet
917 2343 945 2376 a
982 2326 1275 2378 Puteolano,

352 2419 501 2469 1515.
594 2417 648 2471 P.
673 2416 893 2468 Cornelii
915 2415 1074 2467 Taciti
1117 2415 1234 2468 libri
1270 2415 1485 2484 quinque
1512 2416 1712 2468 noviter
1748 2416 1938 2474 inventi
1960 2420 2045 2471 at-

205 2526 300 2577 que
337 2526 448 2564 cum
486 2510 693 2575 reliquis
723 2510 830 2561 eius
869 2508 1108 2573 operibus
1136 2508 1255 2561 editi
1271 2513 1327 2571 (a
1348 2507 1645 2577 Beroaldo].
1700 2509 1878 2568 Forma
1907 2525 2039 2569 max.

202 2604 320 2657 Post
385 2602 534 2657 finem
583 2602 785 2669 Dialogi
839 2605 888 2652 et
958 2606 1224 2667 antequam
1297 2601 1524 2667 sequitur
1587 2600 1868 2668 Agricolae
1936 2601 2040 2658 vita

209 2703 297 2756 (ea
354 2708 489 2744 novo
547 2692 786 2747 foliorum
839 2691 1019 2744 ordine
1074 2692 1244 2745 addita
1291 2696 1393 2753 est)
1448 2690 1660 2760 legitur:
1719 2690 1773 2749 Ρ,
1822 2691 2044 2748 Cornelii

210 2784 369 2837 Taciti
403 2783 603 2849 Equitis
643 2782 735 2834 Rc.
777 2782 1122 2837 Historiarum
1155 2781 1272 2832 libri
1298 2783 1515 2849 quinque
1549 2797 1715 2848 nuper
1743 2781 1797 2839 in
1823 2782 2042 2836 Germa-

201 2875 291 2929 nia
326 2875 516 2927 inuenti
551 2890 614 2926 ao
649 2890 759 2929 cum
794 2874 1001 2939 reliquis
1043 2873 1270 2926 omnibus
1309 2874 1416 2929 eius
1451 2873 1690 2942 operibus
1726 2888 1858 2940 quae
1888 2874 2040 2944 prius

216 2965 604 3021 inueniebautur
654 2965 846 3019 Romae
925 2965 1160 3030 impressi
1223 2980 1324 3030 per
1384 2964 1683 3032 Maqistrum
1736 2964 2042 3035 Stephanum

203 3057 463 3111 Guitlereti
499 3057 560 3110 de
600 3054 927 3121 Lothoriuyia
972 3053 1157 3107 Tulteii.
1199 3054 1325 3109 dioc.
1370 3055 1712 3121 (l'ullenensis
1754 3055 2039 3122 dioecesis)

201 3148 365 3201 Auno.
404 3148 642 3202 M.D.XV.
680 3147 755 3199 Kl.
797 3146 1082 3208 (kalendis)
1122 3144 1325 3206 Martii,
1377 3144 1560 3195 Leonis
1599 3145 1677 3196 .X.
1717 3145 1856 3196 Pont.
1894 3145 2034 3198 Maec.

202 3257 336 3293 aimo
373 3240 594 3291 secundo
620 3245 651 3290 ¹.
743 3239 798 3293 In
853 3237 1079 3292 eiusdem
1128 3237 1347 3303 paginae
1387 3242 1527 3302 parte
1566 3252 1776 3297 aversa:
1827 3236 2038 3292 Nomine

202 3330 385 3379 Leonis
425 3329 505 3383 .X.
548 3327 688 3378 Pout.
730 3326 871 3379 Max.
908 3325 1179 3391 proposita
1225 3331 1344 3375 suut
1390 3326 1591 3390 premia
1627 3343 1730 3382 nou
1762 3329 2038 3386 mediocria

213 3420 290 3470 his
326 3420 411 3483 qui
443 3421 511 3469 ad
547 3435 656 3470 eum
692 3418 847 3470 libros
885 3423 1081 3469 veteres
1125 3433 1238 3483 neth·
1280 3418 1522 3473 hacteuus
1570 3418 1728 3477 editos
1763 3419 2032 3477 attulerint.

296 3551 334 3592 1.
368 3549 457 3591 Leo
483 3548 535 3591 ad
567 3551 866 3603 pontificatum
891 3552 1079 3594 accessit
1163 3551 1300 3595 editio
1348 3549 1550 3595 absoluta
1606 3555 1698 3607 est,
1761 3552 1890 3618 pauci
1938 3550 2032 3596 dies

206 3606 379 3657 vidus
401 3602 540 3652 Martii
572 3619 610 3651 a.
640 3608 765 3652 1513
828 3609 934 3652 Cum
967 3609 1079 3655 haec
1163 3609 1342 3654 hiennio
1374 3609 1570 3654 deemnt.
