2280 4004
213 287 239 326 a
270 273 318 318 C.
351 274 424 321 23.
813 271 977 317 LIBER
1006 271 1080 317 lv.
1147 270 1254 320 GAP.
1287 271 1445 317 7-10.
1948 269 2036 315 248

212 417 284 468 illi
320 416 524 484 propria
562 415 796 480 suboles,
851 430 916 466 ne
956 429 1104 468 secus
1143 428 1288 480 quam
1323 428 1466 466 suum
1506 411 1806 480 sanguinem
1843 411 2043 463 foveret

215 525 275 560 ac
322 509 522 560 tolleret
571 508 769 573 sibique
821 512 870 559 et
920 506 1138 573 posteris
1195 505 1553 557 conformaret.
1640 504 1827 570 Erepto
1868 503 2035 556 Druso

212 615 394 668 preces
443 600 506 651 ad
558 614 650 650 vos
705 603 976 663 converte,
1040 598 1219 663 disque
1268 602 1316 648 et
1360 597 1522 664 patria
1582 610 1754 648 coram
1792 595 2037 659 obtestor,

212 691 430 758 Augusti
466 695 803 756 pronepoteS,
866 689 1161 740 clarissimis
1198 687 1473 739 maioribus
1511 687 1744 755 genitOS,
1799 686 2041 752 suscipite

213 782 401 848 regite,
440 786 660 832 vestram
701 795 963 846 meamque
995 780 1159 831 vicem
1203 779 1416 845 explete.
1491 779 1552 830 Hi
1586 779 1762 843 vobiS‚
1818 778 1954 831 Nero
1993 782 2080 829 ets

212 874 393 936 Drus‘e,
430 877 693 937 parentum
731 871 865 922 loco.
940 872 1011 922 Ita
1054 871 1155 922 nati
1193 871 1314 922 estis
1348 876 1402 920 ut
1437 870 1571 922 bona
1607 870 1838 936 malaque
1871 875 2042 921 vestra

163 963 278 1015 ead
309 979 415 1014 rem
457 963 709 1029 publicam
749 961 1065 1028 pertineant.’
1156 963 1341 1028 Magno
1382 978 1440 1014 ea
1478 957 1624 1026 fletu,
1683 966 1733 1012 et
1768 976 1886 1011 mox
1923 976 2044 1027 pre—

215 1054 500 1106 cationibus
550 1054 727 1104 faustis
775 1053 980 1116 audita3
1048 1069 1108 1103 ac
1162 1053 1204 1102 si
1262 1052 1464 1102 modum
1505 1052 1724 1102 orationi
1769 1052 2041 1116 posuisset,

214 1144 566 1197 misericordia
605 1144 682 1195 sui
719 1144 984 1210 gloriaque
1028 1143 1223 1193 animos
1264 1142 1572 1193 audientium
1612 1141 1936 1207 impleverat:
1978 1141 2043 1192 ad

213 1251 344 1287 vana
396 1240 446 1287 et
492 1235 677 1286 totiens
730 1234 888 1285 inrisa
939 1232 1226 1298 revolutuS,
1285 1232 1348 1283 de
1397 1231 1662 1283 reddenda
1712 1247 1770 1284 re
1822 1231 2040 1297 publica,
2060 1246 2108 1284 io

215 1331 367 1393 utque
404 1326 640 1378 consules
677 1341 768 1378 seu
798 1326 910 1392 quis
946 1325 1072 1376 alius
1110 1324 1342 1391 regimen
1379 1323 1714 1390 susciperent,
1750 1337 1874 1374 vero
1915 1336 2046 1388 quo-

219 1432 314 1483 que
353 1421 402 1468 et
440 1417 654 1468 honesto
691 1417 840 1468 fidem
890 1416 1119 1482 dempsit.
1192 1415 1470 1466 Memoriae
1508 1415 1659 1465 Drusi
1700 1414 1878 1465 eadem
1917 1428 2045 1480 quae

144 1576 150 1590 .-
179 1508 269 1589 stin
306 1508 658 1560 Germanicum
702 1508 1059 1571 decernuntur,
1094 1507 1350 1573 plerisque
1390 1506 1592 1570 additis,
1630 1511 1684 1556 ut
1721 1506 1879 1557 ferme
1914 1508 2047 1555 amat

141 1591 180 1671 ἕξ
217 1599 473 1665 posterior
515 1599 753 1650 adulatio,
828 1599 992 1650 Funus
1040 1597 1314 1665 imaginum
1352 1611 1533 1664 pompa
1580 1597 1797 1648 maxime
1833 1596 2046 1647 inlustre

219 1690 334 1757 suit,
389 1707 498 1742 cum
537 1691 684 1758 origo
721 1690 875 1742 Iuliae
912 1690 1079 1757 gentis
1119 1689 1356 1754 AeneaS,
1418 1704 1695 1755 omnesque
1729 1688 2044 1740 Albanorum
2061 1697 2110 1736 ιε

217 1796 397 1849 regeS,
461 1787 510 1833 et
563 1781 798 1833 conditor
849 1781 988 1832 urbis
1039 1780 1307 1844 RomuluS,
1383 1786 1500 1846 post
1542 1780 1729 1832 Sabina
1787 1779 2043 1843 nobilitaS,

109 1902 122 1980 ζ
163 1853 177 1940 ζ’
217 1873 362 1924 Attus
401 1872 641 1938 ClausuS,
707 1877 1007 1938 ceteraeque
1049 1871 1372 1923 Claudiorum
1424 1871 1622 1938 effigies
1671 1871 1830 1938 longo
1865 1869 2046 1921 ordine

119 1941 185 2033 gl
219 1968 584 2030 spectarentur.

138 2059 207 2105 10
359 2056 414 2106 ln
452 2054 698 2106 tradenda
736 2058 897 2106 morte
934 2053 1102 2121 Drusi,
1145 2067 1273 2121 quae
1312 2052 1540 2120 plurimis
1578 2054 1896 2118 maximeque
1933 2052 2045 2103 fidis

223 2144 513 2197 auctoribus
553 2151 829 2197 memorata
870 2151 1014 2211 sunt,
1053 2145 1246 2197 rettuli:
1286 2146 1378 2197 sed
1418 2159 1520 2196 non
1561 2144 1819 2195 omiserim
1856 2152 2112 2195 eorun-ao

222 2236 336 2288 dem
370 2242 647 2302 temporum
681 2251 952 2302 rumorem,
992 2237 1212 2288 validum
1254 2236 1384 2287 adeo
1421 2241 1474 2287 ut
1509 2236 1733 2287 nondum
1770 2234 2045 2287 exolescat.

223 2327 467 2393 Corrupta
520 2327 584 2379 ad
636 2327 802 2379 scelus
850 2328 991 2380 Livia
1041 2328 1279 2381 Seianum
1331 2328 1492 2395 Lygdi
1546 2342 1746 2393 quoque
1803 2325 2047 2392 spadonis

223 2419 439 2470 animum
478 2422 654 2486 stupro
695 2418 949 2484 vinxisse,
1014 2419 1147 2486 quod
1197 2420 1240 2471 is
1288 2418 1451 2472 aetate
1498 2423 1647 2485 atque
1696 2419 1859 2470 forma
1899 2430 2047 2468 carus

345 2602 382 2642 1.
415 2603 580 2656 foveret
611 2599 825 2643 attolleret
854 2600 920 2644 M:
955 2603 1143 2645 correxit
1174 2600 1430 2644 Beroaldus,
1526 2602 1566 2644 7.
1595 2608 1712 2658 pcat.
1752 2615 1847 2643 cum
1880 2600 1957 2644 lin.
1988 2599 2044 2643 M.

229 2661 296 2702 11.
329 2662 585 2716 susciperint
616 2661 671 2703 M.
749 2662 816 2704 13.
853 2661 1143 2704 decernantur
1174 2662 1228 2705 M.
1303 2661 1369 2703 14.
1403 2661 1620 2702 niaoeimae
1655 2662 1705 2703 Μ.
1774 2662 1841 2703 15.
1882 2673 2050 2714 omsque

225 2731 320 2760 cum
352 2718 428 2761 lin.
458 2720 513 2762 M.
580 2721 647 2763 17.
683 2727 961 2776 caeteraeque
986 2722 1039 2765 M.
1107 2722 1174 2765 19.
1203 2721 1326 2776 ficleis
1345 2720 1399 2763 Μ.
1465 2721 1537 2765 20.
1571 2719 1702 2763 retuli
1722 2719 1775 2766 Μ.
1840 2721 1910 2764 22.
1937 2719 2051 2775 lycdi

223 2777 277 2830 Μ,
310 2790 411 2819 mox
441 2779 478 2820 is
510 2778 657 2835 lyqdus
689 2786 843 2821 aetate.

225 2931 454 2974 nobilitas.-
497 2932 541 2974 h.
576 2947 615 2975 e.
647 2933 858 2976 nobilium
891 2932 1099 2976 Claudiae
1185 2939 1268 2977 tam
1302 2947 1439 2990 pauca
1471 2936 1701 2977 interiecta
1730 2939 1854 2986 sunt,
1888 2939 1934 2974 ut
1965 2946 2049 2975 no-

229 2991 396 3046 gentis,
447 2993 514 3033 cui
555 2994 680 3048 origo
715 3005 768 3034 ex
801 2993 972 3035 Sabinis
1013 2994 1094 3048 (cs.

228 3048 380 3091 Livius
421 3049 461 3092 11
507 3051 606 3108 16),
658 3051 885 3107 imagines.
952 3053 1096 3094 Verba

230 3110 436 3150 continuo
475 3113 706 3165 sequentia
746 3111 870 3153 Atlas
914 3111 1096 3153 Clausus

231 3173 476 3222 ceteraeque
510 3169 788 3212 Claudiorum
821 3171 980 3226 effigies
1012 3184 1094 3212 ex-

229 3224 419 3279 plicandi
450 3229 588 3282 gratia
620 3228 899 3271 adiiciuntur.

320 3283 423 3338 Cap.
460 3287 527 3328 10.
572 3287 681 3340 quod
710 3289 746 3328 is
767 3313 822 3320 —-
842 3294 959 3330 erat:
994 3288 1093 3329 libri

229 3342 268 3384 M
290 3342 507 3397 glossema
538 3345 593 3396 (is
613 3345 802 3400 Lygdus)
827 3359 852 3388 a
868 3346 1092 3388 walthero

230 3401 419 3444 infauste
466 3401 689 3444 reductum
738 3403 966 3446 Ernestius
1015 3404 1096 3446 de-

229 3459 403 3502 lendum
427 3473 523 3502 esse
544 3468 664 3504 recte
684 3461 917 3504 iudicavit:
935 3464 1096 3517 quippe

229 3521 327 3575 quis
359 3522 616 3575 pronomine
642 3520 872 3574 indicetur,
904 3533 991 3562 non
1021 3534 1096 3562 so-

231 3577 319 3620 lum
359 3579 527 3636 liquide
569 3585 709 3635 patet,
756 3580 832 3623 sed
864 3585 963 3636 post
993 3593 1096 3635 spa-

233 3635 356 3681 donis
401 3639 524 3683 istius
569 3651 728 3683 nomen
775 3642 860 3684 iam
906 3640 1095 3698 positum

1182 2996 1311 3036 minis
1344 2996 1565 3049 repetitio,
1599 2995 1674 3036 vix
1705 2994 1830 3035 Livio
1851 2995 2048 3047 quamvis

1181 3053 1331 3095 talium
1364 3056 1674 3108 repetitionum
1709 3054 1891 3094 amatori
1938 3064 2048 3093 con-

1181 3112 1408 3165 donanda,
1463 3113 1610 3153 Tacito
1664 3111 1865 3164 imputari
1918 3110 2047 3162 plane

1179 3178 1383 3227 nequeat.
1447 3171 1546 3212 Alia
1582 3176 1726 3211 autem
1760 3168 1846 3208 loci
1880 3167 1956 3208 Xll
1989 3167 2047 3209 49

1181 3237 1247 3271 est
1278 3232 1404 3280 ratio,
1438 3230 1511 3269 ubi
1545 3241 1703 3270 nomen
1727 3226 1923 3280 Pelignus
1949 3231 2047 3279 post

1179 3300 1418 3341 pronomen
1451 3289 1487 3328 is
1529 3287 1641 3328 salso
1689 3299 1713 3326 a
1745 3284 2045 3326 Freinshemio

1181 3353 1225 3387 et
1255 3346 1458 3387 Ernestio
1504 3351 1766 3398 expunctum
1809 3349 1944 3396 puto:
1984 3342 2047 3383 ibi

1183 3406 1298 3446 enim
1334 3410 1431 3458 post
1461 3417 1662 3459 magnum
1690 3402 1968 3444 intervallum
2000 3403 2048 3442 in

1180 3464 1280 3504 novi
1318 3463 1529 3504 enuntiati
1572 3463 1696 3503 initio
1740 3467 1840 3515 apte
1888 3472 2047 3501 nomen

1182 3523 1264 3563 iam
1302 3522 1515 3576 prolatum
1549 3534 1634 3563 una
1666 3534 1760 3562 cum
1788 3520 2047 3575 pronomine

1181 3582 1237 3636 (is
1269 3580 1486 3639 Peliqmcs)
1519 3581 1579 3623 ita
1609 3581 1836 3635 repetitur,
1870 3585 1916 3620 ut
1944 3576 2052 3622 'insit

1180 3639 1326 3698 aliqua
1360 3646 1634 3697 contemptus
1667 3640 1949 3697 significatio.
