2248 4016
1015 240 1162 286 Carvr
1201 244 1326 289 1—2.
2001 245 2080 288 vn

205 371 213 379 ¹
252 384 560 439 editionibus
599 392 808 438 auctore
841 386 1093 438 Beroaldo
1131 387 1294 438 Publii
1327 403 1652 454 praenomen,
1695 389 1756 439 ab
1798 388 2074 441 illustribus

254 479 606 530 Corneliorum
645 477 916 544 gentilibus
952 493 1107 543 prave
1147 479 1444 544 repetitum,
1506 479 1764 544 tribuitur,
1824 495 1922 546 quo
1959 480 2075 530 loco

255 574 304 620 et
341 584 439 635 quo
478 583 612 620 anno
667 573 811 619 natus
849 569 943 633 sit,
1005 584 1302 635 quamquam
1346 571 1482 622 nullo
1526 571 1815 622 testimonio
1862 577 2074 636 constat,

252 664 418 710 tamen
474 659 664 725 aliquot
704 659 910 710 indiciis
960 662 1345 712 commonstrari
1398 667 1564 728 potest
1619 678 1728 713 eum
1782 678 1914 713 anno
1963 667 2079 728 post

253 747 504 799 Christum
539 754 707 800 natum
745 750 1163 817 quinquagesimo
1202 757 1379 817 quarto
1422 759 1494 815 (a.
1530 767 1578 802 u.
1618 753 1764 818 807),
1804 753 1852 802 h.
1897 769 1941 804 e.
1983 753 2076 804 sub

251 837 400 890 finem
451 839 694 905 principis
733 840 928 890 Claudii
979 841 1062 906 qui
1112 842 1311 892 tertium
1362 843 1475 892 idus
1516 843 1752 895 Octobris
1811 843 2074 908 expiravit,

252 929 570 980 Interamnae
619 929 671 979 in
727 929 889 981 lucem
946 930 1133 982 editum
1185 946 1315 982 esse.
1410 933 1534 983 Nam
1569 933 1756 983 Plinius
1795 933 2075 996 Secundus,

254 1035 319 1070 ex
352 1019 524 1070 intima
564 1020 720 1070 Taciti
760 1020 1115 1084 familiaritate,
1157 1022 1206 1071 in
1242 1023 1480 1087 Epistolis
1521 1023 1619 1072 hoc
1654 1009 1831 1073 scribit
1858 1025 1945 1074 VII
1987 1025 2076 1075 20:

255 1109 351 1158 erit
387 1124 564 1160 rar-um
597 1115 644 1159 et
679 1110 872 1176 insiyne
921 1111 1045 1161 duos
1082 1111 1330 1177 homines,
1385 1118 1549 1162 aetate
1596 1118 1643 1162 et
1680 1113 1914 1178 diqnitate
1949 1129 2079 1177 pro-

252 1201 515 1265 pemodum
559 1202 824 1266 aequales,
855 1202 1143 1252 nonnullius
1180 1203 1232 1252 in
1270 1203 1449 1253 litteris
1486 1203 1699 1254 nominis
1735 1210 1914 1269 (coyor
1949 1204 2079 1254 enim

255 1291 315 1341 de
352 1297 398 1341 te
435 1306 628 1356 quoque
659 1291 873 1356 parcius
910 1292 1092 1356 dicere,
1129 1292 1248 1357 quia
1285 1293 1343 1343 de
1371 1310 1449 1343 me
1483 1293 1632 1343 simul
1672 1294 1828 1357 dico),
1866 1295 2079 1344 alterum

255 1383 464 1432 alterius
499 1382 668 1432 studia
699 1383 907 1449 fovisse.
984 1383 1224 1448 Equidem
1263 1385 1698 1449 adolescentuluS,
1741 1401 1851 1435 cum
1888 1385 1990 1435 iam
2026 1391 2078 1434 lu

251 1473 395 1539 sama
430 1473 692 1539 ylorioque
735 1473 970 1538 floreres,
1012 1481 1071 1524 -te
1108 1474 1281 1539 sequi,
1336 1474 1424 1524 libi
1473 1476 1616 1540 lonqo
1673 1476 1765 1525 sed
1810 1475 2079 1539 promimus

255 1563 523 1614 intervallo
559 1571 604 1613 el
633 1580 745 1614 esse
779 1571 825 1614 et
853 1564 1031 1615 haberi
1058 1565 1488 1629 concupiscebam.
1563 1567 1749 1617 Plinius
1787 1567 1895 1631 ipse
1932 1571 2078 1617 natus

258 1660 336 1706 est
368 1670 500 1706 anno
541 1661 655 1720 post
682 1656 928 1707 Christum
965 1657 1286 1723 sexagesimo
1328 1658 1505 1722 primO,
1546 1657 1895 1724 duodeviginti
1933 1658 2078 1708 annis

259 1750 375 1796 ant-e
413 1732 568 1811 quam*
599 1747 874 1796 avunculus
911 1747 1061 1812 periit
1085 1747 1293 1797 Vesuvii
1336 1748 1517 1797 montis
1556 1747 1793 1798 incendio
1835 1748 1946 1809 (IX.
1985 1747 2081 1797 ka-

258 1833 393 1885 lend.
435 1835 712 1901 Septembr.
755 1852 800 1886 a.
841 1836 963 1901 79),
1003 1841 1055 1886 ut
1094 1837 1200 1901 ipse
1238 1841 1448 1887 testatur
1485 1837 1535 1886 in
1558 1837 1796 1902 Epistolis
1836 1838 1927 1898 (VI
1967 1838 2077 1901 20),

257 1925 480 1976 Tacit-um
544 1932 706 1977 autem
749 1927 938 1992 aliquot
995 1927 1139 1978 annis
1191 1933 1305 1979 ante
1357 1928 1454 1978 iam
1507 1928 1698 1979 vixisse
1739 1927 1882 1977 Plinii
1921 1928 2077 1978 verba

260 2016 413 2067 modo
466 2018 767 2082 transcripta
827 2018 1081 2068 evincunt.
1165 2019 1264 2070 Sed
1319 2019 1606 2069 distantiam
1656 2018 1896 2083 temporis
1952 2018 2083 2068 inter

260 2107 521 2172 utriusque
559 2108 690 2158 diem
736 2108 953 2159 natalem
1003 2109 1255 2159 interiecti
1309 2115 1499 2173 septem
1538 2110 1682 2159 annis
1730 2113 1782 2158 ut
1830 2108 2081 2172 definiam,

261 2196 357 2248 alia
389 2197 596 2261 faciunt,
636 2199 686 2248 in
727 2198 804 2249 his
829 2199 984 2250 Taciti
1023 2199 1178 2250 verba
1221 2199 1272 2249 in
1317 2199 1522 2265 dialogo
1570 2199 1633 2250 de
1661 2199 2080 2264 Oratoribus(1),

261 2303 377 2339 sese
434 2303 720 2341 sermonem
767 2290 1021 2341 hominum
1084 2291 1189 2342 suis
1249 2291 1556 2356 temporibus
1616 2290 2081 2349 disertissimorum,

262 2393 372 2429 cum
428 2381 774 2445 quaestionem
836 2386 1203 2446 pertractarent
1265 2397 1354 2431 cur
1411 2396 1500 2432 sua
1560 2380 1876 2446 potissimum
1943 2384 2082 2429 aetas

264 2469 466 2520 deserta
510 2476 559 2521 et
596 2471 745 2522 laude
786 2472 1106 2537 eloquentiae
1145 2473 1319 2523 orbata
1362 2477 1513 2534 esset,
1555 2470 1784 2521 iuvenem
1822 2469 2085 2520 admodum

263 2560 484 2612 audisse.
558 2563 710 2628 Atqui
750 2563 834 2614 ille
873 2578 1042 2614 sermo
1081 2564 1280 2614 habitus
1319 2563 1541 2629 fingitur-
1574 2562 1636 2612 ab
1690 2566 1898 2612 auctore
1936 2566 2083 2612 sexto

263 2652 526 2704 consulatu
559 2654 857 2719 Vespasiani
898 2661 970 2719 (c.
1008 2656 1113 2719 17),
1152 2655 1249 2704 hoc
1288 2660 1364 2704 est
1400 2668 1532 2703 anno
1571 2657 1685 2718 post
1726 2652 1842 2703 Chr.
1881 2656 2087 2717 septua-

262 2743 458 2810 gesimo
495 2744 683 2809 quinto.
760 2745 889 2795 Hinc
929 2745 1255 2810 consequitur
1294 2745 1547 2807 Tacitum,
1593 2758 1704 2793 cum
1743 2742 2083 2808 Vespasianus

1218 3004 1420 3045 historias
1451 3002 1675 3045 scribentis
1720 3015 1772 3041 ex
1811 3000 1876 3041 his
1908 2999 1979 3054 qui
2011 3012 2086 3039 re-

1214 3065 1443 3120 periuntur
1513 3061 1620 3102 liber
1688 3061 1850 3115 primus
1920 3058 2085 3112 incipit.

1221 3121 1450 3164 Consentit
1481 3120 1594 3162 liber
1628 3119 1886 3161 parisiensis
1919 3131 1942 3158 a
1975 3116 2087 3156 Bro-

266 3007 323 3050 22
351 3004 486 3048 Leoni
518 3019 625 3047 suo:
658 3019 838 3060 namque
871 3012 910 3047 et
943 3006 1134 3060 antiqui-

266 3071 330 3107 tus
373 3080 466 3108 cum
512 3065 559 3107 C.
596 3065 821 3107 Cornelius
856 3066 904 3107 C.
938 3065 1133 3106 Secundo

262 3124 396 3181 paria
417 3125 617 3166 suasisset
651 3127 721 3179 (ut
746 3124 1027 3178 epistolarum
1055 3137 1135 3165 cu-

267 3196 355 3225 ram
377 3184 716 3227 converteretad
730 3183 874 3224 stilum
892 3183 1134 3239 historiae),

267 3244 355 3298 ipse
383 3243 642 3299 postmodum
664 3243 773 3295 quod
795 3243 982 3283 iniuria-it
1014 3243 1135 3282 arri-

267 3304 374 3358 puit.
427 3300 541 3343 Idem
566 3302 753 3354 simplici
787 3303 963 3342 nomine
997 3313 1134 3342 voca-

271 3362 334 3402 vit
379 3361 424 3401 in
479 3357 687 3400 Carmine
723 3359 760 3400 11
806 3373 845 3401 v.
896 3360 1002 3402 192:
1056 3372 1139 3413 qua

269 3433 422 3476 pompa
448 3420 612 3460 Tacitus
645 3432 860 3472 utinquam
891 3421 981 3459 sine
1015 3417 1139 3458 laude

273 3479 515 3533 loquendus.
591 3476 717 3518 Conf.
767 3490 860 3531 cap.
907 3478 963 3518 24
1012 3476 1139 3516 huius

273 3537 503 3580 Prooeinii.
586 3536 668 3577 Gai
707 3548 971 3590 praenomen
1015 3535 1142 3576 offert

275 3597 415 3639 codex
447 3595 765 3647 Fan-nesianus,
815 3596 886 3649 qui
919 3595 1140 3636 referente

274 3655 449 3711 Lipsio:
483 3655 532 3697 C.
549 3653 743 3697 Cornelii
769 3654 903 3696 Taciti
922 3653 1142 3696 Romanas

1220 3183 1330 3223 terio
1364 3181 1416 3222 ad
1451 3179 1503 3220 xl
1540 3181 1553 3220 1
1594 3180 1831 3232 inspectus,
1863 3178 1964 3217 item
1999 3175 2088 3215 Va-

1220 3241 1352 3281 ticani
1408 3239 1519 3281 1518
1569 3238 1680 3280 1862
1727 3235 1858 3278 4498.
1939 3232 2088 3274 Codex

1223 3299 1443 3341 Mediceus
1474 3299 1591 3350 prior
1623 3298 1666 3336 in
1693 3304 1858 3334 summo
1891 3293 2088 3347 margine

1226 3357 1364 3412 (unde
1406 3356 1597 3409 suspicio
1648 3353 1731 3394 hoc
1765 3365 1860 3393 esse
1903 3364 1928 3392 a
1960 3363 2089 3391 manu

1225 3416 1522 3470 recentiorc):
1544 3413 1588 3454 1¹.
1613 3410 1868 3454 CORNELI!
1896 3408 2086 3451 'rACt'l‘L

1223 3474 1269 3515 Id
1293 3479 1470 3515 secutus
1494 3478 1559 3513 est
1577 3470 1830 3512 Beroaldus.
1895 3469 1939 3509 ln
1964 3467 2088 3508 titulo

1225 3546 1404 3587 operum
1438 3531 1522 3572 duo
1554 3531 1729 3572 nomina
1761 3528 1965 3578 exhibui,
2014 3539 2089 3567 se-

1226 3598 1357 3638 cutus
1418 3603 1582 3636 morem
1631 3589 1764 3630 Taciti
1823 3585 2091 3640 temporibus

1224 3649 1466 3708 vulgatum.
1531 3647 1598 3692 Cf.
1632 3651 1779 3690 annot.
1811 3645 1865 3688 ad
1888 3641 1986 3687 xm
2017 3641 2089 3688 30.
