2280 4004
256 279 352 325 108
1026 277 1319 324 ANNALIVM
1827 288 1870 323 a.
1899 286 1946 323 u.
1977 277 2084 326 807.

261 423 358 467 Rex
397 424 598 478 discedit,
650 422 834 466 Corbulo
879 421 1034 466 bellum
1067 424 1352 481 persequitur.
1432 423 1576 481 Ipsum
1616 425 1746 480 caput
1768 420 2089 466 'Armeniam

257 497 479 542 Artaxata
511 498 777 555 aggreditur,
811 511 919 554 quae
953 505 1082 555 capta
1111 505 1151 540 et
1181 499 1282 555 ique
1314 497 1469 541 deleta.
1534 499 1701 542 Romae
1731 496 1782 539 ob
1817 508 1872 539 ea
1899 494 2087 539 loom

256 571 326 614 *dis
367 578 407 613 et
431 572 626 628 principi
666 571 802 614 habiti
836 574 1058 629 profusius
1091 573 1323 630 (39-41).
1388 572 1560 615 Publius
1590 571 1771 615 Suillius
1803 567 2089 612 delationibus

256 646 331 688 sub
359 645 539 687 Claudio
571 647 749 702 infamis
775 647 946 689 tandem
973 647 1199 690 damnatus
1219 649 1450 706 (42-43).
1513 647 1715 690 Octavius
1737 645 1911 702 Sayitta
1940 657 2089 686 amore

256 731 405 760 vecors
437 719 634 761 Pontiam
675 720 726 762 de
763 721 921 778 nuptiis
965 709 1317 778 tergiuersantem
1360 724 1482 778 [erro
1523 719 1872 772 transverberat,
1910 716 2088 760 libidine

257 798 358 834 ante
385 794 543 849 potitus
562 796 674 851 (44).
740 795 831 837 Nec
846 796 984 837 minus
1015 796 1198 852 insiynis
1221 796 1366 838 eodem
1389 808 1507 837 anno
1534 794 1804 852 impudicitia
1834 794 2089 850 magnos-'tan

255 866 323 908 rei
349 866 548 922 publicae
577 868 789 911 malorum
827 870 1011 912 initium.
1077 870 1222 913 Causa
1254 877 1294 912 et
1322 870 1584 927 principium
1614 883 1643 911 a
1671 868 1842 911 Sabina
1870 866 2087 923 Poppaea.

255 939 367 982 Eius
397 941 587 996 feminae
609 943 810 997 maiores,
843 944 1076 1000 ingenium,
1108 945 1258 987 mariti
1277 944 1502 1001 Crispinus
1533 949 1573 986 et
1596 943 1719 985 Otho.
1781 941 1853 984 Ad
1872 940 2089 984 Neronem

256 1019 528 1070 transqressa
572 1015 729 1059 Othoni
784 1031 918 1060 causa
965 1032 1044 1060 cur
1085 1018 1134 1060 in
1186 1017 1457 1061 Lusitaniam
1506 1022 1786 1075 seponeretur
1837 1016 1914 1072 (45
1927 1015 2086 1071 -46).

255 1086 370 1129 Hinc
397 1101 549 1130 versae
579 1103 649 1132 res
682 1090 889 1145 Neronis,
938 1092 1011 1147 qui
1043 1091 1249 1134 hactenus
1281 1091 1457 1148 flayitiis
1499 1097 1540 1134 et
1583 1088 1816 1133 sceleribus
1845 1087 2090 1131 velamenta

256 1162 476 1217 quaesivit.
541 1162 768 1206 Cornelius
802 1164 927 1208 Sulla
964 1166 1048 1222 ipsi
1087 1172 1302 1222 suspectus
1336 1164 1673 1207 Massiliensium
1710 1162 1930 1205 moenibus
1960 1165 2088 1203 coer-

257 1241 377 1277 cetur
398 1238 509 1294 (47).
574 1237 821 1281 Puteolanis
853 1239 1089 1282 concordia
1118 1241 1316 1282 restituta
1344 1241 1455 1298 (48).
1518 1237 1809 1295 Syracusanis
1835 1235 2089 1294 permissum

255 1309 404 1365 egredi
439 1324 661 1354 numerum
695 1313 871 1355 edendis
910 1313 1223 1370 9ladiatoribus
1261 1314 1453 1368 finitum;
1511 1325 1565 1354 ea
1602 1312 1831 1354 occasione
1867 1316 2089 1352 notescere

256 1385 394 1440 coepit
422 1383 576 1428 Paetus
613 1386 803 1429 Thrasea
832 1388 1002 1429 virtutis
1033 1387 1350 1429 amantissimus
1377 1387 1490 1444 (49).
1554 1385 1762 1442 Princeps
1793 1382 2000 1426 dubitavit
2029 1394 2090 1423 an

256 1465 414 1499 cuncta
464 1459 696 1516 vectiyalia
741 1461 876 1503 omitti
932 1461 1109 1503 iuberet.
1206 1460 1406 1502 Cohibita
1444 1459 1775 1517 publicanorum
1823 1454 2090 1498 immodestia

255 1532 487 1590 (50-51).
551 1534 635 1576 Rei
665 1548 719 1576 ea:
745 1535 976 1590 provincia
995 1534 1154 1591 Africa
1173 1535 1284 1591 (52).
1349 1534 1496 1591 Opera
1526 1533 1765 1590 legatorum
1793 1543 1877 1588 per
1902 1529 2089 1573 Germa-

253 1605 351 1647 nias
383 1613 533 1663 coepta
552 1609 663 1666 (53).
729 1608 860 1650 Frisii
894 1623 1024 1665 agros
1054 1622 1213 1651 vacuos
1245 1614 1284 1650 et
1314 1607 1494 1650 militum
1521 1607 1619 1649 usui
1645 1605 1846 1662 sepositos
1874 1602 2089 1646 insedere.

251 1677 492 1721 Abscedere
517 1681 624 1722 iussi
653 1688 753 1723 ante
785 1681 843 1723 ad
867 1683 1112 1738 principem
1137 1695 1291 1739 preces
1321 1681 1535 1737 deferunt.
1598 1679 1752 1735 Leqati
1783 1677 1960 1720 civitate
1993 1675 2089 1719 lto-

251 1765 384 1794 mana
415 1753 578 1807 donati,
611 1754 694 1811 ipsi
726 1754 930 1797 decedere
963 1756 1105 1798 coacti
1136 1757 1249 1812 (54).
1313 1754 1501 1798 Eosdem
1533 1767 1663 1810 aqros
1686 1750 1924 1796 Amsivarii
1955 1762 2088 1792 occu-

246 1838 424 1883 pavere,
458 1826 558 1867 item
587 1826 703 1883 pulsi
734 1841 762 1868 a
783 1829 1007 1882 Romanis,
1040 1842 1139 1870 moa·
1169 1827 1297 1870 deleti
1325 1841 1354 1869 a
1379 1826 1552 1885 populis
1574 1825 1835 1870 Germaniae
1854 1822 2086 1882 (55-56).

251 1899 421 1942 Eadem
451 1906 613 1942 aestate
643 1901 758 1943 inter
789 1902 1111 1944 Hermunduros
1142 1901 1401 1957 Chattosque
1434 1907 1668 1955 certatum,
1700 1906 1740 1942 et
1773 1899 1921 1943 Chatti
1945 1913 2088 1958 paene

252 1972 310 2015 ad
341 1972 554 2014 excidium
583 1974 721 2030 gentis
753 1975 882 2017 caesi.
947 1975 1108 2017 Civitas
1144 1974 1345 2017 Ubiorum
1373 1974 1602 2032 improviso
1630 1972 1744 2015 malo
1776 1973 1945 2030 afflicta
1975 1974 2086 2032 (57).

252 2045 418 2089 Eodem
448 2060 564 2088 anno
597 2048 731 2089 arbor
762 2048 1005 2091 Ruminalis
1036 2057 1259 2092 arescente
1292 2055 1444 2091 trunco
1477 2048 1720 2102 deminuta,
1752 2060 1852 2090 moa·
1880 2047 1930 2090 in
1956 2059 2089 2091 novos

251 2121 361 2175 fetus
392 2121 616 2164 revirescit
647 2123 760 2179 (58).

391 2300 551 2353 Prima
585 2317 721 2354 novo
744 2303 1030 2370 principatu
1055 2317 1193 2354 mors
1221 2301 1349 2354 Iunii
1375 2300 1532 2355 Silani
1562 2297 1885 2368 proconsulis
1909 2297 2084 2364 Asiae,

251 2391 434 2459 ignaro
470 2393 708 2458 Nerone,
747 2409 840 2460 per
883 2394 1053 2445 dolum
1087 2394 1402 2461 Agrippinae
1437 2397 1668 2459 paratur,
1707 2405 1813 2442 non
1849 2389 1966 2457 quia
2001 2388 2086 2441 in-

250 2482 390 2550 genii
439 2483 680 2536 violentia
719 2485 924 2536 exitium
969 2485 1294 2550 inritaverat,
1342 2483 1519 2551 segnis
1569 2486 1619 2535 et
1657 2479 2085 2533 dominationibus

252 2574 363 2625 aliis
406 2575 687 2639 fastiditus,
744 2577 874 2627 adeo
928 2582 979 2627 ut
1019 2577 1172 2628 Gaius
1213 2577 1404 2628 Caesar
1441 2574 1689 2641 pecudem
1729 2586 2086 2624 auream·eum

214 2665 511 2732 sappcllare
561 2665 739 2717 solitus
801 2666 880 2718 sit.

375 2821 411 2862 1.
445 2822 535 2863 asie
566 2818 647 2862 Ma.

253 2881 296 2923 3.
332 2881 490 2922 cxi-lum
523 2879 649 2922 GMa:
684 2886 928 2923 correctum
961 2882 1006 2922 in
1037 2881 1090 2924 A.

344 3020 450 3075 Cap.
489 3022 526 3064 1.
589 3021 822 3077 Postquam
859 3023 1125 3064 dominatio-

253 3094 351 3123 nem
386 3081 506 3122 dirae
538 3081 734 3124 mulieris
768 3082 932 3124 artibus
960 3089 1125 3137 partam

255 3146 450 3183 extremo
485 3140 598 3183 libro
629 3143 776 3196 priore
808 3141 1006 3195 tradidit,
1041 3143 1126 3183 iam

253 3200 412 3241 addere
457 3202 602 3257 pergit
632 3214 778 3243 rerum
825 3203 1011 3256 scriptor
1044 3214 1127 3256 qua

253 3261 325 3300 via
360 3265 402 3300 ct
437 3259 697 3302 crudelitate
743 3274 953 3303 exercere
985 3262 1129 3315 impe-

253 3320 362 3359 rium
408 3318 558 3360 eadem
603 3320 863 3373 intenderit,
916 3322 959 3362 ni
1005 3320 1127 3375 probi

254 3378 455 3419 homines
471 3384 513 3419 et
530 3380 753 3433 sapientes
776 3381 949 3423 obviam
973 3381 1125 3423 issent.

346 3438 492 3493 prima
545 3452 653 3479 novo
691 3440 943 3496 principatu
984 3454 1125 3480 mors:

255 3495 308 3536 dc
344 3496 427 3536 hoc
461 3497 651 3539 infausto
686 3500 955 3553 principatus
984 3499 1127 3541 Nero-

255 3557 372 3595 niani
425 3556 659 3609 primordio
713 3559 875 3599 dictum
929 3557 1038 3599 adl
1085 3558 1127 3600 6.

255 3613 565 3667 lutei-positum
597 3630 705 3658 novo
733 3619 984 3673 principatu
1016 3630 1129 3672 pen-

257 3670 331 3716 det
371 3686 395 3716 a
436 3674 582 3717 verbis
620 3676 765 3733 prima
805 3689 917 3718 mors
930 3691 944 3731 ‚·
990 3688 1129 3720 novus

723 2822 765 2864 2.
799 2821 1026 2878 ayrippine
1058 2820 1139 2863 Ma.

985 2668 1172 2718 Verum
1220 2665 1503 2734 Agrippina
1564 2664 1709 2716 fratri
1767 2663 1875 2716 eius
1926 2663 2084 2717 Lucio

1206 2827 1412 2877 patratur
1428 2819 1635 2862 Aurelius
1668 2824 1712 2860 et
1741 2816 2084 2862 Freinshemius.

1193 2882 1274 2923 irr.
1314 2879 1386 2923 Or.
1489 2878 1532 2922 4.
1567 2879 1616 2922 G.
1651 2876 1731 2920 Ma.
1839 2877 1882 2920 5.
1916 2875 1970 2920 L.
2004 2873 2084 2920 w.

1211 3024 1483 3078 principatus
1517 3021 1684 3063 orditur
1714 3033 1740 3062 a
1769 3025 1910 3062 morte
1947 3018 2084 3062 Silani

1212 3095 1291 3137 per
1323 3081 1470 3122 dolum
1494 3082 1767 3137 Agrippinae
1785 3085 1950 3134 parata.
1996 3078 2086 3121 Pa-

1211 3148 1337 3183 ratur
1368 3153 1483 3181 mors
1517 3140 1569 3181 ab
1587 3139 1831 3196 Agrippina
1861 3151 1940 3194 per
1974 3150 2086 3180 cou-

1213 3201 1328 3243 scios
1363 3205 1405 3242 et
1429 3200 1667 3241 ministros.
1701 3199 1799 3241 XIV
1818 3198 1900 3242 58:
1935 3197 2084 3240 Plauto

1213 3274 1360 3302 necem
1386 3260 1560 3316 parari.
1623 3257 1719 3300 xm
1752 3257 1835 3301 38:
1875 3263 1923 3300 ut
1965 3255 2086 3299 dolus

1210 3325 1474 3376 pararetur‚·
1508 3317 1564 3361 cf.
1598 3316 1617 3359 1
1648 3317 1720 3371 39,
1752 3315 1811 3359 111
1842 3317 1913 3360 54.
1947 3315 1999 3358 Η.
2025 3313 2086 3357 lv

1214 3380 1286 3422 58.
1343 3378 1549 3435 pecudem
1591 3390 1798 3420 auream.-
1839 3373 2083 3418 socordiam

1212 3438 1376 3480 ovilem
1417 3443 1460 3479 et
1503 3450 1681 3494 magnas
1733 3436 1909 3479 divitias
1951 3431 2082 3474 Gaius

1212 3497 1406 3539 notabat.
1453 3497 1537 3539 Dio
1570 3497 1681 3538 haec
1712 3495 1766 3537 ad
1791 3495 1845 3536 M.
1871 3491 2079 3543 Silanum,

1212 3570 1412 3599 socerum
1464 3556 1540 3598 Gai
1582 3555 1808 3605 Caesaris,
1856 3548 2080 3592 consulem

1213 3617 1292 3659 sub
1324 3616 1496 3658 Tiberio
1526 3627 1565 3657 a.
1601 3614 1710 3666 772,
1760 3610 1870 3653 falso
1911 3607 2081 3652 rettulit
