2222 4022
941 252 1088 298 CArvr
1124 252 1310 297 12—14.
1909 249 2027 294 XXV

208 400 480 451 referenda
516 400 790 452 restabant.
867 399 1007 460 Quae
1039 411 1241 460 causae,
1283 410 1469 463 graves
1501 410 1625 447 sane
1651 399 1699 446 et
1727 394 2028 459 luculentae,

209 507 287 542 me
323 495 590 541 moverunt
621 496 674 540 ut
711 505 814 539 non
855 489 1016 540 solum
1059 487 1174 537 libri
1217 486 1534 538 sextidecimi
1570 490 1763 555 partem
1802 485 2027 550 alteram,

208 581 299 633 sed
338 582 484 632 etiam
540 580 1055 646 septimumdecimum
1105 583 1153 629 et
1201 578 1667 629 duodevicesimum
1707 575 2031 627 intercidisse

208 676 257 721 et
292 671 542 737 insignem
581 670 713 720 illius
765 686 916 722 curae
965 648 1142 721 florem
1198 670 1379 720 iniuria
1431 674 1709 736 temporum
1757 668 2030 719 extinctum

209 776 324 813 esse
360 766 589 812 statuam.

122 870 189 918 14
318 853 539 903 *Verum
595 853 638 903 si
704 854 814 919 quis
869 869 1020 904 unum
1075 854 1254 905 librum
1310 858 1426 920 post
1479 852 1953 907 sextumdecimum.
1979 851 2031 902 in

204 942 486 994 Annalibus
529 943 710 995 deesse
753 945 1066 1008 consentiat,
1127 945 1218 996 sed
1274 946 1758 996 decimumoctavum
1803 943 2030 995 extitisse

203 1040 383 1111 neget,
424 1034 543 1085 inde
585 1040 926 1100 consequetur
961 1036 1094 1100 quod
1129 1036 1238 1086 veri
1276 1035 1590 1086 similitudini
1632 1050 1776 1100 quam
1815 1034 2031 1085 maxime

203 1131 478 1193 repugnat:
530 1130 630 1176 tum
676 1126 807 1176 enim
846 1126 1116 1178 Annalium
1151 1126 1265 1176 libri
1309 1127 1399 1189 17,
1452 1124 1785 1176 Historiarum
1833 1125 1894 1176 13
1934 1140 2032 1175 nu—

202 1217 544 1275 merabuntur.
616 1217 719 1269 >Sed
761 1218 901 1268 credi
938 1218 1110 1283 nequit
1132 1217 1353 1268 Tacitum
1390 1216 1519 1267 adeo
1559 1215 1879 1266 adversatum
1917 1231 2032 1268 esse

204 1307 532 1358 concinnitati
571 1322 928 1373 numerorum,
987 1314 1040 1359 ut
1092 1299 1191 1359 tain
1233 1308 1466 1359 insolitos
1516 1307 1714 1373 utrique
1753 1307 1894 1373 operi
1938 1307 2032 1359 de-

200 1396 397 1465 ligeret.
473 1399 626 1449 Immo
660 1400 807 1449 etiam
844 1400 896 1448 in
926 1399 1020 1450 hac
1058 1415 1114 1450 re
1154 1399 1289 1451 illum
1326 1399 1519 1450 ordinis
1557 1399 1794 1451 concinni
1835 1402 2034 1448 amato-

202 1504 309 1540 rem
341 1494 390 1539 et
425 1491 688 1556 egregium
723 1491 773 1539 in
800 1491 1130 1556 disponendis
1158 1491 1382 1557 partibus
1420 1490 1661 1542 artificem
1686 1490 2028 1556 agnoscimus,

204 1579 258 1630 In
295 1579 578 1631 Annalibus
634 1564 765 1632 enim
802 1597 886 1633 res
927 1583 1113 1633 Tiberii
1152 1583 1342 1648 Gaique
1395 1588 1443 1633 et
1483 1582 1677 1633 Claudii
1716 1597 1776 1632 ac
1811 1581 2030 1634 Neronis

203 1685 314 1720 cum
353 1670 632 1736 scriberet,
673 1672 1006 1738 principatum
1042 1673 1228 1724 Tiberii
1271 1673 1416 1724 annis
1453 1673 1633 1740 viginti
1671 1672 1832 1723 tribus
1873 1672 2030 1723 abso-

199 1759 353 1812 lutum
391 1777 483 1813 sex
516 1762 678 1826 libris,
718 1763 768 1813 id
805 1769 882 1814 est
918 1764 1064 1815 tertia
1101 1769 1243 1829 parte
1283 1765 1469 1830 operis,
1513 1764 1580 1815 ita
1607 1764 1897 1829 complexus
1935 1767 2027 1828 est,

198 1857 252 1903 ut
300 1852 528 1905 florentis
586 1854 819 1905 Caesaris
876 1855 1138 1920 imperium
1197 1856 1358 1907 tribus
1411 1856 1554 1907 libris
1606 1856 1767 1907 laetus
1820 1857 1930 1921 ipse
1981 1860 2031 1908 et

201 1942 399 2008 alacer,
461 1944 513 1994 in
549 1945 693 2010 peius
734 1946 971 1996 conversi
1019 1946 1227 1997 totidem
1265 1947 1423 1998 tristis
1463 1953 1510 1998 et
1550 1947 1829 1998 submissus
1868 1961 2031 2012 expo-

198 2038 373 2097 neret3
433 2049 552 2085 mox
597 2035 816 2085 Neronis
871 2036 1128 2101 facinora,
1197 2052 1345 2088 casus
1396 2043 1707 2103 eventusque
1746 2054 1915 2089 rerum
1963 2051 2025 2088 eo

197 2124 426 2190 principe
463 2129 512 2175 et
548 2125 718 2176 varios
772 2130 820 2176 et
858 2128 1257 2193 memorabiles,
1298 2143 1388 2194 per
1428 2129 1828 2194 quattuordecim
1866 2142 2027 2180 annos

197 2215 410 2281 perinde
446 2231 540 2267 sex
576 2216 718 2267 libris
746 2217 1008 2280 (13--183
1047 2223 1287 2270 executus
1324 2225 1424 2283 est3
1466 2221 1551 2285 qui
1584 2221 1738 2271 medii
1776 2220 2028 2272 interiecti

198 2311 343 2366 erant
379 2321 472 2358 sex
501 2306 615 2358 libri
641 2309 885 2374 (7—12),
914 2324 1003 2361 eos
1040 2311 1220 2361 mediis
1248 2311 1550 2363 Caesaribus
1582 2312 1707 2364 Gaio
1740 2317 1788 2363 et
1815 2311 2026 2365 Claudio

198 2395 483 2448 destinavit.
561 2398 697 2450 Idem
737 2405 970 2465 quattuor
1016 2402 1190 2468 primis
1232 2403 1566 2454 Historiarum
1604 2403 1746 2456 libris
1785 2409 1834 2454 et
1869 2404 2029 2469 parti-

200 2486 311 2537 cula
349 2487 534 2552 quinti,
589 2491 672 2554 qui
712 2490 775 2540 ad
816 2505 910 2542 nos
950 2498 1318 2557 pervenerunt,
1380 2494 1443 2544 ob
1482 2509 1724 2546 summam
1766 2510 1934 2546 rerum
1971 2495 2022 2546 in

195 2568 259 2627 iis
296 2577 592 2629 traditarum
627 2580 823 2645 copiam
863 2586 912 2631 et
947 2583 1274 2648 varietatem,
1332 2599 1396 2635 ne
1445 2584 1572 2635 duos
1624 2585 1826 2651 quidem
1864 2601 2024 2638 annos

195 2667 425 2736 integros
472 2669 731 2735 amplexus
782 2675 871 2722 est.
968 2673 1066 2724 Sed
1115 2675 1401 2740 reciperato
1454 2692 1480 2726 a
1532 2677 1846 2742 Vespasiano
1901 2677 2027 2729 orbe

195 2761 441 2810 terrarum
499 2764 546 2810 et
597 2760 732 2811 bello
789 2761 995 2813 Iudaico
1050 2779 1142 2828 per
1178 2765 1336 2815 Titum
1393 2767 1628 2818 confecto
1685 2767 1857 2829 (finem
1916 2769 2024 2821 eius

194 2849 314 2900 belli
357 2850 408 2900 in
445 2850 613 2900 medio
648 2851 778 2902 libro
820 2854 992 2918 quinto
1027 2854 1290 2920 deperdito
1332 2857 1563 2922 rettulit),
1605 2858 1822 2925 insignis
1855 2875 2024 2913 rerum

195 2939 501 2991 abundantia
554 2941 683 2992 adeo
739 2945 907 3009 coepit
953 2944 1201 3010 deficere,
1266 2952 1318 2997 ut
1368 2953 1512 2999 sexto
1555 2949 1685 3001 libro
1722 2950 1803 3001 vel
1843 2951 2021 3004 saltem

194 3030 406 3122 septimo
456 3031 518 3082 ad
574 3031 722 3083 finem
763 3035 1062 3100 Vespasiani
1098 3038 1297 3088 Tacitus
1351 3041 1619 3104 pervenire
1653 3046 1840 3106 posset.
1914 3042 2006 3094 Titi

191 3121 523 3188 principatum
561 3125 736 3186 (VIIII.
779 3125 875 3177 kal.
915 3128 1001 3177 Iul.
1049 3143 1091 3178 a.
1138 3128 1204 3180 79
1238 3159 1304 3168 —-—
1347 3130 1460 3182 idus
1499 3131 1778 3196 Septembr.
1817 3147 1860 3181 a.
1902 3133 2014 3198 81),

192 3210 397 3262 brevem
438 3214 655 3279 quidem,
696 3216 788 3266 sed
825 3221 1041 3269 naturae
1081 3219 1336 3270 miraculis
1375 3222 1757 3287 terroribusque
1796 3227 1844 3272 et
1884 3222 2023 3273 casi-

191 3302 284 3353 bus
333 3304 473 3354 urbis
524 3319 625 3355 non
676 3307 838 3358 minus
897 3324 1042 3374 quam
1106 3311 1484 3364 clementissimi
1524 3313 1758 3363 Caesaris
1794 3314 2019 3364 moribus

192 3397 241 3444 et
280 3395 478 3461 magnis
520 3398 854 3449 monumentis
894 3402 1299 3464 memorabilem,
1355 3403 1484 3452 libro
1526 3408 1737 3467 octav0,
1800 3404 2018 3455 sortasse

191 3483 339 3534 etiam
396 3486 636 3550 septimO,
696 3491 973 3552 proposuit.
1050 3491 1129 3540 Ad
1178 3492 1514 3542 Domitianum
1565 3492 1919 3558 imperatorem
1972 3495 2014 3545 si

189 3585 326 3625 nono
376 3574 597 3626 Tacitum
661 3577 945 3630 accessisse
1000 3578 1332 3647 conficimus,
1411 3584 1645 3648 quattuor
1702 3581 1817 3634 libri
1869 3581 2014 3636 huius
