2280 4004
215 315 241 351 a
271 301 320 346 G.
357 303 426 351 19.
449 352 466 356 Α
785 300 949 346 LIBER
976 301 1029 347 11.
1093 301 1200 347 Cu.
1232 301 1424 348 64-68.

1953 305 2042 351 149

217 447 407 499 Caesar
454 445 665 514 placitas
722 446 880 500 semel
932 449 1068 499 artes
1118 446 1354 511 mutavit,
1428 446 1519 498 sed
1568 445 1807 500 defuncto
1846 448 2037 515 Pand0,

218 553 363 604 quem
391 538 487 589 sibi
512 538 763 591 infensum
788 537 1128 604 Rhescuporis
1163 538 1425 605 arguebat,
1458 538 1782 604 Pomponium
1806 539 2042 592 Flaccum
2118 554 2120 557 ·

218 634 441 682 veterem
480 629 744 696 stipendiis
789 634 838 680 et
879 633 987 680 arta
1027 644 1137 680 cum
1174 644 1300 696 rege
1338 629 1586 694 amicitia,
1629 644 1793 696 eoque
1833 647 2042 683 accom-

220 721 550 773 modatiorem
595 720 658 770 ad
699 719 1001 785 fallendum,
1063 720 1126 771 ob
1174 721 1225 771 id
1263 721 1480 773 maxime
1512 722 1738 774 Moesiae
1775 724 2041 789 praefecit.

133 817 203 864 6⁷
219 812 426 864 Flaccus
457 811 507 861 in
530 811 792 862 Thraciam
820 815 1173 878 transgressus
1199 826 1291 878 per
1325 812 1548 880 ingentia
1577 812 1827 879 promissa
1864 829 2041 880 quam·
2056 841 2079 879 ⁵

217 903 294 955 vis
335 902 620 970 ambiguum
660 906 709 953 et
742 902 942 953 scelera
977 917 1068 954 sua
1103 907 1415 969 reputantem
1451 904 1667 970 perpulit
1692 909 1746 955 ut
1783 906 2040 971 praesidia

215 995 438 1072 Rpmana
475 993 702 1044 intraret.
777 993 1096 1045 Circumdata
1129 994 1248 1045 hinc
1276 995 1389 1062 regi
1420 996 1592 1061 specie
1627 996 1838 1048 honoris
1872 997 2043 1050 valida

216 1100 390 1136 manus
417 1084 702 1150 tribunique
729 1089 778 1136 et
809 1085 1149 1149 centurioneS,
1176 1085 1431 1137 monendo
1461 1087 1743 1151 suadendO,
1774 1093 1823 1138 et
1857 1093 2042 1153 quanto

215 1176 418 1244 longius
454 1175 852 1240 abscedebatur,
906 1175 1160 1241 apertiore
1200 1176 1458 1241 custodia,
1520 1181 1778 1242 postremo
1830 1192 2043 1244 gnarum

215 1267 534 1320 necessitatis
570 1267 623 1317 in
648 1267 823 1318 urbem
862 1271 1080 1318 traxere.
1155 1266 1440 1318 Accusatus
1476 1268 1528 1317 in
1563 1274 1742 1320 senatu
1782 1269 1844 1320 ab
1882 1284 2044 1322 uxore
2061 1284 2112 1322 io

218 1359 389 1426 Cotyis
437 1358 729 1422 damnatur,
796 1362 850 1408 ut
910 1357 1088 1423 procul
1136 1371 1300 1424 regno
1352 1362 1626 1410 teneretur.
1727 1359 1941 1410 Thracia
1994 1359 2046 1409 in

216 1449 608 1505 Rhoemetalcen
644 1448 814 1513 filium,
856 1463 1001 1514 quem
1033 1449 1259 1515 paternis
1296 1449 1524 1501 consiliis
1563 1449 1885 1501 adversatum
1921 1465 2051 1500 con-

218 1541 406 1605 stabat,
451 1541 602 1606 inque
639 1539 829 1592 liberos
871 1539 1046 1606 Cotyis
1088 1539 1360 1603 dividitur3
1407 1540 1570 1606 iisque
1609 1541 1834 1591 nondum
1869 1541 2050 1592 adultis

219 1632 561 1684 Trebellienus
587 1632 744 1684 Rufus
770 1636 1006 1698 praetura
1043 1631 1248 1683 functus
1283 1631 1445 1696 datur,
1485 1632 1567 1697 qui
1600 1647 1813 1699 regnum
1851 1633 2050 1683 interim

220 1728 483 1787 tractaret,
546 1723 775 1790 exemplo
832 1737 930 1789 quo
982 1722 1203 1773 maiores
1238 1722 1461 1775 Marcum
1501 1723 1741 1788 Lepidum
1777 1723 2049 1775 Ptolemaei
2068 1743 2114 1780 ις

218 1813 389 1866 liberis
428 1819 642 1866 tutorem
692 1814 743 1864 in
775 1814 1060 1881 Aegyptum
1110 1813 1372 1864 miserant.
1446 1813 1788 1879 Rhescuporis
1821 1815 2052 1866 Alexan-
2136 1861 2138 1863 ,

220 1905 379 1958 driam
421 1905 679 1969 devectus,
721 1910 869 1971 atque
899 1904 1003 1956 illic
1043 1904 1213 1972 fugam
1252 1909 1517 1970 temptanS,
1559 1916 1623 1955 an
1662 1905 1779 1956 ficto
1821 1906 2047 1970 crimine,

135 1997 532 2050 68interficitur.
622 1997 716 2047 Per
770 1995 905 2047 idem
955 2001 1147 2061 tempus
1194 1997 1469 2060 VononeS,
1530 2011 1676 2062 quem
1731 2002 1948 2048 amotum
1996 1997 2048 2047 in

221 2088 448 2139 Ciliciam
477 2087 770 2151 memoravi,
802 2087 1051 2152 corruptis
1078 2085 1374 2138 custodibus
1407 2085 1634 2154 effugere
1663 2087 1726 2137 ad
1753 2087 2045 2152 ArmeniOS,

220 2179 340 2230 inde
382 2178 433 2228 in
469 2178 695 2229 Albanos
735 2177 1131 2243 Heniochosque
1172 2182 1221 2227 et
1259 2178 1695 2244 consanguineum
1735 2178 1832 2229 sibi
1870 2194 2046 2246 regem
2064 2198 2112 2234 20

222 2270 518 2337 Scytharum
565 2273 774 2319 conatus
828 2273 919 2319 est.
1026 2267 1208 2333 Specie
1256 2268 1478 2319 venandi
1531 2268 1732 2319 omissis
1783 2269 2046 2319 maritimis

219 2355 348 2412 locis
399 2355 511 2411 avia
568 2359 781 2411 saltuum
828 2358 1001 2425 petiit,
1064 2373 1183 2409 mox
1221 2358 1521 2424 pernicitate
1568 2359 1684 2425 equi
1736 2359 1799 2410 ad
1850 2375 2046 2412 amnem

219 2451 479 2518 Pyramum
542 2450 826 2514 contendit,
894 2449 1035 2501 cuius
1086 2454 1267 2516 pontes
1318 2449 1529 2501 accolae
1577 2454 1818 2516 ruperant
1876 2450 2045 2501 audita

343 2619 380 2661 1.
409 2618 578 2675 padusa
594 2619 648 2661 M.
713 2620 753 2661 5.
790 2618 1004 2660 thraciam
1020 2618 1075 2670 M,
1110 2616 1187 2659 sed
1218 2629 1319 2658 mox
1343 2618 1568 2670 Thraecia,
1601 2623 1648 2658 ut
1674 2616 1848 2659 videtur
1869 2623 2049 2671 propter

221 2677 442 2720 silentium
473 2677 653 2720 Baiteri.
718 2679 758 2720 7.
792 2677 894 2719 hinc
924 2678 1036 2734 regi]
1071 2678 1118 2718 in
1148 2678 1271 2733 ,φηρὶ
1302 2677 1366 2718 M:
1406 2677 1598 2719 correxit
1628 2676 1886 2719 Beroaldus.
1949 2692 2048 2733 spe-

222 2738 315 2779 ciae
346 2738 399 2780 Μ.
515 2739 582 2780 10.
619 2744 867 2778 accussatus
898 2738 953 2779 M.
1021 2739 1088 2780 11.
1124 2743 1238 2792 cotys
1270 2736 1324 2779 M.
1444 2738 1510 2779 13.
1543 2737 1663 2791 inqui
1693 2736 1747 2777 M.
1847 2743 1961 2789 cotys
1992 2736 2047 2777 M.

224 2797 292 2839 14.
328 2795 578 2838 trebellenus
610 2797 664 2838 M.
698 2798 990 2850 incorruptam
1021 2796 1209 2837 nominis
1246 2795 1428 2838 formam
1463 2797 1656 2838 servavit
1686 2796 1725 2838 M
1751 2796 1778 2837 3
1810 2795 1883 2848 38,
1916 2794 1943 2837 6
1975 2795 2047 2838 39.

225 2855 293 2897 15.
330 2855 388 2896 Μ.
424 2855 479 2897 M.
567 2854 765 2910 ptolemei
785 2855 839 2897 M.
902 2857 974 2899 22.
1008 2857 1103 2910 equi
1136 2856 1354 2904 edamnem
1374 2854 1429 2897 M.

310 2988 371 3031 M.
405 2988 632 3045 Lepidum·
665 2990 721 3033 cf.
756 2990 945 3033 lustinus
978 2991 1090 3034 XXX

223 3050 251 3091 2
283 3051 326 3090 et
357 3048 400 3090 3.
467 3047 666 3091 Valerius
710 3049 820 3093 Max.
873 3050 930 3092 VI
978 3050 1005 3094 6
1050 3053 1089 3094 1.

222 3106 497 3150 Ptolemaeus
553 3108 629 3150 ille
685 3109 936 3165 Epiphanes
991 3109 1088 3162 fuit,

222 3171 415 3207 mortuus
447 3180 486 3210 a.
506 3181 547 3210 u.
568 3168 668 3211 573.
707 3168 1090 3211 ‘Exstatdenarius

225 3238 319 3266 cum
367 3227 510 3279 capite
552 3226 737 3269 feminili
786 3229 938 3269 turrito
983 3228 1090 3269 sub-

1177 2992 1338 3047 ingerit
1372 2991 1608 3032 Suetonius
1642 3004 1774 3046 saepe
1815 2991 1975 3033 nimius
2005 2993 2050 3033 in

1176 3049 1464 3105 vituperando
1520 3050 1662 3093 Tiber.
1726 3050 1813 3093 49:
1885 3052 1960 3093 secl
2012 3058 2052 3093 et

1185 3110 1399 3153 Vononem
1447 3109 1704 3151 Parthorum
1752 3123 1924 3164 reqem,
1981 3111 2053 3163 qui

1171 3169 1317 3225 pulsus
1349 3183 1377 3210 a
1408 3170 1494 3210 suis
1527 3169 1649 3222 quasi
1678 3168 1724 3208 in
1751 3168 1877 3220 fidem
1903 3167 2052 3223 populi

1177 3229 1363 3270 Romani
1404 3241 1498 3268 cum
1537 3227 1708 3282 inqente
1749 3239 1859 3280 ραι-α
1892 3226 2049 3267 Antio-

1177 3286 1318 3327 chiam.
1343 3301 1386 3327 se
1403 3291 1640 3340 receperat,
1651 3284 1850 3340 spoliavit
1865 3285 2051 3340 perfidia

1177 3352 1215 3386 et
1245 3345 1401 3386 occidit
1480 3344 1651 3395 Quanto
1680 3342 1837 3383 melius
1870 3343 1923 3383 de
1957 3344 2050 3385 Vo..

1178 3416 1292 3443 none
1342 3402 1412 3443 hic
1452 3408 1602 3442 noster
1643 3400 1681 3442 11
1723 3403 1869 3445 2—4
1902 3408 1943 3443 et
1977 3402 2048 3454 58,

224 3284 384 3337 scripto
427 3283 828 3328 ALEXANDREA:
882 3287 925 3328 in
970 3293 1091 3341 parte

224 3341 437 3383 adversa:
498 3342 552 3384 Μ.
616 3343 868 3388 LEPIDVS.
932 3345 1088 3388 PON'l'.

224 3401 360 3443 MAx.
394 3399 588 3443 TVTOR.
623 3401 746 3445 REG.
775 3405 816 3445 S.
838 3402 885 3444 C.
920 3403 1092 3446 Acker-

224 3472 349 3501 mann
386 3458 401 3501 1
434 3472 476 3514 p.
510 3461 595 3512 203
647 3460 725 3503 cfr.
761 3460 1092 3515 champollion-

225 3516 386 3575 Figeac
407 3519 599 3561 Annales
631 3519 925 3575 des1.agides.
976 3520 1092 3561 Paris

230 3575 354 3620 1819.
388 3576 425 3619 11
459 3589 501 3632 p.
539 3576 650 3621 130².
714 3577 950 3621 Onmmus.

326 3633 430 3692 Cap.
470 3635 542 3681 68.
615 3638 839 3681 Vonones:
891 3637 1093 3695 probrum

230 3703 283 3734 ex
329 3693 523 3739 Venonis
564 3695 654 3742 fato
704 3699 891 3755 prIncipi
923 3697 1093 3742 Tiberio

1176 3462 1366 3515 denique
1400 3461 1483 3502 hoc
1517 3461 1628 3503 loco.

1236 3534 1402 3560 αηηιεηι
1436 3520 1686 3575 Pyramum:
1719 3518 1833 3560 hunc
1865 3518 2050 3562 Ciliciae

1177 3592 1344 3620 numeni
1389 3579 1597 3620 describit
1641 3577 1794 3621 Strabo
1837 3578 1913 3620 Xll
1947 3580 1974 3622 2
2004 3579 2048 3630 4,

1178 3642 1387 3680 memorat
1419 3638 1534 3681 Mela
1566 3638 1583 3680 1
1619 3639 1686 3690 13,
1721 3636 1887 3680 Plinius
1925 3637 1960 3680 V
1992 3639 2050 3684 22

1179 3697 1300 3756 (27),
1335 3697 1581 3755 Stephanus
1610 3710 1644 3741 S.
1685 3711 1726 3740 v.
