2280 4004
233 268 323 311 802

999 267 1072 310 AN
1078 265 1292 309 NALIVM

1801 282 1841 312 a.
1874 280 1918 314 u.
1941 269 2055 316 ms.

229 422 421 474 vapore
462 407 571 460 eius
609 405 949 470 exanimatus,
1002 405 1113 457 sine
1145 405 1247 457 ullo
1288 405 1481 458 funeris
1517 407 1750 460 sollemni
1787 414 2055 464 cremetur..

230 499 300 550 Ita
357 497 606 549 codicillis
658 496 1090 562 praescripserat,
1142 512 1264 574 *cum
1325 498 1474 550 etiam
1526 503 1628 551 tum
1685 499 2061 565 praedixisset

229 593 532 654 praepotens
597 587 845 652 supremis
911 587 1018 638 suis
1079 587 1385 639 consuleret.

229 679 431 729 Flavum
489 693 600 729 cum
661 677 1042 741 centurionibus
1103 678 1305 728 occulto
1367 679 1614 743 consilio,
1673 695 1840 746 neque
1893 686 2060 736 tamen

193 770 499 835 signorante
527 769 741 833 Seneca,
782 769 1136 833 destinavisse,
1175 774 1228 819 ut
1267 774 1383 835 post
1416 771 1644 823 occisum
1683 787 1838 838 opera
1864 772 2061 827 Pisonis

228 860 484 911 Neronem
523 859 637 911 Piso
677 874 878 926 quoque
924 860 1322 924 interficeretur,
1377 862 1764 928 tradereturque
1800 863 2061 929 imperium

231 952 492 1016 Senecae,
547 951 691 1018 quasi
745 951 1030 1003 insontibus
1088 951 1388 1004 claritudine
1434 954 1670 1006 virtutum
1716 955 1779 1008 ad
1817 969 2062 1010 summum

233 1043 490 1109 fastigium
530 1042 746 1094 delecto,

822 1043 954 1104 Quin
993 1047 1042 1093 et
1075 1043 1231 1094 verba
1263 1043 1400 1094 Flavi
1439 1044 1793 1111 vulgabantur,
1834 1061 1937 1098 non
1965 1061 2060 1101 re-

231 1134 367 1184 ferre
401 1133 691 1197 dedecoris,
732 1134 776 1184 si
803 1133 1127 1184 citharoedus
1165 1133 1522 1185 demoveretur
1558 1139 1607 1186 et
1641 1136 1918 1203 tragoedus
1945 1151 2069 1194 suc-

168 1242 216 1277 io
233 1225 454 1289 cederet,
497 1225 612 1290 quia
647 1230 701 1275 ut
719 1224 855 1276 Nero
895 1224 1105 1287 cithara,
1145 1225 1211 1275 ita
1233 1224 1347 1276 Piso
1387 1225 1584 1292 tragico
1615 1231 1796 1277 ornatu
1832 1227 2062 1281 canebat.

380 1317 612 1367 Ceterum
665 1315 894 1367 militaris
952 1330 1152 1381 quoque
1193 1316 1502 1381 conspiratio
1543 1332 1646 1368 non
1694 1317 1822 1371 ultra
1865 1318 2154 1383 fefellit,66

237 1407 471 1458 accensis
511 1406 765 1458 indicibus
802 1407 868 1457 ad
903 1407 1220 1472 prodendum
1248 1408 1485 1458 Faenium
1518 1408 1716 1471 Rufum,
1756 1423 1905 1473 quem
1935 1423 2069 1464 eun-

237 1498 350 1550 dem
392 1498 651 1549 conscium
689 1502 738 1549 et
779 1497 1130 1563 inquisitorem
1165 1512 1268 1547 non
1305 1498 1606 1549 tolerabant.

1682 1499 1820 1566 Ergo
1858 1500 2066 1555 instanti

242 1589 590 1655 minitantique
627 1588 870 1641 reni-dens
895 1589 1174 1641 Scaevinus
1200 1589 1453 1640 neminem
1489 1590 1558 1640 ait
1582 1589 1723 1655 plura
1758 1590 1895 1644 scire
1919 1605 2070 1656 quam

174 1681 430 1747 isipsum,
482 1681 812 1747 hortaturque
848 1681 1012 1745 ultr0,
1056 1680 1297 1731 redderet
1332 1685 1433 1732 tam
1471 1681 1607 1732 bono
1634 1681 1850 1747 principi
1885 1681 2068 1736 vicem.

237 1773 350 1824 Non
387 1788 492 1824 vox
528 1772 798 1824 adversum
837 1789 896 1824 ea
934 1772 1140 1836 FaeniO,
1179 1787 1283 1822 non
1321 1772 1604 1837 silentium,
1644 1772 1736 1824 sed
1773 1773 1931 1826 verba
1972 1758 2065 1827 sua

237 1864 574 1929 praepediens
638 1868 688 1914 et
744 1863 952 1929 pavoris
1004 1863 1335 1927 manifestuS,
1401 1864 1691 1929 ceterisque
1739 1879 1800 1917 ac
1851 1858 2069 1920 maxime

235 1954 479 2005 Cervario
516 1954 730 2006 Proculo
773 1955 942 2020 equite
973 1955 1201 2006 Romano
1238 1954 1300 2004 ad
1343 1955 1748 2007 convincendum
1787 1971 1900 2008 eum
1939 1970 2070 2008 con—

234 2045 376 2110 nisis,
408 2046 548 2096 iussu
574 2045 896 2111 imperatoris
928 2062 954 2096 a
985 2046 1162 2097 Cassio
1190 2045 1363 2110 milite,
1395 2045 1479 2111 qui
1506 2046 1569 2096 ob
1608 2042 1812 2113 insigne
1837 2047 2072 2113 corporis

170 2145 218 2180 20
233 2136 390 2187 robur
423 2136 672 2200 adstabat,
702 2136 975 2202 corripitur
1010 2136 1344 2201 vinciturque.

355 2303 394 2345 1.
429 2301 613 2345 sollemni
645 2301 727 2346 Ma.
851 2308 893 2349 2.

233 2361 276 2404 4.
311 2363 486 2431 [luzeium
517 2360 596 2404 Ma.
661 2362 717 2404 cf.
754 2376 790 2404 c.
825 2361 896 2407 49.

232 2435 407 2535 zeii-ius
423 2479 503 2533 Ma,
537 2482 654 2536 senio
689 2480 737 2522 G.

233 2598 313 2641 Ma.
409 2599 476 2641 19.
509 2601 628 2640 iussi?
659 2598 739 2640 Ma.

236 2755 279 2795 in
313 2754 525 2807 supremis
559 2753 645 2795 ioci
680 2767 704 2795 a
738 2766 857 2795 more
886 2753 1110 2806 Graeciae,

236 2814 308 2868 qui
343 2812 578 2854 discessuri
613 2827 636 2855 e
671 2815 877 2855 convivio
919 2813 1114 2855 libabant

238 2874 329 2913 lovi
365 2873 604 2925 servatori3
639 2874 701 2914 sic
732 2874 803 2914 isti
842 2887 864 2915 e
901 2874 993 2914 vita
1019 2873 1111 2914 lovi

237 2931 491 2973 liberatori.³
531 2932 724 2973 Lipsius.
791 2932 919 2973 Conf.
951 2933 1112 2974 Athen.

236 2990 292 3032 XI
324 2991 410 3034 466
442 2991 502 3042 E,
552 2992 637 3033 471
671 2992 706 3033 D
757 2997 800 3033 et
834 2991 893 3045 E,
933 2992 1017 3033 487
1051 2993 1113 3044 Α;

236 3051 313 3092 XV
348 3050 433 3093 675
468 3049 516 3091 C.

321 3111 448 3152 etiam
481 3117 566 3151 tum
595 3109 823 3166 praedives
857 3116 895 3150 et
923 3122 1116 3164 praepo-

238 3176 359 3211 tens:
395 3169 478 3210 hoc
511 3169 617 3211 dicit
655 3168 864 3211 adversus
902 3181 1115 3222 praesen-

238 3235 323 3271 tem
367 3229 563 3270 Senecae
605 3234 787 3270 statum:
840 3241 956 3269 nunc
1000 3229 1115 3269 enim

239 3295 284 3330 et
314 3289 405 3329 vita
440 3293 482 3329 et
513 3288 639 3330 bonis
673 3294 828 3330 exutus
852 3294 931 3330 est.

239 3354 386 3389 annot.
419 3347 471 3388 ad
505 3361 541 3389 c.
577 3348 648 3391 62.

334 3407 437 3460 Cap.
469 3406 543 3449 65.
605 3420 693 3447 non
734 3409 902 3461 ‘referre
934 3406 1117 3447 dedeco-

239 3466 325 3506 ris:
370 3466 410 3507 h.
448 3480 484 3506 e.
531 3465 644 3506 idem
693 3465 882 3507 dedecus
923 3476 1114 3516 manere,

240 3524 349 3564 nihil
382 3526 597 3566 interesse
632 3527 746 3566 inter
779 3525 983 3576 dedecus,
1019 3537 1114 3565 cum

240 3582 354 3623 Nero
386 3586 620 3638 imperaret
652 3591 725 3626 aut
743 3586 856 3626 Piso.
912 3583 1114 3625 Ceterum

242 3640 393 3683 ultima
427 3643 571 3686 littera
603 3645 792 3686 nominis
826 3644 1045 3686 dedecoris
1072 3643 1115 3683 in

987 3286 1113 3328 Confi

923 2303 1126 2360 prediues
1157 2310 1196 2344 et
1223 2308 1452 2358 prepotens
1483 2301 1563 2345 Ma.

1007 2363 1048 2406 9.
1085 2362 1304 2403 dedecoris
1335 2361 1698 2418 Bezzenberger:
1733 2363 1908 2406 codices
1941 2364 2071 2406 dede-

457 2423 523 2465 12.
559 2422 753 2463 accensis
788 2437 948 2477 quoque
980 2423 1070 2465 ind.
1107 2420 1209 2463 GMa
1243 2427 1286 2463 et
1322 2423 1480 2462 ceteri:
1516 2423 1704 2463 correxit
1738 2422 1924 2478 Lipsius,
2004 2424 2071 2467 16.

836 2482 903 2525 18.
940 2483 1051 2536 equit
1082 2495 1178 2523 cum
1211 2481 1288 2522 lin.
1315 2493 1446 2535 super
1478 2481 1562 2522 litt.
1597 2489 1612 2523 t
1642 2480 1724 2535 Ma,
1758 2481 1800 2524 h.
1836 2496 1875 2526 e.
1909 2483 2073 2537 equiten-

234 2552 311 2592 pro
351 2541 574 2595 equitem,
608 2546 654 2581 ut
686 2539 796 2581 vidit
833 2541 1046 2584 Orellius:
1083 2541 1116 2583 G
1148 2546 1191 2582 et
1223 2541 1359 2582 ceteri
1394 2541 1543 2595 equite.
1581 2541 1637 2582 cf.
1673 2555 1712 2584 c.
1747 2542 1819 2586 50.

1686 2305 1728 2346 3.
1763 2304 1959 2362 supffinu's
1988 2304 2068 2348 Ma.

1913 2542 2070 2587 annisis

1199 2752 1423 2794 codicibus
1471 2759 1572 2796 ante
1612 2754 1853 2807 proximum
1903 2755 1940 2796 si
1993 2752 2074 2796 ab·

1198 2818 1345 2866 sorpta
1369 2819 1457 2854 est:
1491 2826 1588 2854 nam
1613 2814 1728 2868 quod
1750 2812 1886 2870 vulgo
1905 2813 2074 2871 leg-itm·

1199 2873 1399 2913 dedecori
1440 2871 1549 2914 nihil
1595 2879 1660 2913 est
1707 2873 1791 2913 nisi
1829 2872 1988 2914 ‘vitium
2032 2879 2076 2916 et

1199 2931 1487 2972 soloecismus
1503 2933 1681 2973 minime
1699 2931 1975 2974 tolerandus:
2002 2935 2074 2974 ni-

1198 2992 1351 3030 mirum
1384 2988 1558 3045 ‘referre
1589 2993 1711 3047 iungi
1742 2992 2073 3045 potostdativso,

1199 3056 1246 3089 ut
1281 3062 1361 3090 usu
1394 3051 1517 3091 venit
1551 3050 1646 3091 MV
1675 3050 1749 3103 38,
1782 3054 1967 3107 rEsene
1987 3063 2075 3092 non

1198 3114 1360 3163 potest.

1281 3175 1317 3209 el
1342 3169 1571 3223 trayoedus
1588 3168 1860 3210 succederet.-
1883 3180 1941 3209 πω
1958 3167 2074 3210 forte

1200 3227 1365 3268 tirones
1397 3233 1440 3269 et
1459 3229 1645 3281 imperiti
1670 3227 2075 3281 decipiantur-‚mo-

1200 3287 1388 3327 nendum
1436 3288 1585 3341 putavi
1636 3300 1782 3328 errare
1817 3287 2075 3341 Rugum-tium

1203 3345 1254 3386 ad
1290 3345 1398 3387 hacc
1424 3347 1556 3387 verba
1589 3351 1868 3387 annotantem
1887 3346 2074 3388 ‘Seneca

1203 3406 1331 3446 etiam
1362 3406 1589 3460 {rayoedus
1611 3404 1723 3447 suit.³
1760 3404 1886 3446 Cave
1907 3404 2074 3456 eredas,

1201 3477 1285 3504 non
1308 3464 1390 3504 suit
1412 3465 1652 3517 traqoeclus,
1685 3477 1940 3519 quamquam
1961 3464 2075 3506 scri-

1200 3525 1286 3577 psit
1318 3524 1579 3579 tragoedias
1642 3524 1804 3565 Rursus
1845 3523 1943 3564 Piso
1982 3527 2074 3563 tra-

1202 3585 1301 3639 gico
1336 3589 1487 3624 ornatu
1514 3583 1688 3640 cecinit,
1722 3582 1799 3624 sed
1827 3580 2072 3636 tragoedias

1201 3642 1254 3684 ab
1289 3655 1340 3684 eo
1381 3643 1519 3685 factas
1564 3655 1661 3684 esse
1701 3653 1829 3684 nenio
1867 3639 2072 3695 prodidit.

1460 589 1609 641 Fama
1672 589 1766 643 fuit
1822 590 2147 646 Subrium65

1419 2136 1538 2187 Mox
1573 2137 1849 2189 eorundem
1877 2137 2071 2190 indicio
2086 2147 2157 2194 67
