2280 4004
254 266 317 312 32
1037 263 1329 308 ANNAL-IVM
1833 282 1874 313 a.
1894 266 1950 312 u.
1974 263 2084 314 76⁷.

259 410 430 465 ciendi
457 410 701 464 licentia?
743 410 811 461 At
830 408 1050 461 Hercule
1083 408 1303 461 verbera
1341 412 1390 460 et
1422 421 1604 461 necem
1627 409 1824 463 cunctis
1845 412 2083 478 permitti.

259 503 513 557 Tiberium
557 503 676 555 olim
725 501 930 553 nomine
966 501 1185 569 Augusti
1241 500 1498 553 desideria
1549 500 1808 568 legionum
1851 502 2086 557 Μηνὶ

258 596 487 649 solitum:
549 593 757 647 easdem
802 597 937 645 artes
987 592 1206 644 Drusum
1255 591 1529 645 rettulisse.
1611 593 1944 660 Nunquamne
1986 594 2087 647 nisi
2131 622 2134 626 ·

255 688 387 740 filios
415 686 715 739 familiarum
737 684 1018 736 venturos?
1053 685 1251 761 Novum
1275 683 1326 734 id
1349 684 1499 750 plane
1527 684 1662 750 quod
1687 685 1964 752 imperator
1978 685 2087 738 sola

219 779 426 831 ⁵militis
479 776 746 829 commoda
785 775 849 827 ad
899 764 1130 827 senatum
1161 774 1357 827 reiciat.
1430 774 1658 827 Eundem
1695 790 1820 844 ergo
1859 779 2088 833 senatum

258 869 655 934 consulendum,
714 867 948 934 quotiens
984 865 1228 934 supplicia
1268 871 1354 918 aut
1397 866 1592 933 proelia
1630 867 1934 920 indicantur.
2007 868 2089 920 An

253 961 481 1029 praemia
523 959 616 1012 sub
658 959 906 1024 dominiS,
958 973 1152 1024 poenas
1205 958 1318 1010 sine
1371 957 1563 1010 arbitro
1615 958 1771 1011 esse?
1826 959 2088 1012 Postremo
2103 967 2174 1016 2⁷

258 1052 501 1105 deserunt
537 1050 775 1115 tribunal,
819 1055 873 1101 ut
901 1050 1013 1116 quis
1041 1049 1481 1115 praetorianorum
1510 1049 1719 1100 militum
1746 1047 2090 1124 amicorumve

258 1144 494 1196 Caesaris
537 1147 849 1207 occurreret,
887 1156 1064 1213 manus
1100 1141 1422 1207 intentantes,
1467 1156 1672 1193 causam
1711 1141 2027 1194 discordiae
2042 1147 2092 1194 et

193 1248 242 1285 ιο
256 1235 452 1287 initium
487 1249 758 1299 armorum,
788 1233 1005 1286 maxime
1042 1232 1230 1285 infensi
1252 1231 1426 1284 Gnaeo
1451 1232 1679 1298 Lentule,
1719 1232 1854 1299 quod
1892 1233 1937 1286 is
1974 1238 2091 1285 ante

249 1306 386 1379 alios
424 1331 592 1379 aetate
628 1330 678 1378 et
717 1324 886 1393 gloria
926 1324 1047 1376 belli
1079 1324 1280 1376 firmare
1312 1324 1530 1376 Drusum
1579 1323 1884 1376 credebatur
1923 1329 1974 1376 et
2005 1324 2089 1376 illa

188 1706 197 1709 a
264 1681 476 1724 discordie
507 1680 563 1723 Μ.

374 1504 417 1548 2.
449 1502 634 1557 fustrari
660 1501 716 1543 M.
779 1502 822 1544 3.
856 1500 1051 1543 retulisse
1086 1499 1143 1542 M.

257 1561 393 1618 vulgo
426 1561 484 1602 ad
514 1575 558 1604 se
589 1561 675 1603 nisi
705 1561 763 1615 fl,
796 1560 836 1601 M
868 1560 955 1618 nisi
986 1560 1044 1601 ad
1087 1573 1131 1601 se
1158 1558 1286 1614 filios.

258 1621 418 1663 litteris
450 1634 504 1662 ca
536 1620 746 1662 correctis
786 1620 830 1660 in
871 1632 1022 1661 rasura
1055 1619 1108 1662 M.

631 1681 698 1723 10.
736 1678 829 1721 CN.
863 1679 918 1722 M.

348 1815 454 1871 Cap.
478 1815 549 1860 26.
612 1829 886 1871 nunquamne
909 1816 996 1858 nisi
1022 1815 1134 1871 filios

256 1877 526 1933 familiarum
544 1884 744 1918 venturos
760 1891 773 1917 .·
807 1876 1042 1919 verborum
1063 1877 1135 1919 vi-

257 1938 412 1980 tiosam
459 1937 816 1978 consecutionem
864 1950 1136 1991 nunquamne

258 1996 345 2038 nisi
375 1995 434 2037 ad
463 2010 508 2038 se
538 1997 623 2037 iam
662 2008 751 2037 non
792 1995 1047 2048 defendam,
1089 2001 1137 2036 ut

257 2056 364 2099 olim
386 2055 489 2108 feci,
522 2068 668 2111 neque
695 2069 792 2097 cum
810 2054 958 2110 Lipsio
986 2054 1135 2097 sedem

259 2114 495 2157 verborum
525 2114 583 2156 ad
613 2129 657 2156 se
677 2114 968 2167 commutabo,
1002 2120 1049 2155 ut
1081 2115 1137 2156 sit

259 2175 317 2217 ad
348 2189 392 2216 se
411 2175 519 2216 nisi:
554 2187 653 2215 nam
681 2175 739 2215 ad
756 2189 800 2215 se
821 2188 875 2216 ex
906 2175 1135 2216 notatione

258 2234 491 2291 marginali
525 2235 567 2275 in
591 2235 739 2289 operis
760 2240 1013 2275 contextum
1046 2245 1135 2274 non

257 2299 359 2348 apte
392 2293 562 2334 illatum
592 2307 689 2335 esse
721 2305 809 2334 non
838 2292 979 2335 solum
1011 2293 1134 2334 locus

257 2354 430 2395 alienus
473 2352 659 2406 indicat,
701 2352 779 2394 sed
818 2351 954 2394 multo
995 2353 1134 2407 magis

256 2419 387 2456 tenor
418 2413 667 2455 sententiae
700 2411 868 2467 probat.
923 2410 1133 2453 Nimirum

258 2473 461 2515 seditiosi
495 2471 562 2513 illi
595 2484 684 2512 non
718 2470 771 2513 de
803 2485 851 2514 se
884 2470 1025 2513 solum
1058 2469 1135 2511 sed

260 2532 315 2574 de
339 2531 575 2588 leqionibus
599 2532 646 2572 in
662 2532 908 2573 universum
941 2542 1135 2585 querun-

196 2625 200 2628 .
257 2598 354 2633 tur:
389 2591 492 2646 lege
514 2591 712 2645 proxime
732 2593 901 2644 priora·
928 2590 1137 2631 Tiberium

267 2651 368 2693 olim
396 2651 568 2692 nomine
599 2648 782 2705 Auyusti
822 2649 1037 2691 desideria
1069 2647 1136 2689 le-

257 2713 431 2768 9ionum
469 2711 679 2765 frustrari
718 2708 899 2751 solitum.
969 2707 1135 2749 Eodem

259 2770 388 2812 modo
448 2775 663 2826 pergunt:
725 2780 1000 2824 nunquamne
1052 2767 1138 2808 nisi

257 2830 370 2884 filios
387 2828 656 2884 familiarum
671 2836 897 2871 venturos.
884 2827 908 2858 9
927 2833 1136 2868 venturos

260 2889 434 2931 scilicet
473 2888 527 2929 ud
567 2889 770 2944 legiones
810 2889 854 2929 in
895 2887 1136 2942 provinciis

262 2948 513 3002 dispositas.

355 3006 460 3061 Cap.
495 3007 567 3050 27.
660 3019 813 3047 manus
862 3006 1136 3057 intentantes,

263 3080 439 3108 causam
461 3064 702 3107 discordiae
735 3071 775 3105 et
797 3065 965 3106 initium
990 3078 1137 3105 armo-

261 3140 383 3179 rum,
419 3125 462 3167 h.
499 3137 537 3166 e.
572 3129 620 3164 ut
652 3136 784 3165 causa
816 3123 1060 3165 discordiae
1095 3128 1138 3164 et

264 3186 438 3227 initium
482 3195 697 3226 armorum
741 3183 842 3225 inde
877 3186 956 3239 (ex
988 3184 1138 3223 inten-

263 3247 367 3286 tatis
400 3243 621 3300 manibus)
669 3244 869 3284 oriretur.
941 3243 1139 3284 Accusa-

265 3306 382 3346 tivus
414 3316 506 3346 rem
541 3316 594 3345 ex
613 3302 883 3358 praegressis
905 3307 1139 3343 consecta-

267 3365 374 3404 riam
408 3364 499 3419 (ein
531 3362 787 3419 Erqebniss)
829 3361 1049 3417 significat
1092 3373 1143 3401 ac

268 3422 431 3476 pendet
466 3436 519 3462 ex
551 3423 733 3462 notione
751 3421 874 3463 verbi
910 3434 964 3463 ex
995 3426 1143 3462 cetero

227 3485 229 3487 ’
273 3482 501 3521 enuntiato
535 3480 917 3536 subintelligendi.
976 3477 1147 3521 Conf.1

272 3540 354 3584 74:
389 3538 462 3580 sed
491 3538 746 3580 Marcellum
777 3538 1053 3580 insimulabat
1082 3538 1146 3579 si-

271 3599 430 3639 nistros
451 3597 500 3638 de
520 3597 682 3638 Tiberio
705 3612 919 3639 sermones
936 3598 1147 3649 habuisse,

223 3713 243 3719 „
271 3656 516 3703 inevitabile
540 3657 717 3700 crimen.
763 3655 802 3698 11
822 3656 904 3699 64:
925 3658 1149 3699 immittere

1216 1512 1501 1556 numquamne
1527 1498 1599 1542 Or.
1669 1500 1756 1542 nisi
1779 1499 1893 1554 filios
1917 1500 2091 1546 editor:

1431 1559 1474 1602 6.
1509 1557 1651 1614 prael.
1667 1558 1751 1604 „On
1785 1602 1789 1607 ,
1842 1559 2095 1604 indicantur

1232 1618 1274 1664 9.
1309 1625 1583 1672 occurreret,
1616 1630 1702 1660 non
1735 1627 2002 1676 occurrerat,
2034 1620 2090 1664 M.

1219 1815 1436 1857 latronum
1456 1814 1614 1871 ylebos,
1649 1815 1876 1858 excindere
1899 1816 2115 1872 castella‚·

1219 1889 1373 1918 causas
1417 1874 1540 1917 bello.
1628 1875 1684 1916 Vl
1728 1875 1811 1917 37:
1857 1876 2094 1921 albentibus
2116 1884 2125 1923 ’.

1216 1936 1372 1992 spumis
1390 1935 1437 1976 in
1455 1935 1623 1976 modum
1643 1934 1895 1978 diadematis
1917 1937 2094 1980 sinuare
2123 1949 2125 1980 ζ

1217 1995 1352 2048 orbes,
1374 1995 1611 2050 auspicium
1626 1995 1827 2050 prosperi
1846 2002 2094 2052 transqres-
2122 1989 2126 2023 ἕ

1217 2069 1301 2096 sus.
1366 2053 1466 2095 XVI
1495 2053 1546 2096 8:
1580 2053 1779 2096 Silanum
1808 2055 2094 2114 increpuit—
2123 2046 2129 2102 J

1218 2121 1432 2168 tamquam
1453 2114 1698 2169 disponeret
1719 2115 1808 2155 iam
1827 2115 1998 2172 imperii
2015 2131 2094 2159 cu-
2121 2108 2126 2146 ’·

1217 2187 1306 2226 ras,
1330 2174 1668 2229 praeficeretque
1693 2174 1933 2218 rationibus
1965 2181 2006 2218 et
2036 2175 2094 2217 li-

1218 2234 1338 2274 bellis
1381 2239 1420 2273 et
1461 2233 1651 2288 epistulis
1691 2233 1889 2287 libertos,
1939 2236 2095 2277 inania

1216 2292 1341 2333 simul
1373 2298 1412 2332 et
1442 2291 1573 2346 salsa.
1643 2292 1809 2335 Eodem
1842 2295 2093 2337 accusativo
2129 2316 2131 2321 ν

1218 2352 1348 2392 etiam
1371 2350 1603 2392 consilium
1623 2363 1674 2393 ac
1698 2351 1796 2393 finis
1813 2353 1905 2411 (ein
1919 2353 2093 2410 Zweck)

1217 2410 1415 2452 denotari
1447 2415 1608 2464 potest,
1643 2411 1759 2466 quod
1791 2414 1828 2454 si
1862 2411 1923 2466 tit,
1957 2426 2093 2456 accu-
2126 2423 2129 2436 ¹

1216 2470 1383 2512 sativus
1443 2475 1485 2511 et
1535 2469 1805 2523 praecedere
1851 2445 2000 2526 po’test
2049 2478 2095 2516 et
2124 2470 2129 2507 ‘-

1218 2529 1442 2584 subsequi.
1506 2529 1524 2569 l
1555 2530 1610 2571 3:
1661 2529 1876 2586 Auqustus
1907 2531 2096 2575 subsidia

1217 2589 1499 2632 dominationi
1522 2588 1749 2630 Claudium
1770 2590 2096 2638 Marcellum——

1212 2649 1464 2706 pontificatu
1509 2655 1547 2690 et
1581 2647 1722 2690 curuli
1751 2650 1996 2704 aedilitate,
2033 2651 2093 2694 M.

1218 2708 1330 2763 Ayr
1313 2721 1457 2763 ippum
1481 2733 1537 2739 —
1550 2709 1778 2762 yeminatis
1810 2710 2096 2753 consulatibus
2127 2713 2131 2724 ⁴

1220 2766 1383 2810 eoetulit.
1440 2766 1521 2810 49:
1541 2769 1917 2825 truces—cupido
1933 2769 2097 2811 involat

1222 2826 1352 2869 eundi
1390 2827 1438 2867 in
1479 2826 1642 2878 hostes,
1683 2827 1905 2883 piaculum
1932 2829 2097 2885 luroris

1221 2889 1295 2942 (ut
1327 2892 1446 2928 esset
1479 2886 1701 2940 piaculum
1735 2886 1937 2946 luroris).
2001 2887 2097 2930 n.1

1219 2946 1302 2988 44:
1348 2959 1572 3000 omnesque
1605 2947 1802 3001 conquiri
1843 2954 1884 2990 et
1913 2947 2100 3002 interfici

1219 3005 1341 3046 iussit
1372 3030 1428 3036 —
1458 3006 1762 3047 munimentum
1792 3007 1851 3048 ad
1875 3020 2096 3063 praesens,

1220 3066 1266 3105 in
1286 3071 1501 3118 posterum
1530 3063 1747 3105 ultionem.
1812 3066 1891 3108 72·
1921 3072 1961 3107 et
1983 3065 2100 3108 haud

1222 3121 1344 3164 dubie
1395 3130 1642 3164 servaverat
1688 3122 1965 3194 (puellam),
2010 3137 2099 3165 non

1224 3182 1474 3235 clementia,
1519 3207 1575 3214 —
1614 3182 1689 3224 sed
1719 3183 1919 3238 effugium
1946 3183 1995 3225 in
2023 3185 2099 3240 su-

1224 3249 1377 3284 turum.

1313 3300 1478 3356 primus
1510 3300 1773 3356 aspernari.-
1815 3299 1973 3341 fortius
2015 3298 2100 3342 hoc

1230 3365 1296 3402 est
1329 3365 1372 3402 et
1395 3360 1532 3400 maius
1558 3371 1684 3414 quam
1705 3360 1752 3400 in
1770 3360 1922 3415 primis
1947 3372 2100 3415 asper-

1228 3420 1344 3461 nari.
1407 3418 1581 3460 Lentuli
1616 3418 1766 3460 laudes
1788 3417 1848 3459 IV
1868 3418 1941 3461 44.
1977 3417 2101 3460 Mili-

1231 3480 1316 3521 tiae
1331 3479 1498 3534 llayitia
1515 3478 1621 3519 dicit
1643 3478 1870 3518 commissa
1892 3475 2100 3517 adversus

1231 3538 1462 3579 militarem
1475 3537 1749 3590 disciplinam
1768 3541 1812 3576 et
1828 3534 2099 3587 modestiam,

1231 3597 1342 3638 nihil
1365 3596 1564 3650 amplius.
1599 3594 1776 3635 Provisu
1785 3591 1972 3649 periculi
1986 3593 2101 3636 idem

1233 3661 1299 3699 est
1331 3655 1447 3713 quod
1475 3655 1706 3699 evitaturus
1731 3651 1984 3712 periculum.
