<?xml version="1.0" encoding="UTF-8"?>
<!DOCTYPE html PUBLIC "-//W3C//DTD XHTML 1.0 Transitional//EN"
    "http://www.w3.org/TR/xhtml1/DTD/xhtml1-transitional.dtd">
<html xmlns="http://www.w3.org/1999/xhtml" xml:lang="en" lang="en">
 <head>
  <title>
</title>
<meta http-equiv="Content-Type" content="text/html;charset=utf-8" />
  <meta name='ocr-system' content='tesseract 3.04.00' />
  <meta name='ocr-capabilities' content='ocr_page ocr_carea ocr_par ocr_line ocrx_word'/>
</head>
<body>
  <div class='ocr_page' id='page_1' title='image "./operaadcodicesan01taciuoft_0701.png"; bbox 0 0 2280 4004; ppageno 0'>
   <div class='ocr_carea' id='block_1_1' title="bbox 254 303 2075 352">
    <p class='ocr_par' dir='ltr' id='par_1_1' title="bbox 254 303 2075 352">
     <span class='ocr_line' id='line_1_1' title="bbox 254 303 2075 352; baseline -0.002 -2"><span class='ocrx_word' id='word_1_1' title='bbox 254 319 282 350; x_wconf 85' lang='lat' dir='ltr'>a</span> <span class='ocrx_word' id='word_1_2' title='bbox 311 305 359 350; x_wconf 68' lang='lat' dir='ltr'>G.</span> <span class='ocrx_word' id='word_1_3' title='bbox 392 305 464 351; x_wconf 64' lang='lat'>62.</span> <span class='ocrx_word' id='word_1_4' title='bbox 866 303 1032 350; x_wconf 85' lang='lat' dir='ltr'>LIBER</span> <span class='ocrx_word' id='word_1_5' title='bbox 1063 304 1158 350; x_wconf 80' lang='lat' dir='ltr'>XV.</span> <span class='ocrx_word' id='word_1_6' title='bbox 1220 305 1326 352; x_wconf 73' lang='lat' dir='ltr'><strong>CAP.</strong></span> <span class='ocrx_word' id='word_1_7' title='bbox 1367 305 1553 348; x_wconf 85' lang='lat'><strong>11—13.</strong></span> <span class='ocrx_word' id='word_1_8' title='bbox 1988 304 2075 349; x_wconf 70' lang='lat'>251</span> 
     </span>
    </p>
   </div>
   <div class='ocr_carea' id='block_1_2' title="bbox 174 443 2149 2160">
    <p class='ocr_par' dir='ltr' id='par_1_2' title="bbox 174 443 2149 2160">
     <span class='ocr_line' id='line_1_2' title="bbox 256 443 2076 518; baseline -0.004 -15"><span class='ocrx_word' id='word_1_9' title='bbox 256 450 487 503; x_wconf 81' lang='lat' dir='ltr'>diversas</span> <span class='ocrx_word' id='word_1_10' title='bbox 528 448 683 518; x_wconf 88' lang='lat' dir='ltr'>fugae</span> <span class='ocrx_word' id='word_1_11' title='bbox 709 460 890 499; x_wconf 82' lang='lat' dir='ltr'><strong>causas</strong></span> <span class='ocrx_word' id='word_1_12' title='bbox 928 445 1260 497; x_wconf 81' lang='lat' dir='ltr'>obtendentes</span> <span class='ocrx_word' id='word_1_13' title='bbox 1291 444 1462 498; x_wconf 91' lang='lat' dir='ltr'>redire</span> <span class='ocrx_word' id='word_1_14' title='bbox 1497 444 1561 497; x_wconf 89' lang='lat' dir='ltr'>ad</span> <span class='ocrx_word' id='word_1_15' title='bbox 1588 443 1735 513; x_wconf 82' lang='lat' dir='ltr'>signa</span> <span class='ocrx_word' id='word_1_16' title='bbox 1774 448 1823 496; x_wconf 92' lang='lat' dir='ltr'>et</span> <span class='ocrx_word' id='word_1_17' title='bbox 1850 443 2076 496; x_wconf 88' lang='lat' dir='ltr'>clemen-</span> 
     </span>
     <span class='ocr_line' id='line_1_3' title="bbox 255 536 2074 607; baseline -0.004 -14"><span class='ocrx_word' id='word_1_18' title='bbox 255 543 375 595; x_wconf 80' lang='lat' dir='ltr'>tiam</span> <span class='ocrx_word' id='word_1_19' title='bbox 399 541 536 592; x_wconf 86' lang='lat' dir='ltr'>Paeti</span> <span class='ocrx_word' id='word_1_20' title='bbox 562 539 782 607; x_wconf 73' lang='lat' dir='ltr'>experiri</span> <span class='ocrx_word' id='word_1_21' title='bbox 821 540 1085 591; x_wconf 86' lang='lat' dir='ltr'>monebat:</span> <span class='ocrx_word' id='word_1_22' title='bbox 1125 552 1181 589; x_wconf 88' lang='lat' dir='ltr'>se</span> <span class='ocrx_word' id='word_1_23' title='bbox 1218 538 1318 589; x_wconf 90' lang='lat' dir='ltr'>nisi</span> <span class='ocrx_word' id='word_1_24' title='bbox 1356 537 1635 589; x_wconf 89' lang='lat' dir='ltr'>victoribus</span> <span class='ocrx_word' id='word_1_25' title='bbox 1671 536 1910 587; x_wconf 88' lang='lat' dir='ltr'>immitem</span> <span class='ocrx_word' id='word_1_26' title='bbox 1942 550 2074 588; x_wconf 87' lang='lat' dir='ltr'>esse.</span> 
     </span>
     <span class='ocr_line' id='line_1_4' title="bbox 257 628 2078 698; baseline -0.004 -13"><span class='ocrx_word' id='word_1_27' title='bbox 257 632 412 686; x_wconf 82' lang='lat' dir='ltr'>Simul</span> <span class='ocrx_word' id='word_1_28' title='bbox 452 647 571 684; x_wconf 86' lang='lat' dir='ltr'>suas</span> <span class='ocrx_word' id='word_1_29' title='bbox 608 630 842 698; x_wconf 83' lang='lat' dir='ltr'>legiones</span> <span class='ocrx_word' id='word_1_30' title='bbox 881 629 1023 681; x_wconf 91' lang='lat' dir='ltr'>adire</span> <span class='ocrx_word' id='word_1_31' title='bbox 1062 629 1271 693; x_wconf 91' lang='lat' dir='ltr'>hortari,</span> <span class='ocrx_word' id='word_1_32' title='bbox 1312 629 1536 695; x_wconf 84' lang='lat' dir='ltr'><strong>priorum</strong></span> <span class='ocrx_word' id='word_1_33' title='bbox 1564 628 1856 693; x_wconf 89' lang='lat' dir='ltr'>admonere,</span> <span class='ocrx_word' id='word_1_34' title='bbox 1894 641 2078 679; x_wconf 89' lang='lat' dir='ltr'>novam</span> 
     </span>
     <span class='ocr_line' id='line_1_5' title="bbox 256 718 2079 792; baseline -0.004 -15"><span class='ocrx_word' id='word_1_35' title='bbox 256 723 472 792; x_wconf 67' lang='lat' dir='ltr'>gloriam</span> <span class='ocrx_word' id='word_1_36' title='bbox 515 721 803 774; x_wconf 80' lang='lat' dir='ltr'>ostendere.</span> <span class='ocrx_word' id='word_1_37' title='bbox 877 722 991 773; x_wconf 91' lang='lat' dir='ltr'>Non</span> <span class='ocrx_word' id='word_1_38' title='bbox 1035 721 1180 772; x_wconf 90' lang='lat' dir='ltr'>vicos</span> <span class='ocrx_word' id='word_1_39' title='bbox 1228 725 1310 771; x_wconf 90' lang='lat' dir='ltr'>aut</span> <span class='ocrx_word' id='word_1_40' title='bbox 1363 719 1547 786; x_wconf 90' lang='lat' dir='ltr'>oppida</span> <span class='ocrx_word' id='word_1_41' title='bbox 1580 719 1938 771; x_wconf 83' lang='lat' dir='ltr'>Armeniorum</span> <span class='ocrx_word' id='word_1_42' title='bbox 1987 718 2079 771; x_wconf 89' lang='lat' dir='ltr'>sed</span> 
     </span>
     <span class='ocr_line' id='line_1_6' title="bbox 257 810 2118 879; baseline -0.002 -13"><span class='ocrx_word' id='word_1_43' title='bbox 257 820 424 866; x_wconf 82' lang='lat' dir='ltr'>castra</span> <span class='ocrx_word' id='word_1_44' title='bbox 463 815 687 867; x_wconf 89' lang='lat' dir='ltr'>Romana</span> <span class='ocrx_word' id='word_1_45' title='bbox 729 813 954 879; x_wconf 90' lang='lat' dir='ltr'>duasque</span> <span class='ocrx_word' id='word_1_46' title='bbox 1001 812 1052 862; x_wconf 90' lang='lat' dir='ltr'>in</span> <span class='ocrx_word' id='word_1_47' title='bbox 1099 812 1162 863; x_wconf 92' lang='lat' dir='ltr'>iis</span> <span class='ocrx_word' id='word_1_48' title='bbox 1207 811 1442 879; x_wconf 83' lang='lat' dir='ltr'>legiones</span> <span class='ocrx_word' id='word_1_49' title='bbox 1483 811 1699 877; x_wconf 90' lang='lat' dir='ltr'>pretium</span> <span class='ocrx_word' id='word_1_50' title='bbox 1732 810 1924 863; x_wconf 87' lang='lat' dir='ltr'>laboris</span> <span class='ocrx_word' id='word_1_51' title='bbox 1963 810 2118 877; x_wconf 57' lang='lat' dir='ltr'>petis</span> 
     </span>
     <span class='ocr_line' id='line_1_7' title="bbox 256 901 2079 974; baseline -0.001 -17"><span class='ocrx_word' id='word_1_52' title='bbox 256 906 308 958; x_wconf 91' lang='lat' dir='ltr'>Si</span> <span class='ocrx_word' id='word_1_53' title='bbox 344 905 560 974; x_wconf 88' lang='lat' dir='ltr'>singulis</span> <span class='ocrx_word' id='word_1_54' title='bbox 605 904 997 971; x_wconf 82' lang='lat' dir='ltr'>manipularibus</span> <span class='ocrx_word' id='word_1_55' title='bbox 1035 903 1309 970; x_wconf 88' lang='lat' dir='ltr'>praecipua</span> <span class='ocrx_word' id='word_1_56' title='bbox 1358 902 1547 954; x_wconf 84' lang='lat' dir='ltr'>servati</span> <span class='ocrx_word' id='word_1_57' title='bbox 1586 902 1712 953; x_wconf 90' lang='lat' dir='ltr'>civis</span> <span class='ocrx_word' id='word_1_58' title='bbox 1753 916 1944 954; x_wconf 86' lang='lat' dir='ltr'>corona</span> <span class='ocrx_word' id='word_1_59' title='bbox 1982 901 2079 955; x_wconf 86' lang='lat' dir='ltr'>im-</span> 
     </span>
     <span class='ocr_line' id='line_1_8' title="bbox 254 992 2078 1066; baseline -0.003 -17"><span class='ocrx_word' id='word_1_60' title='bbox 254 995 509 1066; x_wconf 80' lang='lat' dir='ltr'>peratoria</span> <span class='ocrx_word' id='word_1_61' title='bbox 559 1011 709 1049; x_wconf 90' lang='lat' dir='ltr'>manu</span> <span class='ocrx_word' id='word_1_62' title='bbox 756 995 1091 1060; x_wconf 72' lang='lat' dir='ltr'>tribtleretur,</span> <span class='ocrx_word' id='word_1_63' title='bbox 1159 994 1294 1062; x_wconf 87' lang='lat' dir='ltr'>quod</span> <span class='ocrx_word' id='word_1_64' title='bbox 1333 993 1455 1047; x_wconf 91' lang='lat' dir='ltr'>illud</span> <span class='ocrx_word' id='word_1_65' title='bbox 1509 999 1559 1045; x_wconf 92' lang='lat' dir='ltr'>et</span> <span class='ocrx_word' id='word_1_66' title='bbox 1610 998 1844 1059; x_wconf 89' lang='lat' dir='ltr'>quantum</span> <span class='ocrx_word' id='word_1_67' title='bbox 1903 992 2078 1058; x_wconf 77' lang='lat' dir='ltr'>decuS,</span> 
     </span>
     <span class='ocr_line' id='line_1_9' title="bbox 254 1084 2082 1154; baseline -0.002 -15"><span class='ocrx_word' id='word_1_68' title='bbox 254 1089 341 1141; x_wconf 85' lang='lat' dir='ltr'>ubi</span> <span class='ocrx_word' id='word_1_69' title='bbox 378 1103 471 1154; x_wconf 84' lang='lat' dir='ltr'>par</span> <span class='ocrx_word' id='word_1_70' title='bbox 505 1102 679 1139; x_wconf 89' lang='lat' dir='ltr'>eorum</span> <span class='ocrx_word' id='word_1_71' title='bbox 717 1101 984 1151; x_wconf 89' lang='lat' dir='ltr'>numerus,</span> <span class='ocrx_word' id='word_1_72' title='bbox 1028 1086 1111 1152; x_wconf 91' lang='lat' dir='ltr'>qui</span> <span class='ocrx_word' id='word_1_73' title='bbox 1151 1085 1434 1137; x_wconf 75' lang='lat' dir='ltr'>attulissent</span> <span class='ocrx_word' id='word_1_74' title='bbox 1471 1084 1681 1136; x_wconf 88' lang='lat' dir='ltr'>salutem</span> <span class='ocrx_word' id='word_1_75' title='bbox 1720 1089 1769 1135; x_wconf 90' lang='lat' dir='ltr'>et</span> <span class='ocrx_word' id='word_1_76' title='bbox 1806 1085 1890 1150; x_wconf 88' lang='lat' dir='ltr'>qui</span> <span class='ocrx_word' id='word_1_77' title='bbox 1927 1100 2082 1136; x_wconf 88' lang='lat' dir='ltr'>accc-</span> 
     </span>
     <span class='ocr_line' id='line_1_10' title="bbox 254 1175 2083 1246; baseline 0 -18"><span class='ocrx_word' id='word_1_78' title='bbox 254 1178 474 1246; x_wconf 85' lang='lat' dir='ltr'>pissent!</span> <span class='ocrx_word' id='word_1_79' title='bbox 545 1178 634 1229; x_wconf 94' lang='lat' dir='ltr'>His</span> <span class='ocrx_word' id='word_1_80' title='bbox 682 1183 831 1243; x_wconf 89' lang='lat' dir='ltr'>atque</span> <span class='ocrx_word' id='word_1_81' title='bbox 886 1176 1068 1227; x_wconf 89' lang='lat' dir='ltr'>talibus</span> <span class='ocrx_word' id='word_1_82' title='bbox 1126 1176 1178 1225; x_wconf 94' lang='lat' dir='ltr'>in</span> <span class='ocrx_word' id='word_1_83' title='bbox 1232 1190 1497 1228; x_wconf 90' lang='lat' dir='ltr'>commune</span> <span class='ocrx_word' id='word_1_84' title='bbox 1556 1175 1752 1227; x_wconf 81' lang='lat' dir='ltr'>alacres</span> <span class='ocrx_word' id='word_1_85' title='bbox 1808 1179 1887 1237; x_wconf 85' lang='lat' dir='ltr'>(et</span> <span class='ocrx_word' id='word_1_86' title='bbox 1937 1179 2083 1228; x_wconf 85' lang='lat' dir='ltr'>erant</span> 
     </span>
     <span class='ocr_line' id='line_1_11' title="bbox 257 1265 2140 1337; baseline -0.004 -18"><span class='ocrx_word' id='word_1_87' title='bbox 257 1284 383 1337; x_wconf 85' lang='lat' dir='ltr'>quos</span> <span class='ocrx_word' id='word_1_88' title='bbox 424 1268 647 1335; x_wconf 88' lang='lat' dir='ltr'>pericula</span> <span class='ocrx_word' id='word_1_89' title='bbox 686 1268 896 1319; x_wconf 87' lang='lat' dir='ltr'>fratrum</span> <span class='ocrx_word' id='word_1_90' title='bbox 936 1272 1020 1318; x_wconf 87' lang='lat' dir='ltr'>aut</span> <span class='ocrx_word' id='word_1_91' title='bbox 1060 1266 1455 1332; x_wconf 90' lang='lat' dir='ltr'>propinquorum</span> <span class='ocrx_word' id='word_1_92' title='bbox 1494 1266 1714 1332; x_wconf 91' lang='lat' dir='ltr'>propriis</span> <span class='ocrx_word' id='word_1_93' title='bbox 1750 1265 1963 1317; x_wconf 88' lang='lat' dir='ltr'>stimulis</span> <span class='ocrx_word' id='word_1_94' title='bbox 1999 1266 2140 1316; x_wconf 79' lang='lat' dir='ltr'>in-io</span> 
     </span>
     <span class='ocr_line' id='line_1_12' title="bbox 174 1357 2081 1425; baseline -0.001 -15"><span class='ocrx_word' id='word_1_95' title='bbox 174 1363 241 1412; x_wconf 84' lang='lat'>13</span> <span class='ocrx_word' id='word_1_96' title='bbox 259 1360 561 1424; x_wconf 84' lang='lat' dir='ltr'>cenderent)</span> <span class='ocrx_word' id='word_1_97' title='bbox 601 1359 890 1410; x_wconf 88' lang='lat' dir='ltr'>continuum</span> <span class='ocrx_word' id='word_1_98' title='bbox 929 1358 1014 1409; x_wconf 93' lang='lat' dir='ltr'>diu</span> <span class='ocrx_word' id='word_1_99' title='bbox 1048 1362 1302 1425; x_wconf 89' lang='lat' dir='ltr'>noctuque</span> <span class='ocrx_word' id='word_1_100' title='bbox 1341 1357 1439 1409; x_wconf 87' lang='lat' dir='ltr'>iter</span> <span class='ocrx_word' id='word_1_101' title='bbox 1477 1357 1830 1423; x_wconf 86' lang='lat' dir='ltr'>properabant.</span> <span class='ocrx_word' id='word_1_102' title='bbox 1902 1357 2081 1423; x_wconf 71' lang='lat' dir='ltr'>vquue</span> 
     </span>
     <span class='ocr_line' id='line_1_13' title="bbox 257 1448 2081 1519; baseline -0.002 -16"><span class='ocrx_word' id='word_1_103' title='bbox 257 1452 496 1504; x_wconf 85' lang='lat' dir='ltr'>intentius</span> <span class='ocrx_word' id='word_1_104' title='bbox 524 1451 809 1519; x_wconf 83' lang='lat' dir='ltr'>Vologeses</span> <span class='ocrx_word' id='word_1_105' title='bbox 837 1466 1069 1517; x_wconf 87' lang='lat' dir='ltr'>premere</span> <span class='ocrx_word' id='word_1_106' title='bbox 1105 1450 1365 1515; x_wconf 90' lang='lat' dir='ltr'>obsessos,</span> <span class='ocrx_word' id='word_1_107' title='bbox 1397 1448 1550 1500; x_wconf 90' lang='lat' dir='ltr'>modo</span> <span class='ocrx_word' id='word_1_108' title='bbox 1588 1448 1772 1500; x_wconf 90' lang='lat' dir='ltr'>vallum</span> <span class='ocrx_word' id='word_1_109' title='bbox 1805 1448 2081 1516; x_wconf 87' lang='lat' dir='ltr'>legionum,</span> 
     </span>
     <span class='ocr_line' id='line_1_14' title="bbox 256 1540 2082 1609; baseline -0.003 -13"><span class='ocrx_word' id='word_1_110' title='bbox 256 1544 408 1597; x_wconf 91' lang='lat' dir='ltr'>modo</span> <span class='ocrx_word' id='word_1_111' title='bbox 451 1543 727 1608; x_wconf 90' lang='lat' dir='ltr'>castellum,</span> <span class='ocrx_word' id='word_1_112' title='bbox 774 1557 872 1609; x_wconf 87' lang='lat' dir='ltr'>quo</span> <span class='ocrx_word' id='word_1_113' title='bbox 911 1542 1129 1595; x_wconf 89' lang='lat' dir='ltr'>imbellis</span> <span class='ocrx_word' id='word_1_114' title='bbox 1169 1546 1308 1593; x_wconf 89' lang='lat' dir='ltr'>aetas</span> <span class='ocrx_word' id='word_1_115' title='bbox 1347 1540 1731 1607; x_wconf 77' lang='lat' dir='ltr'>defendebatur,</span> <span class='ocrx_word' id='word_1_116' title='bbox 1772 1540 2082 1607; x_wconf 85' lang='lat' dir='ltr'>adpugnare,</span> 
     </span>
     <span class='ocr_line' id='line_1_15' title="bbox 255 1631 2085 1702; baseline -0.003 -15"><span class='ocrx_word' id='word_1_117' title='bbox 255 1635 463 1702; x_wconf 89' lang='lat' dir='ltr'>propius</span> <span class='ocrx_word' id='word_1_118' title='bbox 502 1634 747 1686; x_wconf 91' lang='lat' dir='ltr'>incedens</span> <span class='ocrx_word' id='word_1_119' title='bbox 787 1648 935 1700; x_wconf 88' lang='lat' dir='ltr'>quam</span> <span class='ocrx_word' id='word_1_120' title='bbox 974 1648 1085 1685; x_wconf 93' lang='lat' dir='ltr'>mos</span> <span class='ocrx_word' id='word_1_121' title='bbox 1121 1632 1344 1697; x_wconf 86' lang='lat' dir='ltr'>Parthis,</span> <span class='ocrx_word' id='word_1_122' title='bbox 1387 1632 1431 1685; x_wconf 90' lang='lat' dir='ltr'>si</span> <span class='ocrx_word' id='word_1_123' title='bbox 1471 1648 1530 1684; x_wconf 88' lang='lat' dir='ltr'>ea</span> <span class='ocrx_word' id='word_1_124' title='bbox 1572 1631 1852 1685; x_wconf 83' lang='lat' dir='ltr'>temeritate</span> <span class='ocrx_word' id='word_1_125' title='bbox 1889 1631 2085 1683; x_wconf 89' lang='lat' dir='ltr'>hostem</span> 
     </span>
     <span class='ocr_line' id='line_1_16' title="bbox 255 1722 2149 1793; baseline -0.003 -14"><span class='ocrx_word' id='word_1_126' title='bbox 255 1728 308 1779; x_wconf 87' lang='lat' dir='ltr'>in</span> <span class='ocrx_word' id='word_1_127' title='bbox 347 1725 595 1793; x_wconf 90' lang='lat' dir='ltr'>proelium</span> <span class='ocrx_word' id='word_1_128' title='bbox 633 1725 857 1777; x_wconf 88' lang='lat' dir='ltr'>eliceret.</span> <span class='ocrx_word' id='word_1_129' title='bbox 930 1723 998 1777; x_wconf 86' lang='lat' dir='ltr'>At</span> <span class='ocrx_word' id='word_1_130' title='bbox 1045 1724 1116 1775; x_wconf 89' lang='lat' dir='ltr'>illi</span> <span class='ocrx_word' id='word_1_131' title='bbox 1161 1725 1249 1776; x_wconf 82' lang='lat' dir='ltr'>vix</span> <span class='ocrx_word' id='word_1_132' title='bbox 1290 1723 1635 1776; x_wconf 85' lang='lat' dir='ltr'>contuberniis</span> <span class='ocrx_word' id='word_1_133' title='bbox 1686 1722 1926 1788; x_wconf 83' lang='lat' dir='ltr'>extracti,</span> <span class='ocrx_word' id='word_1_134' title='bbox 1988 1738 2149 1781; x_wconf 75' lang='lat' dir='ltr'>nec15</span> 
     </span>
     <span class='ocr_line' id='line_1_17' title="bbox 257 1814 2084 1885; baseline -0.003 -15"><span class='ocrx_word' id='word_1_135' title='bbox 257 1817 392 1870; x_wconf 88' lang='lat' dir='ltr'>aliud</span> <span class='ocrx_word' id='word_1_136' title='bbox 431 1832 579 1885; x_wconf 88' lang='lat' dir='ltr'>quam</span> <span class='ocrx_word' id='word_1_137' title='bbox 613 1816 919 1870; x_wconf 89' lang='lat' dir='ltr'>munimenta</span> <span class='ocrx_word' id='word_1_138' title='bbox 955 1816 1373 1884; x_wconf 85' lang='lat' dir='ltr'>propugnabant,</span> <span class='ocrx_word' id='word_1_139' title='bbox 1438 1830 1557 1882; x_wconf 90' lang='lat' dir='ltr'>pars</span> <span class='ocrx_word' id='word_1_140' title='bbox 1609 1815 1751 1867; x_wconf 91' lang='lat' dir='ltr'>iussu</span> <span class='ocrx_word' id='word_1_141' title='bbox 1800 1814 1972 1880; x_wconf 81' lang='lat' dir='ltr'>duciS,</span> <span class='ocrx_word' id='word_1_142' title='bbox 2034 1818 2084 1865; x_wconf 87' lang='lat' dir='ltr'>et</span> 
     </span>
     <span class='ocr_line' id='line_1_18' title="bbox 257 1905 2084 1981; baseline -0.001 -20"><span class='ocrx_word' id='word_1_143' title='bbox 257 1909 342 1962; x_wconf 89' lang='lat' dir='ltr'>alii</span> <span class='ocrx_word' id='word_1_144' title='bbox 377 1909 583 1976; x_wconf 86' lang='lat' dir='ltr'>prop-ria</span> <span class='ocrx_word' id='word_1_145' title='bbox 631 1909 868 1981; x_wconf 89' lang='lat' dir='ltr'>ignavia,</span> <span class='ocrx_word' id='word_1_146' title='bbox 922 1914 976 1961; x_wconf 92' lang='lat' dir='ltr'>ut</span> <span class='ocrx_word' id='word_1_147' title='bbox 1025 1908 1365 1962; x_wconf 88' lang='lat' dir='ltr'>Corbulonem</span> <span class='ocrx_word' id='word_1_148' title='bbox 1414 1907 1768 1978; x_wconf 81' lang='lat' dir='ltr'>opperientes,</span> <span class='ocrx_word' id='word_1_149' title='bbox 1823 1922 1884 1961; x_wconf 81' lang='lat' dir='ltr'>ao</span> <span class='ocrx_word' id='word_1_150' title='bbox 1922 1906 2001 1960; x_wconf 85' lang='lat' dir='ltr'>vis</span> <span class='ocrx_word' id='word_1_151' title='bbox 2040 1905 2084 1960; x_wconf 89' lang='lat' dir='ltr'>si</span> 
     </span>
     <span class='ocr_line' id='line_1_19' title="bbox 255 1999 2084 2069; baseline 0.002 -18"><span class='ocrx_word' id='word_1_152' title='bbox 255 2001 547 2068; x_wconf 86' lang='lat' dir='ltr'>ingrueret,</span> <span class='ocrx_word' id='word_1_153' title='bbox 622 2001 845 2067; x_wconf 90' lang='lat' dir='ltr'>provisis</span> <span class='ocrx_word' id='word_1_154' title='bbox 902 2001 1145 2068; x_wconf 87' lang='lat' dir='ltr'>exemplis</span> <span class='ocrx_word' id='word_1_155' title='bbox 1197 2000 1374 2053; x_wconf 90' lang='lat' dir='ltr'>Caudii</span> <span class='ocrx_word' id='word_1_156' title='bbox 1432 1999 1862 2069; x_wconf 80' lang='lat' dir='ltr'>Numantiaequ03</span> <span class='ocrx_word' id='word_1_157' title='bbox 1919 2012 2084 2068; x_wconf 80' lang='lat' dir='ltr'>nequo.</span> 
     </span>
     <span class='ocr_line' id='line_1_20' title="bbox 257 2089 2086 2160; baseline -0.001 -15"><span class='ocrx_word' id='word_1_158' title='bbox 257 2092 471 2145; x_wconf 86' lang='lat' dir='ltr'>eandem</span> <span class='ocrx_word' id='word_1_159' title='bbox 523 2092 627 2145; x_wconf 87' lang='lat' dir='ltr'>vim</span> <span class='ocrx_word' id='word_1_160' title='bbox 675 2091 978 2146; x_wconf 88' lang='lat' dir='ltr'>Samnitibus</span> <span class='ocrx_word' id='word_1_161' title='bbox 1042 2097 1126 2145; x_wconf 89' lang='lat' dir='ltr'>aut</span> <span class='ocrx_word' id='word_1_162' title='bbox 1170 2091 1443 2159; x_wconf 88' lang='lat' dir='ltr'>Hispanis,</span> <span class='ocrx_word' id='word_1_163' title='bbox 1501 2095 1556 2144; x_wconf 88' lang='lat' dir='ltr'>ut</span> <span class='ocrx_word' id='word_1_164' title='bbox 1611 2090 1824 2144; x_wconf 88' lang='lat' dir='ltr'>Romani</span> <span class='ocrx_word' id='word_1_165' title='bbox 1887 2089 2086 2160; x_wconf 84' lang='lat' dir='ltr'>imperii</span> 
     </span>
    </p>
   </div>
   <div class='ocr_carea' id='block_1_3' title="bbox 254 2253 2088 2791">
    <p class='ocr_par' dir='ltr' id='par_1_3' title="bbox 254 2253 2088 2791">
     <span class='ocr_line' id='line_1_21' title="bbox 374 2253 1067 2312; baseline 0.001 -16"><span class='ocrx_word' id='word_1_166' title='bbox 374 2254 413 2296; x_wconf 91' lang='lat'>1.</span> <span class='ocrx_word' id='word_1_167' title='bbox 445 2256 546 2310; x_wconf 74' lang='lat' dir='ltr'>fuqe</span> <span class='ocrx_word' id='word_1_168' title='bbox 575 2253 656 2296; x_wconf 69' lang='lat' dir='ltr'>Ma.</span> <span class='ocrx_word' id='word_1_169' title='bbox 749 2254 790 2297; x_wconf 89' lang='lat'>5.</span> <span class='ocrx_word' id='word_1_170' title='bbox 825 2253 966 2312; x_wconf 55' lang='lat' dir='ltr'>fitium</span> <span class='ocrx_word' id='word_1_171' title='bbox 987 2253 1067 2297; x_wconf 72' lang='lat' dir='ltr'>Ma.</span> 
     </span>
     <span class='ocr_line' id='line_1_22' title="bbox 254 2315 1144 2371; baseline 0.002 -16"><span class='ocrx_word' id='word_1_172' title='bbox 254 2320 460 2367; x_wconf 79' lang='lat' dir='ltr'>sceretur,</span> <span class='ocrx_word' id='word_1_173' title='bbox 496 2315 633 2357; x_wconf 84' lang='lat' dir='ltr'>ceteri</span> <span class='ocrx_word' id='word_1_174' title='bbox 667 2326 783 2356; x_wconf 88' lang='lat' dir='ltr'>num.</span> <span class='ocrx_word' id='word_1_175' title='bbox 818 2315 1144 2371; x_wconf 77' lang='lat' dir='ltr'>adipisceretur.</span> 
     </span>
     <span class='ocr_line' id='line_1_23' title="bbox 257 2371 2084 2432; baseline 0.001 -16"><span class='ocrx_word' id='word_1_176' title='bbox 257 2372 547 2417; x_wconf 79' lang='lat' dir='ltr'>Oxonienses.</span> <span class='ocrx_word' id='word_1_177' title='bbox 673 2375 741 2417; x_wconf 82' lang='lat'>12.</span> <span class='ocrx_word' id='word_1_178' title='bbox 795 2374 945 2432; x_wconf 61' lang='lat' dir='ltr'>sumere</span> <span class='ocrx_word' id='word_1_179' title='bbox 976 2373 1057 2417; x_wconf 74' lang='lat' dir='ltr'>Ma.</span> <span class='ocrx_word' id='word_1_180' title='bbox 1182 2375 1250 2418; x_wconf 90' lang='grc'>13.</span> <span class='ocrx_word' id='word_1_181' title='bbox 1293 2375 1340 2415; x_wconf 90' lang='lat' dir='ltr'>in</span> <span class='ocrx_word' id='word_1_182' title='bbox 1377 2373 1496 2416; x_wconf 83' lang='lat' dir='ltr'>bellis</span> <span class='ocrx_word' id='word_1_183' title='bbox 1524 2371 1606 2415; x_wconf 73' lang='lat' dir='ltr'>Ma.</span> <span class='ocrx_word' id='word_1_184' title='bbox 1739 2375 1805 2418; x_wconf 85' lang='lat'>15.</span> <span class='ocrx_word' id='word_1_185' title='bbox 1835 2374 1976 2430; x_wconf 78' lang='lat' dir='ltr'>prael.</span> <span class='ocrx_word' id='word_1_186' title='bbox 2013 2374 2084 2417; x_wconf 82' lang='lat' dir='ltr'>Or.</span> 
     </span>
     <span class='ocr_line' id='line_1_24' title="bbox 260 2431 2086 2486; baseline 0 -10"><span class='ocrx_word' id='word_1_187' title='bbox 260 2433 326 2477; x_wconf 90' lang='lat'>17.</span> <span class='ocrx_word' id='word_1_188' title='bbox 358 2440 405 2474; x_wconf 83' lang='lat' dir='ltr'>ut</span> <span class='ocrx_word' id='word_1_189' title='bbox 435 2433 693 2476; x_wconf 85' lang='lat' dir='ltr'>Rhenanus:</span> <span class='ocrx_word' id='word_1_190' title='bbox 724 2431 792 2474; x_wconf 69' lang='lat' dir='ltr'>Ma</span> <span class='ocrx_word' id='word_1_191' title='bbox 824 2442 913 2486; x_wconf 83' lang='lat' dir='ltr'>aut,</span> <span class='ocrx_word' id='word_1_192' title='bbox 948 2434 981 2476; x_wconf 88' lang='lat' dir='ltr'>G</span> <span class='ocrx_word' id='word_1_193' title='bbox 1014 2440 1057 2476; x_wconf 89' lang='lat' dir='ltr'>et</span> <span class='ocrx_word' id='word_1_194' title='bbox 1090 2433 1363 2476; x_wconf 86' lang='lat' dir='ltr'>Oxonienses</span> <span class='ocrx_word' id='word_1_195' title='bbox 1395 2439 1470 2475; x_wconf 84' lang='lat' dir='ltr'>aut</span> <span class='ocrx_word' id='word_1_196' title='bbox 1497 2440 1620 2475; x_wconf 89' lang='lat' dir='ltr'>metu.</span> <span class='ocrx_word' id='word_1_197' title='bbox 1713 2447 1767 2475; x_wconf 88' lang='lat' dir='ltr'>ac</span> <span class='ocrx_word' id='word_1_198' title='bbox 1798 2435 1860 2477; x_wconf 83' lang='lat' dir='ltr'>vis</span> <span class='ocrx_word' id='word_1_199' title='bbox 1891 2435 1929 2476; x_wconf 86' lang='lat' dir='ltr'>si</span> <span class='ocrx_word' id='word_1_200' title='bbox 1960 2433 2086 2476; x_wconf 88' lang='lat' dir='ltr'>Wal-</span> 
     </span>
     <span class='ocr_line' id='line_1_25' title="bbox 255 2490 2088 2548; baseline 0.002 -16"><span class='ocrx_word' id='word_1_201' title='bbox 255 2491 434 2534; x_wconf 85' lang='lat' dir='ltr'>therus:</span> <span class='ocrx_word' id='word_1_202' title='bbox 468 2507 522 2535; x_wconf 86' lang='lat' dir='ltr'>ac</span> <span class='ocrx_word' id='word_1_203' title='bbox 551 2493 615 2535; x_wconf 81' lang='lat' dir='ltr'>vis</span> <span class='ocrx_word' id='word_1_204' title='bbox 632 2490 711 2545; x_wconf 71' lang='lat' dir='ltr'>Ma,</span> <span class='ocrx_word' id='word_1_205' title='bbox 745 2507 799 2536; x_wconf 89' lang='lat' dir='ltr'>ac</span> <span class='ocrx_word' id='word_1_206' title='bbox 823 2495 860 2536; x_wconf 87' lang='lat' dir='ltr'>si</span> <span class='ocrx_word' id='word_1_207' title='bbox 880 2495 941 2536; x_wconf 80' lang='lat' dir='ltr'>vis</span> <span class='ocrx_word' id='word_1_208' title='bbox 961 2494 1008 2536; x_wconf 83' lang='lat' dir='ltr'>G.</span> <span class='ocrx_word' id='word_1_209' title='bbox 1073 2494 1144 2537; x_wconf 87' lang='lat'>18.</span> <span class='ocrx_word' id='word_1_210' title='bbox 1169 2494 1326 2536; x_wconf 87' lang='lat' dir='ltr'>Caudii</span> <span class='ocrx_word' id='word_1_211' title='bbox 1349 2493 1719 2548; x_wconf 82' lang='lat' dir='ltr'>Numantiaeque‚·</span> <span class='ocrx_word' id='word_1_212' title='bbox 1752 2506 1887 2548; x_wconf 84' lang='lat' dir='ltr'>neque</span> <span class='ocrx_word' id='word_1_213' title='bbox 1909 2493 2088 2537; x_wconf 85' lang='lat' dir='ltr'>eandem</span> 
     </span>
     <span class='ocr_line' id='line_1_26' title="bbox 257 2550 2088 2611; baseline 0.001 -17"><span class='ocrx_word' id='word_1_214' title='bbox 257 2550 420 2594; x_wconf 85' lang='lat' dir='ltr'>editor:</span> <span class='ocrx_word' id='word_1_215' title='bbox 454 2550 521 2594; x_wconf 72' lang='lat' dir='ltr'>Ma</span> <span class='ocrx_word' id='word_1_216' title='bbox 551 2552 703 2595; x_wconf 79' lang='lat' dir='ltr'>caudie</span> <span class='ocrx_word' id='word_1_217' title='bbox 732 2567 890 2596; x_wconf 88' lang='lat' dir='ltr'>nenum</span> <span class='ocrx_word' id='word_1_218' title='bbox 922 2554 1151 2608; x_wconf 82' lang='lat' dir='ltr'>antineque</span> <span class='ocrx_word' id='word_1_219' title='bbox 1184 2554 1362 2596; x_wconf 88' lang='lat' dir='ltr'>eandem</span> <span class='ocrx_word' id='word_1_220' title='bbox 1404 2557 1511 2611; x_wconf 89' lang='lat' dir='ltr'>(non</span> <span class='ocrx_word' id='word_1_221' title='bbox 1543 2553 1725 2595; x_wconf 73' lang='lat' dir='ltr'>caudina</span> <span class='ocrx_word' id='word_1_222' title='bbox 1757 2554 2088 2608; x_wconf 82' lang='lat' dir='ltr'>numantineque</span> 
     </span>
     <span class='ocr_line' id='line_1_27' title="bbox 256 2611 2086 2669; baseline 0.001 -17"><span class='ocrx_word' id='word_1_223' title='bbox 256 2611 480 2666; x_wconf 84' lang='lat' dir='ltr'>eandem),</span> <span class='ocrx_word' id='word_1_224' title='bbox 530 2611 564 2654; x_wconf 90' lang='lat' dir='ltr'>G</span> <span class='ocrx_word' id='word_1_225' title='bbox 597 2612 822 2656; x_wconf 75' lang='lat' dir='ltr'>Caudinae</span> <span class='ocrx_word' id='word_1_226' title='bbox 867 2627 921 2655; x_wconf 90' lang='lat' dir='ltr'>ac</span> <span class='ocrx_word' id='word_1_227' title='bbox 954 2614 1249 2657; x_wconf 79' lang='lat' dir='ltr'>Numantinae</span> <span class='ocrx_word' id='word_1_228' title='bbox 1281 2613 1432 2656; x_wconf 82' lang='lat' dir='ltr'>cladis.</span> <span class='ocrx_word' id='word_1_229' title='bbox 1485 2625 1619 2669; x_wconf 83' lang='lat' dir='ltr'>neque</span> <span class='ocrx_word' id='word_1_230' title='bbox 1653 2613 1854 2666; x_wconf 86' lang='lat' dir='ltr'>eandem,</span> <span class='ocrx_word' id='word_1_231' title='bbox 1893 2613 1932 2656; x_wconf 89' lang='lat' dir='ltr'>A</span> <span class='ocrx_word' id='word_1_232' title='bbox 1966 2612 2086 2654; x_wconf 88' lang='lat' dir='ltr'>Cau-</span> 
     </span>
     <span class='ocr_line' id='line_1_28' title="bbox 256 2670 2088 2732; baseline 0.001 -20"><span class='ocrx_word' id='word_1_233' title='bbox 256 2670 385 2712; x_wconf 81' lang='lat' dir='ltr'>dinae</span> <span class='ocrx_word' id='word_1_234' title='bbox 417 2671 789 2729; x_wconf 79' lang='lat' dir='ltr'>Numantinaeque</span> <span class='ocrx_word' id='word_1_235' title='bbox 821 2673 1061 2716; x_wconf 82' lang='lat' dir='ltr'>deditionis.</span> <span class='ocrx_word' id='word_1_236' title='bbox 1159 2674 1226 2717; x_wconf 90' lang='lat'>19.</span> <span class='ocrx_word' id='word_1_237' title='bbox 1259 2672 1526 2716; x_wconf 84' lang='lat' dir='ltr'>Samnitibus.</span> <span class='ocrx_word' id='word_1_238' title='bbox 1552 2679 1627 2718; x_wconf 85' lang='lat' dir='ltr'>aut</span> <span class='ocrx_word' id='word_1_239' title='bbox 1657 2673 1876 2732; x_wconf 80' lang='lat' dir='ltr'>Hispanis,</span> <span class='ocrx_word' id='word_1_240' title='bbox 1912 2678 1958 2718; x_wconf 81' lang='lat' dir='ltr'>ut</span> <span class='ocrx_word' id='word_1_241' title='bbox 1992 2671 2088 2714; x_wconf 84' lang='lat' dir='ltr'>edi-</span> 
     </span>
     <span class='ocr_line' id='line_1_29' title="bbox 254 2729 1412 2791; baseline 0.004 -19"><span class='ocrx_word' id='word_1_242' title='bbox 254 2735 344 2773; x_wconf 84' lang='lat' dir='ltr'>tor:</span> <span class='ocrx_word' id='word_1_243' title='bbox 376 2729 443 2773; x_wconf 83' lang='lat' dir='ltr'>Ma</span> <span class='ocrx_word' id='word_1_244' title='bbox 473 2732 736 2775; x_wconf 86' lang='lat' dir='ltr'>Samnitibus</span> <span class='ocrx_word' id='word_1_245' title='bbox 768 2731 921 2776; x_wconf 84' lang='lat' dir='ltr'>Italico</span> <span class='ocrx_word' id='word_1_246' title='bbox 951 2734 1108 2791; x_wconf 82' lang='lat' dir='ltr'>populo</span> <span class='ocrx_word' id='word_1_247' title='bbox 1141 2740 1216 2777; x_wconf 87' lang='lat' dir='ltr'>aut</span> <span class='ocrx_word' id='word_1_248' title='bbox 1242 2734 1412 2791; x_wconf 81' lang='lat' dir='ltr'>paenis.</span> 
     </span>
    </p>
   </div>
   <div class='ocr_carea' id='block_1_4' title="bbox 1155 2251 2088 2358">
    <p class='ocr_par' dir='ltr' id='par_1_4' title="bbox 1155 2251 2088 2358">
     <span class='ocr_line' id='line_1_30' title="bbox 1155 2251 2086 2312; baseline -0.003 -13"><span class='ocrx_word' id='word_1_249' title='bbox 1155 2255 1198 2299; x_wconf 89' lang='grc'>8.</span> <span class='ocrx_word' id='word_1_250' title='bbox 1235 2267 1437 2297; x_wconf 85' lang='lat' dir='ltr'>numerus</span> <span class='ocrx_word' id='word_1_251' title='bbox 1469 2253 1632 2297; x_wconf 84' lang='lat' dir='ltr'>editor:</span> <span class='ocrx_word' id='word_1_252' title='bbox 1660 2251 1727 2297; x_wconf 85' lang='lat' dir='ltr'>Ma</span> <span class='ocrx_word' id='word_1_253' title='bbox 1757 2267 1957 2297; x_wconf 83' lang='lat' dir='ltr'>numerus</span> <span class='ocrx_word' id='word_1_254' title='bbox 1986 2255 2086 2312; x_wconf 81' lang='lat' dir='ltr'>api-</span> 
     </span>
     <span class='ocr_line' id='line_1_31' title="bbox 1239 2312 2088 2358; baseline 0 -2"><span class='ocrx_word' id='word_1_255' title='bbox 1239 2314 1326 2357; x_wconf 83' lang='lat' dir='ltr'>adt.</span> <span class='ocrx_word' id='word_1_256' title='bbox 1359 2312 1442 2356; x_wconf 71' lang='lat' dir='ltr'>Ma.</span> <span class='ocrx_word' id='word_1_257' title='bbox 1539 2315 1607 2356; x_wconf 93' lang='grc'>11.</span> <span class='ocrx_word' id='word_1_258' title='bbox 1643 2314 1715 2357; x_wconf 84' lang='lat' dir='ltr'>diu</span> <span class='ocrx_word' id='word_1_259' title='bbox 1747 2312 1837 2356; x_wconf 68' lang='lat' dir='ltr'>Ma:</span> <span class='ocrx_word' id='word_1_260' title='bbox 1880 2315 1947 2356; x_wconf 83' lang='lat' dir='ltr'>die</span> <span class='ocrx_word' id='word_1_261' title='bbox 1979 2314 2013 2358; x_wconf 88' lang='lat' dir='ltr'>G</span> <span class='ocrx_word' id='word_1_262' title='bbox 2045 2320 2088 2357; x_wconf 83' lang='lat' dir='ltr'>et</span> 
     </span>
    </p>
   </div>
   <div class='ocr_carea' id='block_1_5' title="bbox 1210 2862 2088 2977">
    <p class='ocr_par' dir='ltr' id='par_1_5' title="bbox 1210 2862 2088 2977">
     <span class='ocr_line' id='line_1_32' title="bbox 1210 2862 2088 2917; baseline -0.001 -13"><span class='ocrx_word' id='word_1_263' title='bbox 1210 2876 1290 2915; x_wconf 87' lang='lat' dir='ltr'>ne,</span> <span class='ocrx_word' id='word_1_264' title='bbox 1338 2862 1574 2917; x_wconf 78' lang='lat' dir='ltr'>repetitum</span> <span class='ocrx_word' id='word_1_265' title='bbox 1620 2863 1665 2906; x_wconf 86' lang='lat' dir='ltr'>id</span> <span class='ocrx_word' id='word_1_266' title='bbox 1705 2868 1770 2904; x_wconf 88' lang='lat' dir='ltr'>est</span> <span class='ocrx_word' id='word_1_267' title='bbox 1823 2875 1877 2904; x_wconf 86' lang='lat' dir='ltr'>ex</span> <span class='ocrx_word' id='word_1_268' title='bbox 1927 2874 2088 2916; x_wconf 81' lang='lat' dir='ltr'>neque;</span> 
     </span>
     <span class='ocr_line' id='line_1_33' title="bbox 1212 2921 2087 2977; baseline -0.002 -14"><span class='ocrx_word' id='word_1_269' title='bbox 1212 2922 1314 2965; x_wconf 88' lang='lat' dir='ltr'>dein</span> <span class='ocrx_word' id='word_1_270' title='bbox 1333 2936 1434 2965; x_wconf 85' lang='lat' dir='ltr'>num</span> <span class='ocrx_word' id='word_1_271' title='bbox 1451 2923 1678 2977; x_wconf 84' lang='lat' dir='ltr'>antineque</span> <span class='ocrx_word' id='word_1_272' title='bbox 1698 2921 1874 2964; x_wconf 79' lang='lat' dir='ltr'>resolve</span> <span class='ocrx_word' id='word_1_273' title='bbox 1894 2928 1938 2963; x_wconf 87' lang='lat' dir='ltr'>et</span> <span class='ocrx_word' id='word_1_274' title='bbox 1954 2923 2087 2977; x_wconf 83' lang='lat' dir='ltr'>iunge</span> 
     </span>
    </p>
   </div>
   <div class='ocr_carea' id='block_1_6' title="bbox 253 2859 1128 2976">
    <p class='ocr_par' dir='ltr' id='par_1_6' title="bbox 253 2859 1128 2976">
     <span class='ocr_line' id='line_1_34' title="bbox 254 2859 1126 2918; baseline 0.007 -18"><span class='ocrx_word' id='word_1_275' title='bbox 254 2859 471 2913; x_wconf 82' lang='lat' dir='ltr'>ascripsit,</span> <span class='ocrx_word' id='word_1_276' title='bbox 501 2859 539 2901; x_wconf 89' lang='lat' dir='ltr'>is</span> <span class='ocrx_word' id='word_1_277' title='bbox 569 2872 706 2914; x_wconf 83' lang='lat' dir='ltr'>prave</span> <span class='ocrx_word' id='word_1_278' title='bbox 724 2861 946 2918; x_wconf 86' lang='lat' dir='ltr'>stulteque</span> <span class='ocrx_word' id='word_1_279' title='bbox 966 2863 1020 2905; x_wconf 85' lang='lat' dir='ltr'>dc</span> <span class='ocrx_word' id='word_1_280' title='bbox 1046 2875 1126 2907; x_wconf 86' lang='lat' dir='ltr'>co-</span> 
     </span>
     <span class='ocr_line' id='line_1_35' title="bbox 253 2918 1128 2976; baseline 0.006 -19"><span class='ocrx_word' id='word_1_281' title='bbox 253 2918 372 2958; x_wconf 87' lang='lat' dir='ltr'>ronis</span> <span class='ocrx_word' id='word_1_282' title='bbox 405 2923 491 2959; x_wconf 86' lang='lat' dir='ltr'>tam</span> <span class='ocrx_word' id='word_1_283' title='bbox 523 2919 637 2961; x_wconf 88' lang='lat' dir='ltr'>inter</span> <span class='ocrx_word' id='word_1_284' title='bbox 667 2932 742 2963; x_wconf 86' lang='lat' dir='ltr'>eos</span> <span class='ocrx_word' id='word_1_285' title='bbox 775 2922 848 2976; x_wconf 92' lang='lat' dir='ltr'>qui</span> <span class='ocrx_word' id='word_1_286' title='bbox 878 2922 1128 2965; x_wconf 84' lang='lat' dir='ltr'>attulissent</span> 
     </span>
    </p>
   </div>
   <div class='ocr_carea' id='block_1_7' title="bbox 252 2976 1129 3751">
    <p class='ocr_par' dir='ltr' id='par_1_7' title="bbox 253 2976 1126 3318">
     <span class='ocr_line' id='line_1_36' title="bbox 253 2976 1126 3036; baseline 0.007 -19"><span class='ocrx_word' id='word_1_287' title='bbox 253 2976 437 3018; x_wconf 83' lang='lat' dir='ltr'>salutem</span> <span class='ocrx_word' id='word_1_288' title='bbox 471 2990 596 3032; x_wconf 89' lang='lat' dir='ltr'>quam</span> <span class='ocrx_word' id='word_1_289' title='bbox 630 2981 703 3035; x_wconf 92' lang='lat' dir='ltr'>qui</span> <span class='ocrx_word' id='word_1_290' title='bbox 750 2982 1026 3036; x_wconf 87' lang='lat' dir='ltr'>accepissent</span> <span class='ocrx_word' id='word_1_291' title='bbox 1056 2982 1126 3023; x_wconf 88' lang='lat' dir='ltr'>di-</span> 
     </span>
     <span class='ocr_line' id='line_1_37' title="bbox 254 3037 1126 3098; baseline 0.005 -21"><span class='ocrx_word' id='word_1_292' title='bbox 254 3037 360 3078; x_wconf 81' lang='lat' dir='ltr'>visis</span> <span class='ocrx_word' id='word_1_293' title='bbox 404 3039 631 3093; x_wconf 82' lang='lat' dir='ltr'>cogitavit.</span> <span class='ocrx_word' id='word_1_294' title='bbox 718 3039 853 3082; x_wconf 87' lang='lat' dir='ltr'>Inane</span> <span class='ocrx_word' id='word_1_295' title='bbox 901 3043 1036 3098; x_wconf 87' lang='lat' dir='ltr'>igitur</span> <span class='ocrx_word' id='word_1_296' title='bbox 1084 3048 1126 3083; x_wconf 89' lang='lat' dir='ltr'>et</span> 
     </span>
     <span class='ocr_line' id='line_1_38' title="bbox 253 3101 1126 3157; baseline 0.007 -21"><span class='ocrx_word' id='word_1_297' title='bbox 253 3109 570 3151; x_wconf 84' lang='lat' dir='ltr'>supervacuum</span> <span class='ocrx_word' id='word_1_298' title='bbox 604 3105 670 3141; x_wconf 87' lang='lat' dir='ltr'>est</span> <span class='ocrx_word' id='word_1_299' title='bbox 702 3101 980 3156; x_wconf 80' lang='lat' dir='ltr'>apisceretur,</span> <span class='ocrx_word' id='word_1_300' title='bbox 1013 3101 1126 3157; x_wconf 91' lang='lat' dir='ltr'>quod</span> 
     </span>
     <span class='ocr_line' id='line_1_39' title="bbox 254 3157 1126 3214; baseline 0.007 -19"><span class='ocrx_word' id='word_1_301' title='bbox 254 3157 436 3209; x_wconf 89' lang='lat' dir='ltr'>primum</span> <span class='ocrx_word' id='word_1_302' title='bbox 477 3159 737 3200; x_wconf 82' lang='lat' dir='ltr'>sententiam</span> <span class='ocrx_word' id='word_1_303' title='bbox 783 3160 988 3214; x_wconf 87' lang='lat' dir='ltr'>impedit,</span> <span class='ocrx_word' id='word_1_304' title='bbox 1036 3167 1126 3201; x_wconf 90' lang='lat' dir='ltr'>tum</span> 
     </span>
     <span class='ocr_line' id='line_1_40' title="bbox 254 3214 1126 3269; baseline 0.008 -15"><span class='ocrx_word' id='word_1_305' title='bbox 254 3214 429 3256; x_wconf 87' lang='lat' dir='ltr'>obiecto</span> <span class='ocrx_word' id='word_1_306' title='bbox 461 3223 593 3269; x_wconf 87' lang='lat' dir='ltr'>caret,</span> <span class='ocrx_word' id='word_1_307' title='bbox 627 3218 786 3260; x_wconf 87' lang='lat' dir='ltr'>deinde</span> <span class='ocrx_word' id='word_1_308' title='bbox 822 3219 934 3261; x_wconf 83' lang='lat' dir='ltr'>falsa</span> <span class='ocrx_word' id='word_1_309' title='bbox 967 3226 1011 3262; x_wconf 91' lang='lat' dir='ltr'>et</span> <span class='ocrx_word' id='word_1_310' title='bbox 1044 3220 1126 3261; x_wconf 86' lang='lat' dir='ltr'>ab-</span> 
     </span>
     <span class='ocr_line' id='line_1_41' title="bbox 254 3272 567 3318; baseline 0.01 -4"><span class='ocrx_word' id='word_1_311' title='bbox 254 3272 383 3314; x_wconf 85' lang='lat' dir='ltr'>surda</span> <span class='ocrx_word' id='word_1_312' title='bbox 420 3275 567 3318; x_wconf 84' lang='lat' dir='ltr'>infert.</span> 
     </span>
    </p>

    <p class='ocr_par' dir='ltr' id='par_1_8' title="bbox 252 3331 1129 3751">
     <span class='ocr_line' id='line_1_42' title="bbox 362 3331 1128 3387; baseline 0.008 -15"><span class='ocrx_word' id='word_1_313' title='bbox 362 3331 466 3387; x_wconf 84' lang='lat' dir='ltr'>Cap.</span> <span class='ocrx_word' id='word_1_314' title='bbox 505 3336 572 3377; x_wconf 87' lang='lat'>13.</span> <span class='ocrx_word' id='word_1_315' title='bbox 646 3336 802 3377; x_wconf 67' lang='lat' dir='ltr'>(laudii</span> <span class='ocrx_word' id='word_1_316' title='bbox 843 3338 1128 3379; x_wconf 82' lang='lat' dir='ltr'>Numantiae-</span> 
     </span>
     <span class='ocr_line' id='line_1_43' title="bbox 259 3392 1128 3454; baseline 0.005 -22"><span class='ocrx_word' id='word_1_317' title='bbox 259 3406 364 3446; x_wconf 81' lang='lat' dir='ltr'>que:</span> <span class='ocrx_word' id='word_1_318' title='bbox 398 3392 583 3435; x_wconf 82' lang='lat' dir='ltr'>Medicei</span> <span class='ocrx_word' id='word_1_319' title='bbox 619 3396 833 3449; x_wconf 87' lang='lat' dir='ltr'>scriptura</span> <span class='ocrx_word' id='word_1_320' title='bbox 869 3397 1019 3438; x_wconf 85' lang='lat' dir='ltr'>caudie</span> <span class='ocrx_word' id='word_1_321' title='bbox 1052 3399 1128 3454; x_wconf 81' lang='lat'>(..-.—.</span> 
     </span>
     <span class='ocr_line' id='line_1_44' title="bbox 255 3451 1129 3511; baseline 0.006 -19"><span class='ocrx_word' id='word_1_322' title='bbox 255 3451 429 3508; x_wconf 63' lang='lat' dir='ltr'>caudig)</span> <span class='ocrx_word' id='word_1_323' title='bbox 463 3452 580 3495; x_wconf 83' lang='lat' dir='ltr'>valet</span> <span class='ocrx_word' id='word_1_324' title='bbox 613 3454 826 3508; x_wconf 82' lang='lat' dir='ltr'>Caudiae,</span> <span class='ocrx_word' id='word_1_325' title='bbox 859 3462 1075 3511; x_wconf 87' lang='lat' dir='ltr'>tamquam</span> <span class='ocrx_word' id='word_1_326' title='bbox 1104 3471 1129 3498; x_wconf 85' lang='lat' dir='ltr'>a</span> 
     </span>
     <span class='ocr_line' id='line_1_45' title="bbox 252 3512 1127 3567; baseline 0.005 -15"><span class='ocrx_word' id='word_1_327' title='bbox 252 3512 523 3553; x_wconf 85' lang='lat' dir='ltr'>nominativo</span> <span class='ocrx_word' id='word_1_328' title='bbox 565 3512 746 3567; x_wconf 81' lang='lat' dir='ltr'>Gaudia,</span> <span class='ocrx_word' id='word_1_329' title='bbox 781 3520 823 3556; x_wconf 86' lang='lat' dir='ltr'>et</span> <span class='ocrx_word' id='word_1_330' title='bbox 860 3515 942 3556; x_wconf 92' lang='lat' dir='ltr'>hoc</span> <span class='ocrx_word' id='word_1_331' title='bbox 975 3528 1127 3557; x_wconf 88' lang='lat' dir='ltr'>corru-</span> 
     </span>
     <span class='ocr_line' id='line_1_46' title="bbox 253 3571 1126 3625; baseline 0.007 -15"><span class='ocrx_word' id='word_1_332' title='bbox 253 3571 414 3625; x_wconf 90' lang='lat' dir='ltr'>ptionis</span> <span class='ocrx_word' id='word_1_333' title='bbox 454 3577 593 3614; x_wconf 90' lang='lat' dir='ltr'>ortum</span> <span class='ocrx_word' id='word_1_334' title='bbox 636 3580 700 3614; x_wconf 87' lang='lat' dir='ltr'>ost</span> <span class='ocrx_word' id='word_1_335' title='bbox 750 3575 1018 3616; x_wconf 82' lang='lat' dir='ltr'>assimilandi</span> <span class='ocrx_word' id='word_1_336' title='bbox 1055 3577 1126 3616; x_wconf 91' lang='lat' dir='ltr'>in-</span> 
     </span>
     <span class='ocr_line' id='line_1_47' title="bbox 255 3629 1125 3687; baseline 0.007 -16"><span class='ocrx_word' id='word_1_337' title='bbox 255 3629 493 3674; x_wconf 82' lang='lat' dir='ltr'>clinatione</span> <span class='ocrx_word' id='word_1_338' title='bbox 526 3645 580 3673; x_wconf 85' lang='lat' dir='ltr'>ex</span> <span class='ocrx_word' id='word_1_339' title='bbox 603 3635 802 3687; x_wconf 85' lang='lat' dir='ltr'>proximo</span> <span class='ocrx_word' id='word_1_340' title='bbox 826 3636 1002 3677; x_wconf 87' lang='lat' dir='ltr'>nomine</span> <span class='ocrx_word' id='word_1_341' title='bbox 1031 3635 1125 3677; x_wconf 85' lang='lat' dir='ltr'>Nu-</span> 
     </span>
     <span class='ocr_line' id='line_1_48' title="bbox 254 3689 1124 3751; baseline 0.005 -19"><span class='ocrx_word' id='word_1_342' title='bbox 254 3690 457 3736; x_wconf 73' lang='lat' dir='ltr'>mantiae.</span> <span class='ocrx_word' id='word_1_343' title='bbox 497 3689 621 3743; x_wconf 84' lang='lat' dir='ltr'>Quod</span> <span class='ocrx_word' id='word_1_344' title='bbox 640 3692 838 3751; x_wconf 79' lang='lat' dir='ltr'>seqnitur</span> <span class='ocrx_word' id='word_1_345' title='bbox 860 3694 905 3737; x_wconf 92' lang='lat' dir='ltr'>in</span> <span class='ocrx_word' id='word_1_346' title='bbox 927 3691 1124 3738; x_wconf 84' lang='lat' dir='ltr'>Mediceo</span> 
     </span>
    </p>
   </div>
   <div class='ocr_carea' id='block_1_8' title="bbox 1200 2982 2088 3740">
    <p class='ocr_par' dir='ltr' id='par_1_9' title="bbox 1210 2982 2088 3498">
     <span class='ocr_line' id='line_1_49' title="bbox 1210 2982 2088 3037; baseline -0.006 -13"><span class='ocrx_word' id='word_1_347' title='bbox 1210 2982 1407 3024; x_wconf 84' lang='lat' dir='ltr'>numanti</span> <span class='ocrx_word' id='word_1_348' title='bbox 1425 2995 1573 3037; x_wconf 86' lang='lat' dir='ltr'>neque,</span> <span class='ocrx_word' id='word_1_349' title='bbox 1604 2983 1718 3024; x_wconf 87' lang='lat' dir='ltr'>unde</span> <span class='ocrx_word' id='word_1_350' title='bbox 1741 2982 1938 3036; x_wconf 83' lang='lat' dir='ltr'>repetitis</span> <span class='ocrx_word' id='word_1_351' title='bbox 1958 2987 2088 3035; x_wconf 81' lang='lat' dir='ltr'>quat-</span> 
     </span>
     <span class='ocr_line' id='line_1_50' title="bbox 1211 3042 2086 3096; baseline -0.001 -14"><span class='ocrx_word' id='word_1_352' title='bbox 1211 3048 1309 3083; x_wconf 91' lang='lat' dir='ltr'>tuor</span> <span class='ocrx_word' id='word_1_353' title='bbox 1343 3042 1500 3083; x_wconf 85' lang='lat' dir='ltr'>litte-ris</span> <span class='ocrx_word' id='word_1_354' title='bbox 1524 3044 1752 3096; x_wconf 82' lang='lat' dir='ltr'>postremis</span> <span class='ocrx_word' id='word_1_355' title='bbox 1785 3045 1835 3096; x_wconf 88' lang='lat' dir='ltr'>(n</span> <span class='ocrx_word' id='word_1_356' title='bbox 1868 3067 1923 3076; x_wconf 87' lang='lat'>--</span> <span class='ocrx_word' id='word_1_357' title='bbox 1957 3046 2086 3096; x_wconf 54' lang='lat' dir='ltr'>eque)</span> 
     </span>
     <span class='ocr_line' id='line_1_51' title="bbox 1212 3102 2086 3154; baseline -0.003 -12"><span class='ocrx_word' id='word_1_358' title='bbox 1212 3102 1405 3142; x_wconf 85' lang='lat' dir='ltr'>nascitur</span> <span class='ocrx_word' id='word_1_359' title='bbox 1436 3103 1801 3154; x_wconf 71' lang='lat' dir='ltr'>Numantiaeque5</span> <span class='ocrx_word' id='word_1_360' title='bbox 1831 3115 1964 3154; x_wconf 81' lang='lat' dir='ltr'>neque</span> <span class='ocrx_word' id='word_1_361' title='bbox 2001 3106 2086 3141; x_wconf 80' lang='lat' dir='ltr'>cet.</span> 
     </span>
     <span class='ocr_line' id='line_1_52' title="bbox 1212 3160 2085 3213; baseline -0.003 -10"><span class='ocrx_word' id='word_1_362' title='bbox 1212 3161 1392 3203; x_wconf 81' lang='lat' dir='ltr'>Scilicet</span> <span class='ocrx_word' id='word_1_363' title='bbox 1420 3174 1446 3202; x_wconf 84' lang='lat' dir='ltr'>a</span> <span class='ocrx_word' id='word_1_364' title='bbox 1484 3161 1642 3202; x_wconf 82' lang='lat' dir='ltr'>litteris</span> <span class='ocrx_word' id='word_1_365' title='bbox 1676 3160 1765 3202; x_wconf 89' lang='lat' dir='ltr'>illis</span> <span class='ocrx_word' id='word_1_366' title='bbox 1799 3173 1905 3213; x_wconf 53' lang='lat' dir='ltr'>eque</span> <span class='ocrx_word' id='word_1_367' title='bbox 1937 3161 1990 3203; x_wconf 84' lang='lat' dir='ltr'>ad</span> <span class='ocrx_word' id='word_1_368' title='bbox 2022 3160 2085 3200; x_wconf 88' lang='lat' dir='ltr'>si-</span> 
     </span>
     <span class='ocr_line' id='line_1_53' title="bbox 1211 3219 2086 3273; baseline 0.003 -13"><span class='ocrx_word' id='word_1_369' title='bbox 1211 3219 1338 3260; x_wconf 88' lang='lat' dir='ltr'>miles</span> <span class='ocrx_word' id='word_1_370' title='bbox 1364 3233 1497 3273; x_wconf 82' lang='lat' dir='ltr'>neque</span> <span class='ocrx_word' id='word_1_371' title='bbox 1521 3221 1706 3273; x_wconf 85' lang='lat' dir='ltr'>scriptor</span> <span class='ocrx_word' id='word_1_372' title='bbox 1738 3219 1938 3260; x_wconf 85' lang='lat' dir='ltr'>librarius</span> <span class='ocrx_word' id='word_1_373' title='bbox 1965 3225 2086 3263; x_wconf 79' lang='lat' dir='ltr'>tran-</span> 
     </span>
     <span class='ocr_line' id='line_1_54' title="bbox 1213 3278 2086 3335; baseline -0.003 -16"><span class='ocrx_word' id='word_1_374' title='bbox 1213 3278 1350 3321; x_wconf 86' lang='lat' dir='ltr'>siluit.</span> <span class='ocrx_word' id='word_1_375' title='bbox 1401 3278 1546 3335; x_wconf 87' lang='lat' dir='ltr'>Vulgo</span> <span class='ocrx_word' id='word_1_376' title='bbox 1569 3279 1792 3320; x_wconf 82' lang='lat' dir='ltr'>Caudinae</span> <span class='ocrx_word' id='word_1_377' title='bbox 1810 3292 1863 3320; x_wconf 86' lang='lat' dir='ltr'>ac</span> <span class='ocrx_word' id='word_1_378' title='bbox 1888 3279 2086 3321; x_wconf 79' lang='lat' dir='ltr'>Numan..</span> 
     </span>
     <span class='ocr_line' id='line_1_55' title="bbox 1214 3337 2085 3392; baseline -0.003 -14"><span class='ocrx_word' id='word_1_379' title='bbox 1214 3339 1330 3378; x_wconf 84' lang='lat' dir='ltr'>tinae</span> <span class='ocrx_word' id='word_1_380' title='bbox 1362 3337 1514 3381; x_wconf 84' lang='lat' dir='ltr'>cladis.</span> <span class='ocrx_word' id='word_1_381' title='bbox 1553 3352 1686 3392; x_wconf 83' lang='lat' dir='ltr'>neque</span> <span class='ocrx_word' id='word_1_382' title='bbox 1720 3339 1923 3389; x_wconf 78' lang='lat' dir='ltr'>eandem3</span> <span class='ocrx_word' id='word_1_383' title='bbox 1956 3338 2085 3380; x_wconf 73' lang='lat' dir='ltr'>Orcl-</span> 
     </span>
     <span class='ocr_line' id='line_1_56' title="bbox 1215 3397 2085 3452; baseline 0.002 -14"><span class='ocrx_word' id='word_1_384' title='bbox 1215 3397 1297 3438; x_wconf 89' lang='lat' dir='ltr'>lius</span> <span class='ocrx_word' id='word_1_385' title='bbox 1333 3398 1489 3439; x_wconf 81' lang='lat' dir='ltr'>Caudii</span> <span class='ocrx_word' id='word_1_386' title='bbox 1533 3405 1572 3439; x_wconf 84' lang='lat' dir='ltr'>ct</span> <span class='ocrx_word' id='word_1_387' title='bbox 1617 3398 1888 3440; x_wconf 74' lang='lat' dir='ltr'>Numantiae.</span> <span class='ocrx_word' id='word_1_388' title='bbox 1952 3411 2085 3452; x_wconf 79' lang='lat' dir='ltr'>neque</span> 
     </span>
     <span class='ocr_line' id='line_1_57' title="bbox 1215 3457 1405 3498; baseline 0 0"><span class='ocrx_word' id='word_1_389' title='bbox 1215 3457 1405 3498; x_wconf 84' lang='lat' dir='ltr'>candem.</span> 
     </span>
    </p>

    <p class='ocr_par' dir='ltr' id='par_1_10' title="bbox 1200 3517 2084 3740">
     <span class='ocr_line' id='line_1_58' title="bbox 1310 3517 2084 3571; baseline 0.003 -14"><span class='ocrx_word' id='word_1_390' title='bbox 1310 3529 1443 3571; x_wconf 84' lang='lat' dir='ltr'>neque</span> <span class='ocrx_word' id='word_1_391' title='bbox 1487 3517 1665 3559; x_wconf 85' lang='lat' dir='ltr'>eandem</span> <span class='ocrx_word' id='word_1_392' title='bbox 1708 3520 1791 3559; x_wconf 73' lang='lat' dir='ltr'>eim</span> <span class='ocrx_word' id='word_1_393' title='bbox 1825 3518 2084 3559; x_wconf 81' lang='lat' dir='ltr'>Samnitibus</span> 
     </span>
     <span class='ocr_line' id='line_1_59' title="bbox 1212 3576 2084 3634; baseline 0.001 -17"><span class='ocrx_word' id='word_1_394' title='bbox 1212 3583 1286 3617; x_wconf 84' lang='lat' dir='ltr'>aut</span> <span class='ocrx_word' id='word_1_395' title='bbox 1333 3576 1558 3633; x_wconf 82' lang='lat' dir='ltr'>Hispanis,</span> <span class='ocrx_word' id='word_1_396' title='bbox 1604 3585 1650 3619; x_wconf 82' lang='lat' dir='ltr'>ut</span> <span class='ocrx_word' id='word_1_397' title='bbox 1691 3578 1877 3619; x_wconf 84' lang='lat' dir='ltr'>Romani</span> <span class='ocrx_word' id='word_1_398' title='bbox 1915 3578 2084 3634; x_wconf 78' lang='lat' dir='ltr'>imperii</span> 
     </span>
     <span class='ocr_line' id='line_1_60' title="bbox 1212 3634 2081 3693; baseline 0.001 -16"><span class='ocrx_word' id='word_1_399' title='bbox 1212 3634 1417 3678; x_wconf 78' lang='lat' dir='ltr'>aemulis.-</span> <span class='ocrx_word' id='word_1_400' title='bbox 1468 3636 1520 3678; x_wconf 87' lang='lat' dir='ltr'>de</span> <span class='ocrx_word' id='word_1_401' title='bbox 1565 3636 1750 3693; x_wconf 88' lang='lat' dir='ltr'>singulis</span> <span class='ocrx_word' id='word_1_402' title='bbox 1796 3650 1906 3693; x_wconf 85' lang='lat' dir='ltr'>quae</span> <span class='ocrx_word' id='word_1_403' title='bbox 1939 3638 1981 3678; x_wconf 87' lang='lat' dir='ltr'>in</span> <span class='ocrx_word' id='word_1_404' title='bbox 2015 3636 2081 3678; x_wconf 89' lang='lat' dir='ltr'>his</span> 
     </span>
     <span class='ocr_line' id='line_1_61' title="bbox 1200 3693 2079 3740; baseline -0.002 -1"><span class='ocrx_word' id='word_1_405' title='bbox 1200 3693 1355 3739; x_wconf 54' lang='lat' dir='ltr'>verbis</span> <span class='ocrx_word' id='word_1_406' title='bbox 1391 3694 1664 3740; x_wconf 82' lang='lat' dir='ltr'>observanda</span> <span class='ocrx_word' id='word_1_407' title='bbox 1692 3701 1792 3739; x_wconf 77' lang='lat' dir='ltr'>sunt</span> <span class='ocrx_word' id='word_1_408' title='bbox 1825 3695 1977 3739; x_wconf 87' lang='lat' dir='ltr'>ordine</span> <span class='ocrx_word' id='word_1_409' title='bbox 2010 3695 2079 3738; x_wconf 87' lang='lat' dir='ltr'>di-</span> 
     </span>
    </p>
   </div>
  </div>
 </body>
</html>
