2222 4022
192 250 251 294 ιε
961 235 1253 300 ANNALIVM
1763 272 1806 303 a.
1834 270 1879 303 ιι.
1909 257 2014 304 76⁷.

190 393 338 460 primi
377 394 429 446 in
467 397 624 450 verba
664 397 853 450 Tiberii
891 398 1126 453 Caesaris
1161 401 1427 468 iuravere,
1472 402 1832 475 apudquer
1870 405 2016 460 Seius

192 486 372 540 Strabo
412 492 460 540 et
498 487 650 541 Gaius
691 490 981 556 TurraniUS,
1019 492 1104 545 ille
1137 493 1506 559 praetoriarum
1549 495 1833 548 cohortium
1864 510 2020 564 prae-

193 578 372 644 fecum,
412 579 495 630 hic
533 595 766 633 annonae
778 599 792 646 3
831 597 950 634 mox
985 588 1190 636 senatus
1228 585 1474 652 milesque
1511 591 1561 638 et
1590 586 1821 654 populus
1892 588 2019 640 Nam

191 669 419 722 Tiberius
463 678 642 724 cuncta
677 689 770 740 per
817 674 1054 726 consules
1096 675 1400 744 incipiebat,
1462 683 1715 746 tamquam
1752 684 1926 732 vetere
1961 694 2019 732 re

153 760 391 827 spublica
448 767 497 814 et
549 764 814 833 ambiguus
871 750 1169 833 imperandi.
1263 769 1338 820 Ne
1385 768 1604 844 edictum
1657 770 1860 837 quidem
1917 784 2017 838 quo

189 858 358 919 patres
398 854 448 905 in
492 856 683 907 curiam
731 858 980 924 vocabat,
1041 859 1139 911 nisi
1192 860 1495 914 tribuniciae
1540 843 1806 928 potestatis
1855 877 2014 930 prae-

188 944 464 1010 scriptione
512 948 681 1014 posuit
722 949 815 1001 sub
853 950 1085 1019 Augusto
1138 958 1396 1019 acceptae.
1470 953 1638 1005 Verba
1677 953 1832 1006 edicti
1873 954 2018 1007 suere

186 1050 347 1102 pauca
371 1042 421 1088 et
442 1052 596 1090 sensu
621 1041 974 1105 permodesto:
1013 1043 1076 1094 de
1100 1042 1381 1095 honoribus
1404 1045 1629 1110 parentis
1654 1044 2015 1110 consulturum,

190 1142 355 1194 neque
379 1129 661 1184 abscedere
685 1147 713 1183 a
744 1147 978 1199 corpore,
1017 1134 1170 1201 idque
1196 1150 1348 1187 unum
1384 1152 1448 1188 ex
1483 1136 1701 1203 publicis
1727 1135 2019 1189 muneribus

130 1227 176 1266 ιο
190 1233 451 1286 usurpare.
525 1222 624 1275 Sed
652 1223 891 1276 defuncto
915 1225 1146 1294 Augusto
1175 1228 1376 1295 signum
1414 1227 1684 1294 praetoriis
1723 1227 2018 1280 cohortibus

188 1316 242 1362 ut
278 1311 554 1379 imperator
592 1315 805 1367 dederat
816 1334 831 1381 ;
868 1318 1115 1395 ergcubiae
1151 1334 1314 1385 arma,
1357 1323 1527 1371 cetera
1569 1319 1715 1373 aulae
1726 1338 1742 1386 3
1780 1319 1926 1373 miles
1963 1320 2017 1371 in

188 1403 377 1469 sorum,
431 1406 575 1458 miles
615 1408 666 1458 in
704 1408 895 1460 curiam
935 1395 1286 1462 comitabatur.
1378 1412 1592 1464 Litteras
1647 1411 1711 1463 ad
1763 1412 2017 1465 exercitus

187 1499 440 1562 tamquam
480 1498 663 1564 adepto
702 1501 986 1566 principatu
1027 1502 1178 1566 misit,
1220 1517 1466 1570 nusquam
1499 1503 1882 1556 cunctabundus
1918 1504 2018 1556 nisi

189 1601 300 1638 cum
334 1587 386 1638 in
423 1595 602 1641 senatu
639 1590 949 1658 loqueretur.
1025 1593 1188 1646 Causa
1225 1595 1499 1662 praecipua
1535 1611 1599 1647 ex
1626 1595 1914 1661 formidine,
1951 1611 2018 1648 ne

123 1685 170 1723 ¹⁵
189 1680 544 1748 Germanicus,
586 1685 639 1735 in
679 1686 822 1737 cuius
861 1702 1010 1738 manu
1046 1692 1120 1739 tot
1151 1688 1417 1756 legiones,
1475 1688 1719 1740 immensa
1758 1689 2017 1741 sociorum

186 1773 397 1839 auxilia,
446 1775 602 1827 mirus
642 1777 772 1843 apud
821 1778 1058 1844 populum
1096 1778 1268 1844 favor,
1335 1779 1525 1832 habere
1562 1779 1825 1847 imperium
1868 1794 2015 1847 quam

249 1932 251 1935 Ι
306 1950 344 1992 1.
379 1957 559 2007 aputque
592 1952 647 1994 Μ.
721 1952 845 1996 Seius
877 1954 1032 1997 Strabo
1064 1954 1332 1998 Beroaldus:
1376 1955 1417 1997 M
1447 1953 1699 1997 selustrabo.
1800 1956 1842 1999 2.
1878 1953 1927 1998 Ο.
1960 1954 2016 1999 Μ.

272 2116 326 2144 ne
350 2102 530 2146 edictum
553 2105 732 2159 quidem,
758 2117 836 2162 quo
852 2121 1054 2149 —voca-
1142 2108 1261 2149 deret
1306 2108 1469 2162 factum
1491 2131 1547 2139 -
1569 2106 1880 2162 depositumque
1905 2107 2028 2164 apud

183 2162 275 2205 bat:
308 2163 353 2205 id
375 2163 487 2206 Nola
509 2165 583 2206 vel
617 2179 671 2207 ex
694 2167 852 2209 itinere
876 2168 1056 2209 Romam

180 2224 421 2278 praemisit.
489 2223 615 2266 Conf.
650 2226 734 2267 Dio
767 2225 862 2268 LVI
892 2228 965 2269 31.

274 2283 441 2338 signum
467 2286 704 2339 praetoriis
741 2286 983 2328 cohortibus
1012 2293 1059 2328 ut

181 2344 417 2398 imperator
451 2343 654 2386 dederat:
687 2343 772 2386 hoc
804 2358 883 2399 per
915 2346 1058 2387 tribu-

180 2415 282 2443 num
296 2402 369 2443 vel
386 2404 690 2445 centurionem
702 2406 747 2445 in
762 2404 913 2446 urbem
924 2406 1056 2448 misit.

182 2460 310 2503 Conf.
345 2460 430 2502 Dio
465 2462 580 2504 LVII
612 2466 654 2507 2.
723 2463 844 2505 Tacit
875 2464 971 2506 XIII
1003 2467 1056 2509 2:

180 2522 425 2577 signumque
447 2537 564 2564 more
585 2523 765 2565 militiae
789 2526 952 2580 petenti
975 2525 1058 2566 tri-

182 2582 291 2624 buno
323 2580 437 2622 dedit
461 2582 623 2640 (Nero)
649 2582 849 2639 ‘optimae
878 2583 1061 2625 matris?

271 2641 476 2682 eoecubiae
521 2655 670 2694 arma,
717 2650 862 2684 cetera
901 2642 1055 2685 aulae:

185 2700 301 2743 cons.
331 2707 479 2742 annot.
506 2701 560 2743 ad
577 2701 633 2742 XI
646 2701 688 2744 6.
769 2717 903 2744 causa
919 2717 1057 2759 prae-

183 2761 310 2815 cipua
335 2775 388 2801 eoe
407 2761 705 2816 formidine—
727 2762 1056 2804 dubitationem:

183 2819 357 2860 easdem
403 2833 555 2862 causas
600 2820 754 2862 eodem
787 2822 940 2863 ordine
971 2823 1056 2864 Dio

182 2880 462 2933 persequitur
495 2879 608 2921 LVII
640 2881 681 2922 3.
726 2881 836 2922 Add.
872 2882 1053 2923 Sueton.

182 2937 325 2978 Tiber.
361 2937 553 2982 24-25.
694 2953 796 2980 nam
836 2941 968 2982 rerba
1001 2966 1056 2972 —

184 2997 468 3038 recondebat.-
514 2998 651 3039 verba
681 2998 918 3054 vultusque
950 3013 1056 3054 pro-

185 3068 331 3098 cerum
366 3057 409 3097 in
442 3056 635 3099 deterius
675 3064 858 3111 accepta
889 3073 940 3100 ac
972 3059 1058 3101 sibi

186 3115 368 3157 adversa
392 3117 704 3172 interpretatus
728 3118 988 3171 recondidit,
1013 3124 1060 3158 ut

186 3180 314 3217 aucta
346 3174 566 3229 promeret
598 3182 729 3232 atque
753 3176 1057 3219 ulcisceretur.

188 3234 315 3277 Conf.
350 3233 446 3278 113
479 3243 522 3278 et
553 3237 624 3290 69,
658 3235 809 3288 11164,
843 3235 901 3278 IV
926 3239 979 3280 21
1016 3242 1060 3278 et

189 3296 258 3336 71.
294 3296 346 3335 A.
380 3296 452 3347 39.
864 3348 867 3354 ,

280 3353 383 3407 Cap.
420 3354 461 3396 8.
526 3355 708 3397 inlatum
748 3369 830 3412 per
872 3355 1059 3411 virqines

200 3412 375 3453 Vestae:
411 3416 453 3454 in
488 3414 661 3457 Cereris
693 3416 885 3457 sacrario
919 3420 1059 3456 testa-

190 3476 382 3512 mentum
404 3484 527 3513 suum
540 3476 765 3530 Augustus
778 3476 1056 3529 deposuerat.

194 3531 426 3574 Suetonius
458 3532 572 3588 Aug.
610 3536 719 3577 101:
754 3542 1058 3586 testamentum,

193 3591 440 3632 —tertium
471 3590 619 3632 Nonas
650 3592 815 3648 Aprilis
843 3602 944 3635 ante
975 3607 1060 3635 an·-

190 3662 291 3693 num
312 3656 352 3693 et
373 3655 571 3706 quattuor
591 3663 754 3694 menses
780 3664 904 3705 quam
936 3653 1062 3694 dece-

1140 2183 1199 2220 se,
1236 2167 1425 2223 virgines
1465 2164 1721 2208 Vestales—
1728 2166 2017 2223 protulerunt.

1142 2228 1190 2268 in
1219 2240 1334 2283 spem
1374 2225 1606 2268 secundam
1647 2233 1820 2281 nepotes
1853 2240 2019 2283 prone-

1139 2294 1340 2343 potesque
1355 2300 1369 2325 .-
1404 2291 1577 2341 nepotes
1600 2285 1808 2341 intellige
1830 2285 2018 2328 Drusum

1145 2345 1305 2387 Tiberii
1328 2344 1466 2386 filium
1499 2350 1542 2386 et
1566 2342 1870 2386 Germanicum
1893 2358 1919 2387 a
1942 2344 2018 2387 Ti-
2074 2352 2077 2355 “

1143 2405 1269 2447 herio
1290 2417 1369 2458 per
1380 2403 1660 2457 adoptionem
1674 2404 1856 2445 ascitum
1870 2407 1933 2461 (c.
1947 2406 2016 2462 3).

1146 2465 1403 2520 Pronepotes
1457 2463 1702 2505 Germanici
1766 2462 1846 2504 filii
1898 2471 2015 2506 sunt.

1145 2523 1381 2566 Suetonius
1401 2523 1515 2578 Aug.
1545 2522 1655 2565 101:
1687 2521 1865 2565 heredes
1889 2524 2018 2566 insti-

1145 2584 1224 2625 tuit
1242 2584 1405 2639 primos
1432 2581 1640 2623 Tiberium
1663 2595 1716 2621 ex
1738 2589 1866 2637 parte
1891 2583 2018 2625 ‹timi-

1147 2643 1221 2684 dia
1253 2649 1294 2683 et
1322 2648 1542 2693 sextante,
1599 2641 1769 2682 Liviam
1812 2656 1866 2683 ex
1890 2649 2019 2699 parte

1144 2703 1298 2754 tertia,
1347 2714 1448 2756 quos
1487 2708 1528 2742 et
1566 2697 1685 2749 ferre
1714 2714 1870 2743 nomen
1899 2715 2020 2743 suum

1143 2762 1278 2813 iussit,
1291 2759 1498 2802 secundos
1513 2760 1700 2801 Drusum
1717 2759 1872 2802 Tiberii
1883 2761 2020 2815 filium

1144 2836 1197 2862 ea:
1218 2822 1387 2873 triente,
1417 2834 1471 2860 ex
1487 2819 1682 2876 partibus
1706 2819 1882 2875 reliquis
1905 2820 2018 2862 Ger-

1142 2882 1358 2922 manicam
1387 2878 1622 2933 liberosque
1656 2880 1746 2920 eius
1777 2886 1863 2922 tres
1893 2893 2019 2922 sexus

1143 2940 1295 2993 virilis,
1317 2940 1440 2981 tertio
1464 2939 1604 2995 qradu
1623 2939 1885 2996 propinquos
1905 2940 2018 2981 ami..

1145 3014 1296 3053 cosque
1329 2999 1580 3055 complures.

1227 3059 1383 3114 populo
1428 3065 1468 3100 et
1503 3056 1619 3113 plebi
1669 3059 2018 3114 quadrinqenties

1145 3118 1289 3159 tricies
1324 3118 1568 3172 quinquies.-
1605 3117 1786 3172 populo,
1821 3117 1864 3158 h.
1899 3131 1938 3159 e.
1973 3119 2015 3159 ei

1146 3176 1306 3218 civium
1340 3178 1383 3218 in
1410 3176 1517 3219 urbe
1542 3174 1832 3217 habitantium
1863 3175 2016 3218 multi-

1146 3236 1284 3277 tudini
1308 3250 1419 3292 quae
1436 3236 1615 3291 publico
1629 3233 1847 3277 frumento
1861 3235 2017 3277 alenda

1148 3302 1287 3348 esset,
1322 3297 1695 3351 quadi-inqenties,
1724 3295 1863 3351 plebi,
1897 3294 1940 3336 h.
1975 3308 2014 3337 e.

1147 3356 1316 3397 civibus
1350 3356 1555 3397 Romanis
1589 3357 1633 3396 in
1667 3356 1847 3411 triginta
1881 3356 2014 3409 quin-

1146 3427 1229 3469 que
1262 3415 1399 3457 tribus
1433 3415 1680 3470 descriptiS,
1714 3415 1858 3455 tricies
1889 3414 2015 3467 quin-

1146 3475 1262 3529 quies
1281 3475 1463 3531 legavit.
1508 3476 1724 3516 Accurate
1747 3473 1888 3529 magis
1901 3472 2016 3515 Sue-

1147 3535 1292 3576 tonius
1339 3535 1455 3592 Aug.
1509 3535 1615 3578 101:
1663 3532 1820 3587 leqavit
1859 3530 2016 3587 populo

1829 3589 2018 3633 tribubus

1920 3647 2016 3692 -Dio

1146 3595 1340 3636 Romano
1398 3592 1768 3648 quadringenties,

1147 3654 1292 3694 tricies
1332 3651 1550 3707 quinquies
1589 3650 1838 3693 sestertium.
