2280 4004
239 273 330 319 2⁵0
1020 276 1310 323 ANNALIVM

1722 295 1762 326 a.
1796 291 1840 325 u.
1874 279 2061 327 776-7.

239 419 546 485 vitarentur,
598 425 646 472 et
696 420 829 487 quod
888 421 1049 473 exiret
1098 437 1125 474 e
1177 422 1286 474 iure
1343 423 1505 490 patrio
1561 423 1646 491 qui
1691 424 1747 476 id
1791 424 2064 478 flaminium

240 512 556 579 apisceretur
590 527 819 579 quaeque
867 513 919 564 in
958 530 1157 566 manum
1194 516 1408 568 flaminis
1456 517 1769 569 conveniret.

1841 517 1915 568 lta
1955 533 2066 569 me-

241 602 458 655 dendum
496 609 700 655 senatus
743 604 950 656 decreto
1000 607 1085 657 aut
1107 607 1278 678 alege,
1342 608 1472 660 sicut
1506 608 1765 676 Augustus
1819 607 2065 674 quaedam

240 709 304 747 ex
356 694 596 770 ‘horridam
641 695 1078 767 ill,⁸÷¹,.,..,{÷¹.1}iissllilfii‘}
1133 699 1196 751 ad
1246 704 1565 767 praesentem
1622 715 1765 751 usum
1822 699 2062 751 flexisset.

203 768 398 854 flgitur
432 768 658 839 tractatis
705 789 1043 857 religionibus
1087 790 1325 857 placitum
1383 791 1609 843 instituto
1651 791 1904 844 flaminum
1941 789 2066 843 nihil

241 878 509 930 demutari:
572 880 665 931 sed
704 880 804 932 lata
859 881 942 933 lex
979 896 1075 948 qua
1113 882 1365 935 flaminica
1405 883 1564 952 Dialis
1613 898 1875 937 sacrorum
1913 896 2064 935 causa

238 968 291 1021 in
337 974 586 1035 potestate
635 971 760 1037 viri,
822 978 991 1025 cetera
1040 975 1298 1041 promisco
1365 950 1664 1027 feminarum
1710 975 1820 1026 iure
1869 977 2064 1042 ageret.

237 1062 299 1114 Et
328 1062 458 1114 tilius
491 1063 856 1131 Maluginensis
890 1067 1019 1133 patri
1058 1067 1316 1119 suffectus.
1379 1069 1540 1135 thue
1568 1068 1811 1136 glisceret
1838 1068 2066 1135 dignatio

238 1154 576 1220 sacerdotum,
621 1161 770 1223 atque
807 1158 931 1224 ipsis
969 1160 1248 1226 promptior
1287 1159 1480 1211 animus
1517 1159 1650 1212 foret
1690 1159 1754 1211 ad
1789 1174 2069 1226 capessen-

177 1252 223 1298 .¹⁰
239 1244 329 1297 das
371 1246 1038 1312 caerimonias,-decretum
1083 1250 1353 1303 Corneliae
1395 1251 1600 1319 virgini,
1643 1266 1773 1316 quae
1810 1250 1862 1300 in
1901 1249 2067 1301 locum

237 1335 473 1389 Scantiae
513 1338 834 1406 capiebatur,
891 1342 1178 1393 sestertium
1215 1342 1408 1406 vicieS,
1462 1347 1513 1394 et
1562 1343 1797 1408 quotiens
1836 1342 2068 1409 Augusta

237 1427 484 1480 theatrum
526 1429 813 1494 introisset,
858 1436 911 1481 ut
949 1431 1102 1483 sedes
1141 1432 1272 1483 inter
1307 1432 1582 1484 Vestalium
1621 1433 1929 1490 consideret.

377 1519 614 1575 Cornelio
654 1522 882 1589 Cethego
924 1522 1134 1575 Visellio
1174 1525 1406 1575 Varrone
1445 1523 1739 1575 consulibus
1785 1523 2154 1590 pontificeS,17

238 1625 514 1679 eorumque
561 1613 790 1679 exemplo
841 1614 998 1665 ceteri
1051 1614 1379 1680 sacerdoteS,
1441 1631 1552 1667 cum
1590 1629 1682 1681 pro
1725 1614 2070 1667 incolumitate

175 1713 220 1754 ¹⁵
235 1703 477 1770 principis
514 1709 631 1756 vota
670 1706 1004 1772 susciperent,
1045 1707 1300 1758 Neronem
1340 1721 1540 1773 quoque
1579 1712 1627 1758 et
1652 1706 1867 1759 Drusum
1905 1706 2070 1758 isdem

238 1794 315 1848 dis
353 1796 793 1862 commendavere,
826 1813 929 1849 non
950 1803 1048 1849 tam
1075 1798 1285 1849 caritate
1310 1798 1545 1849 iuvenum
1576 1813 1724 1864 quam
1751 1797 2068 1860 adulatione3

237 1901 366 1954 quae
404 1888 632 1940 moribus
661 1891 911 1956 corruptis
951 1890 1164 1956 perinde
1203 1905 1408 1955 ancepS,
1449 1889 1494 1941 si
1534 1889 1669 1941 nulla
1709 1894 1759 1941 et
1793 1889 1880 1940 ubi
1915 1889 2068 1940 nimia

237 1984 328 2031 est.
404 1981 527 2032 Nam
582 1980 811 2032 Tiberius
868 1981 1001 2032 haud
1061 1996 1279 2048 unquam
1335 1981 1506 2032 domui
1565 1980 1856 2037 Germanici
1914 1980 2065 2044 mitiS‚

236 2075 337 2123 tum
377 2087 502 2123 vero
543 2072 749 2139 aequari
790 2073 1145 2125 adulescentes
1186 2079 1426 2125 senectae
1471 2087 1594 2125 suae
1635 2072 1953 2140 impatienter
1988 2071 2070 2123 in-

174 2174 224 2211 20
239 2163 398 2214 doluit
410 2181 423 2227 3
463 2164 757 2230 accitosque
792 2165 1056 2230 pontifices
1097 2169 1424 2230 percontatus
1461 2169 1553 2228 est,
1593 2179 1708 2214 num
1746 2163 1796 2214 id
1831 2162 2069 2230 precibus

234 2254 550 2323 Agrippinae
588 2260 671 2306 aut
708 2255 855 2308 minis
889 2255 1198 2307 tribuissent.

1274 2256 1335 2308 Et
1371 2255 1442 2306 illi
1481 2254 1712 2321 quidem,
1772 2268 2070 2321 quamquam

358 2418 395 2459 1.
430 2417 541 2472 quod
573 2417 737 2461 editor:
785 2419 824 2460 M
859 2433 936 2475 quo
971 2433 1067 2461 cum
1106 2419 1294 2471 lineola,
1344 2416 1535 2459 Orellius
1569 2416 1791 2471 quoniam,
1829 2413 2071 2459 Beroaldus

236 2477 421 2532 quando.
483 2478 730 2531 flamonium
761 2479 816 2520 Μ.

239 2539 307 2580 10.
341 2538 505 2578 scantia
537 2537 591 2579 M.
659 2539 725 2579 11.
762 2539 1011 2593 cupiebatur
1050 2538 1102 2581 Μ.

241 2597 307 2638 17.
349 2596 531 2650 proinde
564 2609 641 2649 per
675 2596 980 2650 compendium
1014 2598 1067 2639 M.

232 2655 447 2712 pontificis
481 2654 532 2696 M.
607 2656 836 2710 praecibus
870 2656 924 2697 M.

236 2790 370 2830 novio
416 2802 469 2830 ex
511 2788 649 2830 forma
698 2788 854 2831 tradita
886 2788 1111 2831 accederet

236 2861 343 2890 vere
377 2850 578 2890 restituta
624 2848 859 2903 respondet
891 2847 1017 2891 alteri
1053 2856 1106 2901 et,

239 2920 351 2964 quae
382 2907 663 2963 subsequitur
696 2915 734 2949 et
766 2908 876 2962 quod
906 2921 1000 2963 sqq.

328 2973 367 3007 et
396 2967 505 3021 quod
537 2968 698 3008 exiret:
731 2966 929 3009 Tiberius
960 2967 1108 3020 plures

240 3026 334 3068 eius
379 3028 439 3068 rei
483 3039 633 3068 causas
682 3039 945 3081 pei-censens
980 3039 1107 3067 unam

239 3087 509 3140 potissimam
552 3087 677 3128 affert
724 3099 774 3127 ac
806 3085 910 3127 duas
943 3098 1108 3126 secun-

239 3145 404 3198 darias3
429 3144 504 3186 has
523 3160 544 3187 a
561 3147 703 3199 priore
723 3145 954 3201 distinguit
973 3144 1106 3186 verbo

239 3206 471 3246 accedere:
506 3205 583 3246 sed
617 3218 712 3246 cum
735 3217 876 3259 neque
900 3204 1107 3245 accedere

239 3267 440 3318 quoniam
493 3278 638 3320 neque
678 3265 886 3305 accedere
939 3263 1107 3318 quando

237 3324 390 3365 Latine
405 3323 489 3364 dici
508 3325 659 3377 possit,
678 3337 772 3364 cum
799 3323 927 3365 etiam
947 3335 1107 3364 novum

241 3387 283 3425 ct
342 3382 522 3424 liberius
585 3383 833 3424 adiunctum
897 3382 1109 3423 sermonis

239 3440 476 3483 membrum
508 3455 531 3482 a
557 3444 758 3495 quoniam
787 3442 979 3483 inchoari
1006 3453 1110 3496 pro-

239 3506 338 3556 pter
369 3500 603 3554 particulas
639 3509 676 3542 et
706 3527 758 3533 ——
794 3508 831 3543 et
865 3502 995 3542 statui
1029 3513 1110 3541 ne-

243 3565 388 3613 queat,
422 3558 532 3599 nihil
566 3559 782 3614 reliquum
815 3561 1003 3612 videtur,
1028 3561 1111 3601 nisi

242 3623 289 3658 nt
321 3618 431 3673 quod
463 3631 517 3660 ex
551 3618 706 3661 tradito
758 3633 836 3673 quo
870 3620 1111 3670 eliciamus,

244 3687 502 3734 quamquam
567 3687 619 3719 eo
683 3678 941 3732 compendio
1004 3677 1113 3721 alias

888 2481 928 2521 7.
962 2481 1177 2535 promisco
1211 2478 1275 2530 M,
1309 2489 1396 2518 non
1423 2478 1683 2532 promiscuo.
1746 2474 1788 2518 8.
1822 2481 1978 2530 atquae
2011 2475 2066 2520 M.

1182 2538 1269 2579 HS.
1305 2536 1397 2578 XX.
1430 2536 1485 2578 M.

1166 2597 1234 2639 18.
1268 2609 1466 2650 umquam
1497 2594 1551 2636 M.

1554 2536 1622 2578 13.
1658 2548 1742 2576 cos.
1779 2546 1876 2579 cum
1906 2532 1983 2576 lin.
2014 2535 2068 2578 M.

1651 2593 1717 2637 19.
1752 2593 1841 2650 inp.
1876 2592 1931 2635 M.
1994 2595 2067 2638 20.

1198 2788 1398 2842 quoniam
1433 2786 1704 2841 exprimitur.
1769 2784 1848 2827 Pro
1883 2785 1994 2839 quod
2023 2787 2068 2828 in

1197 2847 1348 2889 eodem
1369 2846 1481 2888 libro
1505 2859 1583 2900 quo
1607 2845 1815 2899 scriptum
1839 2849 1906 2890 est
1924 2844 2066 2888 1v39.

1279 2902 1334 2949 ut
1362 2906 1480 2947 sedes
1511 2906 1625 2946 inter
1668 2902 1924 2950 Vestalium.-
1955 2903 2069 2947 Sue..

1196 2972 1285 3007 ton.
1309 2966 1424 3021 Aug.
1443 2966 1527 3007 44:
1561 2963 1797 3019 virqinibus
1832 2962 2069 3006 Vestalibus

1196 3025 1334 3066 locum
1366 3026 1411 3064 in
1443 3024 1610 3065 theatro
1638 3024 1873 3077 separatim
1894 3030 1934 3064 et
1961 3035 2068 3064 con-

1196 3092 1265 3126 tra
1294 3084 1509 3138 praetoris
1543 3080 1734 3123 tribunal
1766 3081 1892 3122 dedit.

1284 3142 1388 3196 Gap.
1429 3142 1495 3183 17.
1561 3155 1655 3182 cum
1684 3165 1738 3171 —
1771 3141 2068 3196 susciperent.-

1196 3216 1246 3243 ea
1280 3208 1381 3243 vota
1419 3205 1709 3253 susceperunt
1747 3199 1978 3252 pontifices
2011 3199 2067 3241 oh

1195 3262 1456 3303 decennium
1503 3260 1771 3312 principatus
1823 3272 1847 3300 a
1892 3258 2066 3301 Tiberio

1195 3326 1447 3375 peractum:
1500 3317 1584 3360 Dio
1639 3317 1754 3359 LVII
1799 3320 1872 3361 24.
1937 3316 2065 3358 Gaius

1196 3380 1249 3422 ad
1281 3380 1427 3436 legem
1458 3377 1687 3420 duodecim
1712 3376 1954 3418 tabularum
1973 3375 2017 3425 §.
2042 3377 2061 3417 1

1197 3439 1229 3481 l.
1251 3441 1338 3482 233
1356 3439 1457 3494 Dig.
1494 3438 1543 3479 dc
1565 3438 1679 3479 verb.
1705 3436 1851 3490 siquis.
1878 3432 1933 3488 (L
1961 3431 2064 3488 16):

1193 3506 1288 3555 post
1320 3497 1529 3540 kalendas
1563 3496 1798 3538 lanuarias
1841 3491 1907 3533 die
1939 3492 2063 3532 tertio

1193 3572 1274 3615 pro
1318 3557 1454 3599 salute
1491 3555 1702 3613 principis
1744 3558 1843 3593 vola
1880 3550 2064 3605 suscipi-

1196 3624 1340 3659 untur.
1397 3613 1618 3662 Plutarch.
1637 3611 1727 3659 Cic.
1752 3613 1794 3655 2.
1829 3607 2063 3664 Capitolin.

1197 3675 1359 3721 Pertin.
1394 3674 1436 3718 6.
1512 3670 1723 3716 indoluit:
1754 3681 1797 3714 v.
1834 3666 1886 3737 ad
1915 3665 2061 3719 11173.
