2280 4004
243 327 333 376 223
1017 322 1308 370 ANNALIVM

1814 335 1855 367 a.
1886 333 1931 370 u.
1961 315 2068 368 815.

244 467 477 519 seniores
519 463 669 516 amici
704 461 923 528 quietem
959 461 1236 528 respicere.
1310 462 1420 514 Hoc
1457 476 1658 530 quoque
1694 462 1747 516 in
1781 468 1916 518 tuam
1951 463 2103 533 glou

244 558 372 610 riam
414 555 576 619 cedet,
619 567 710 605 eos
746 553 808 604 ad
847 569 1040 605 summa
1074 554 1280 606 vexisse
1317 555 1401 620 qui
1434 554 1485 606 et
1519 555 1719 608 modica
1757 551 2072 609 tolerarent?
2135 590 2141 596 ⁴

243 648 325 699 Ad
368 661 497 712 quae
527 645 663 697 Nero
699 645 775 695 sic
818 643 978 696 ferme
1012 645 1306 711 respondit:
1351 641 1506 712 ‘quod
1543 646 1815 700 meditatae
1852 642 2157 700 orationi&

243 743 361 789 tuae
405 738 571 789 statim
610 750 895 801 occurram,
936 722 1239 803 id'primum
1276 736 1347 787 tui
1385 737 1608 789 muneris
1646 738 1829 804 habeo,
1870 737 1955 806 qui
1992 749 2075 791 me

207 842 349 883 snon
394 831 582 878 tantum
621 826 858 892 praevisa
908 826 1000 878 sed
1050 827 1214 878 subita
1263 826 1505 893 expedire
1547 827 1794 880 docuisti.
1865 828 2075 883 Abavus

245 933 388 970 meus
438 919 700 985 Augustus
739 917 1001 986 Agrippae
1047 922 1096 971 et
1128 918 1410 970 Maecenati
1458 933 1705 985 usurpare
1759 919 1914 972 otium
1960 919 2076 986 post

244 1009 451 1061 labores
501 1009 790 1074 concessit,
848 1009 939 1061 sed
992 1009 1044 1060 in
1102 1025 1162 1061 ea
1216 1009 1326 1076 ipsa
1378 1015 1542 1062 aetate
1601 1011 1743 1063 cuius
1798 1010 2077 1063 auctoritas

245 1105 471 1152 tueretur
512 1100 751 1167 quicquid
803 1099 924 1150 illud
968 1104 1018 1150 et
1060 1100 1424 1167 qualecumque
1475 1101 1759 1167 tribuisset3
1811 1117 1873 1155 ac
1908 1106 2078 1154 tamen

245 1197 477 1244 neutrum
510 1191 640 1242 datis
676 1206 704 1242 a
742 1206 799 1243 se
832 1191 1069 1256 praemiis
1110 1191 1261 1243 exuit.
1336 1191 1477 1243 Bello
1517 1197 1566 1243 et
1597 1192 1839 1258 periculis
1874 1200 2080 1245 merue-

180 1288 386 1335 mrant:
425 1283 478 1333 in
518 1283 581 1334 iis
623 1282 755 1334 enim
789 1282 993 1334 iuventa
1019 1281 1238 1349 Augusti
1274 1288 1475 1334 versata
1513 1288 1604 1334 est.
1677 1284 1785 1336 Nec
1819 1283 1941 1334 mihi
1976 1282 2078 1335 tela

247 1379 298 1425 et
336 1388 513 1425 manus
550 1378 668 1425 tuae
722 1373 1006 1424 defuissent
1043 1373 1095 1423 in
1148 1374 1301 1424 armis
1341 1373 1528 1441 agenti.
1604 1373 1703 1426 Sed
1756 1374 1891 1440 quod
1923 1388 2080 1440 prae-

247 1481 367 1517 sens
411 1464 636 1516 conditio
675 1464 946 1530 poscebat,
987 1464 1187 1515 ratione
1223 1464 1440 1516 consilio
1474 1465 1758 1531 praeceptis
1791 1464 2076 1531 pueritiam,

249 1557 369 1609 dein
402 1557 656 1607 iuventam
687 1570 849 1607 meam
878 1556 1066 1607 fovisti.
1141 1556 1203 1606 Et
1238 1560 1320 1607 tua
1347 1555 1546 1622 quidem
1580 1571 1702 1623 erga
1744 1572 1823 1609 me
1849 1570 2078 1622 munera,

251 1649 367 1699 dum
403 1648 506 1699 vita
544 1652 789 1718 suppetet,
829 1652 1036 1699 aeterna
1077 1652 1251 1698 erunt:
1295 1663 1424 1713 quae
1461 1663 1488 1699 a
1528 1664 1609 1699 me
1643 1647 1819 1712 habes,
1859 1647 1992 1700 horti
2030 1648 2080 1700 et

187 1755 232 1791 ιε.
253 1740 399 1791 fenus
442 1743 490 1790 et
524 1738 693 1803 villae,
726 1738 928 1790 casibus
969 1738 1190 1790 obnoxia
1224 1743 1353 1790 sunt.
1427 1739 1505 1790 Ac
1531 1738 1652 1790 licet
1685 1739 1835 1790 multa
1861 1738 2081 1791 videan-

250 1836 347 1896 tur,
383 1831 613 1897 plerique
646 1829 1033 1896 haudquaquam
1072 1831 1264 1881 artibus
1301 1831 1399 1881 tuis
1435 1845 1585 1896 pares
1617 1830 1759 1896 plura
1794 1833 2079 1882 tenuerunt.

247 1922 404 1973 Pudet
442 1921 639 1973 referre
677 1920 961 1985 libertinos,
1001 1921 1083 1987 qui
1121 1921 1332 1972 ditiores
1369 1926 1674 1987 spectantur.
1749 1921 1893 1993 Unde
1930 1921 2082 1973 etiam

248 2013 425 2064 rubori
481 2012 601 2063 mihi
659 2016 736 2063 est
793 2012 929 2078 quod
976 2012 1280 2079 praecipuus
1341 2013 1552 2065 caritate
1620 2011 1843 2064 nondum
1904 2025 2082 2065 omnes

372 2189 410 2229 1.
446 2186 623 2242 quietem
654 2185 734 2240 Ma,
769 2187 904 2242 quiete
937 2186 985 2230 G.
1077 2187 1291 2243 respicere
1324 2185 1553 2230 Petavius:
1586 2185 1654 2229 Ma
1687 2200 1783 2229 cum
1816 2187 1978 2230 ceteris
2007 2198 2084 2229 re-

251 2247 477 2303 spondere.
570 2248 612 2290 3.
651 2261 729 2302 que
761 2245 839 2289 Ma.
935 2254 972 2288 et
1003 2247 1113 2301 quod
1142 2246 1238 2289 Ma:
1273 2249 1466 2288 correxit
1497 2246 1683 2302 Lipsius,
1718 2255 1758 2290 et
1789 2259 1844 2288 ex
1875 2246 2084 2302 proximis

252 2307 324 2361 qui
354 2314 394 2348 et
425 2306 676 2362 repetitum.
743 2306 784 2348 5.
818 2321 921 2347 avus
954 2305 1045 2349 Ma:
1080 2305 1329 2348 emendavit
1349 2305 1537 2361 Lipsius,
1601 2306 1643 2349 6.
1675 2321 1737 2348 ms
1770 2318 1866 2347 cum
1898 2305 1976 2348 lin.
1999 2300 2082 2349 w.

250 2368 462 2408 mecenati
492 2365 572 2409 Ma.
652 2367 692 2409 7.
726 2366 815 2421 ipse
845 2367 898 2408 A.
970 2367 1178 2407 actor-itas
1207 2365 1288 2408 Ma.
1351 2365 1394 2409 8.
1430 2364 1688 2420 qualecaque
1719 2363 1798 2408 Ma.
1867 2365 1936 2408 14.
1969 2370 2086 2407 eter-

250 2438 312 2467 na
345 2423 425 2468 Ma.
523 2427 591 2469 15.
624 2428 781 2480 faenus
811 2423 890 2467 Ma.
984 2425 1195 2467 obnoxiae
1227 2423 1306 2467 Ma.
1410 2425 1477 2468 18.
1512 2439 1557 2466 os
1591 2438 1687 2466 cum
1722 2424 1800 2466 lin.
1833 2421 1915 2467 Ma.

251 2568 439 2611 Neronis
477 2574 668 2623 superest
708 2568 783 2609 tibi
820 2567 954 2608 robur
994 2575 1033 2609 et
1069 2575 1127 2609 tot

251 2641 331 2683 per
354 2640 493 2667 annos
522 2629 695 2667 visum
727 2627 895 2681 fastigii
920 2628 1125 2681 reyimen,

255 2687 441 2728 alterum
470 2699 691 2740 possumus
722 2686 914 2726 seniores
949 2687 1128 2739 quietem

252 2745 548 2800 respicere
601 2758 656 2786 ex
715 2749 839 2798 parte
889 2745 1125 2786 seniorum.

255 2806 488 2860 Respicere
521 2803 635 2844 idem
669 2803 763 2846 fere
807 2804 850 2846 h.
885 2803 914 2845 l.
950 2803 1129 2845 denotat

257 2863 372 2919 quod
396 2864 736 2917 circumspicere
771 2869 814 2904 et
836 2869 1002 2917 optare.
1058 2862 1124 2905 Cf.

256 2924 351 2964 Liv.
384 2922 444 2964 IV
482 2923 559 2965 17:
597 2923 774 2977 propius
804 2929 864 2964 est
892 2923 1018 2976 fidem
1050 2923 1128 2963 ob-

258 2981 415 3036 strinyi
436 2981 705 3022 Fidenatium
726 2981 941 3038 populum,
967 2995 1021 3021 ne
1053 2996 1128 3023 rc-

259 3042 426 3098 spicere
468 3054 584 3096 spem
637 3039 772 3081 ullam
820 3040 874 3081 ab
920 3041 1129 3083 Romanis

255 3106 420 3157 posset,
481 3100 747 3141 conscientia
799 3100 910 3141 tanti
955 3099 1130 3141 sceleris

259 3159 458 3201 voluisse.
535 3159 777 3212 Seyffertus
805 3159 1024 3215 provisum
1054 3162 1130 3214 fa-

260 3220 378 3274 stiyii
411 3219 605 3272 regimen
637 3218 928 3272 adoptandum
961 3218 1130 3270 suadet,

260 3277 603 3333 Bezzenberger
628 3279 764 3332 quiete
785 3280 934 3333 frenos
953 3291 1131 3333 ponere.

333 3337 437 3390 Gap.
463 3336 532 3379 55.
580 3336 740 3378 abavus
762 3351 876 3378 meus
895 3337 1134 3392 Auyuslus:

261 3409 304 3437 v.
341 3400 488 3437 annot.
524 3394 576 3436 ad
611 3409 648 3437 c.
686 3397 757 3438 53.
830 3395 989 3450 Incipit
1019 3395 1133 3437 Nero

263 3455 534 3510 argumentis
579 3468 603 3495 a
637 3455 807 3497 Seneca
839 3455 1020 3509 prolatis
1054 3467 1134 3497 oc-

263 3526 455 3555 currere.
519 3513 618 3554 Mox
649 3514 696 3554 in
730 3527 782 3555 ea
811 3515 908 3569 ipsa
940 3514 1135 3569 diligen-

263 3574 367 3613 tiam
410 3584 497 3613 non
540 3572 777 3614 Tacitinam
827 3586 983 3627 sapere
1026 3573 1134 3614 mihi

263 3631 439 3671 videtur
459 3630 532 3673 vel
565 3632 609 3672 in
640 3633 842 3673 oratione
867 3633 921 3674 ad
944 3632 1133 3674 alienam

264 3688 457 3746 indolem
496 3702 716 3748 expressa.
788 3691 997 3743 Fortasse
1021 3693 1134 3752 ⁴ipsa

1212 2568 1448 2621 ascriptum
1481 2567 1533 2609 ab
1563 2567 1708 2609 aliena
1730 2579 1859 2608 manu
1891 2570 1966 2608 aut
1994 2563 2084 2606 dit..

1211 2626 1444 2682 tographia
1500 2640 1553 2667 ex
1604 2626 1864 2680 compendio
1916 2629 2082 2667 natum.

1210 2684 1524 2739 Interpretatur
1559 2685 1808 2727 waltherus
1834 2685 2083 2740 Augustum

1211 2747 1314 2785 tunc
1362 2758 1445 2786 nec
1491 2745 1657 2785 minore
1711 2757 1794 2785 nec
1848 2741 2083 2799 grandiore

1211 2809 1370 2856 aetate,
1404 2816 1531 2858 quam
1561 2805 1684 2845 cuius
1711 2803 1949 2845 auctoritas
1981 2806 2085 2844 tue-

1212 2869 1334 2905 retur
1381 2869 1466 2905 cet.
1541 2865 1631 2919 ipse
1680 2863 1795 2904 coni.
1838 2861 2083 2904 Ernestius.

1215 2936 1321 2979 crya
1339 2936 1403 2963 me
1421 2935 1626 2974 munera.-
1653 2922 1709 2964 cf.
1724 2926 1872 2963 annot.
1893 2920 1947 2964 ad
1965 2919 2084 2964 1112.

1304 2981 1408 3035 Cap.
1446 2981 1517 3024 56.
1598 2982 1803 3036 rebusque
1845 2987 1886 3022 et
1923 2977 2088 3036 fructui

1215 3054 1387 3082 rerum.-
1419 3053 1462 3082 v.
1497 3046 1645 3083 annot.
1679 3040 1732 3082 ad
1763 3038 1859 3081 XIII
1888 3041 1931 3082 2.
1995 3038 2086 3081 Va-

1216 3100 1349 3141 lidam
1382 3105 1569 3141 aetatem
1618 3099 1724 3141 dicit
1762 3098 1935 3153 imperii
1968 3097 2086 3139 curis

1217 3159 1486 3201 sustinendis
1512 3164 1670 3212 aptam,
1703 3159 1828 3199 rebus
1858 3164 1898 3200 et
1923 3154 2088 3212 fructus*

1217 3232 1362 3259 rerum
1383 3219 1665 3272 sufficientem
1697 3230 1808 3269 eam,
1843 3229 1956 3273 quae
1977 3226 2087 3271 opes

1218 3278 1520 3319 administrare
1552 3277 1696 3332 iisque
1728 3276 1813 3318 frui
1845 3281 2005 3331 potest.

1306 3338 1392 3378 nisi
1414 3339 1528 3391 sorte
1547 3362 1600 3369 -—
1620 3335 1792 3391 explere
1813 3331 1903 3377 vion
1920 3339 2083 3390 potest.-

1221 3395 1273 3437 ad
1317 3409 1441 3437 suum
1491 3408 1595 3452 erga
1639 3396 1849 3438 Senecam
1887 3395 2085 3437 savorem

1222 3460 1264 3496 et
1298 3455 1557 3497 donationes
1586 3454 1854 3496 excusandas
1885 3453 1969 3494 duo
2001 3464 2084 3493 ex-

1222 3514 1365 3569 empla
1415 3514 1612 3568 profert,
1673 3513 1857 3555 alterum
1912 3508 2085 3552 Vitellii

1220 3571 1461 3615 honoribus
1504 3578 1678 3626 praeter
1717 3577 1888 3614 ceteros
1920 3569 2084 3621 evecti,

1220 3631 1406 3675 alterum
1451 3631 1624 3673 Volusii
1668 3630 1839 3673 easdem
1883 3640 1990 3684 opes
2030 3640 2085 3671 ao

1220 3690 1388 3738 Seneca
1423 3689 1688 3749 parsimonia
1717 3687 1876 3746 adepti.
1939 3686 2086 3734 Volu-
