<?xml version="1.0" encoding="UTF-8"?>
<!DOCTYPE html PUBLIC "-//W3C//DTD XHTML 1.0 Transitional//EN"
    "http://www.w3.org/TR/xhtml1/DTD/xhtml1-transitional.dtd">
<html xmlns="http://www.w3.org/1999/xhtml" xml:lang="en" lang="en">
 <head>
  <title>
</title>
<meta http-equiv="Content-Type" content="text/html;charset=utf-8" />
  <meta name='ocr-system' content='tesseract 3.04.00' />
  <meta name='ocr-capabilities' content='ocr_page ocr_carea ocr_par ocr_line ocrx_word'/>
</head>
<body>
  <div class='ocr_page' id='page_1' title='image "./operaadcodicesan01taciuoft_0773.png"; bbox 0 0 2280 4004; ppageno 0'>
   <div class='ocr_carea' id='block_1_1' title="bbox 227 309 2054 362">
    <p class='ocr_par' dir='ltr' id='par_1_1' title="bbox 227 309 2054 362">
     <span class='ocr_line' id='line_1_1' title="bbox 227 309 2054 362; baseline 0.004 -9"><span class='ocrx_word' id='word_1_1' title='bbox 227 316 252 352; x_wconf 68' lang='lat' dir='ltr'><strong>a</strong></span> <span class='ocrx_word' id='word_1_2' title='bbox 282 309 331 353; x_wconf 84' lang='lat' dir='ltr'><strong>C.</strong></span> <span class='ocrx_word' id='word_1_3' title='bbox 365 310 437 354; x_wconf 84' lang='lat'><strong>65.</strong></span> <span class='ocrx_word' id='word_1_4' title='bbox 794 313 962 356; x_wconf 88' lang='lat' dir='ltr'>LIBER</span> <span class='ocrx_word' id='word_1_5' title='bbox 991 314 1108 357; x_wconf 83' lang='lat' dir='ltr'><strong>XVI.</strong></span> <span class='ocrx_word' id='word_1_6' title='bbox 1171 314 1276 357; x_wconf 62' lang='lat' dir='ltr'><strong>CAR.</strong></span> <span class='ocrx_word' id='word_1_7' title='bbox 1316 315 1503 359; x_wconf 86' lang='lat'><strong>10—13.</strong></span> <span class='ocrx_word' id='word_1_8' title='bbox 1967 321 2054 362; x_wconf 78' lang='lat'><strong>323</strong></span> 
     </span>
    </p>
   </div>
   <div class='ocr_carea' id='block_1_2' title="bbox 144 452 2120 1968">
    <p class='ocr_par' dir='ltr' id='par_1_2' title="bbox 227 452 2056 790">
     <span class='ocr_line' id='line_1_2' title="bbox 227 452 2049 520; baseline 0.001 -17"><span class='ocrx_word' id='word_1_9' title='bbox 227 453 516 504; x_wconf 86' lang='lat' dir='ltr'><strong>morituros.</strong></span> <span class='ocrx_word' id='word_1_10' title='bbox 591 452 923 518; x_wconf 82' lang='lat' dir='ltr'><strong>Servavitque</strong></span> <span class='ocrx_word' id='word_1_11' title='bbox 962 452 1193 503; x_wconf 86' lang='lat' dir='ltr'>ordinem</span> <span class='ocrx_word' id='word_1_12' title='bbox 1237 452 1438 504; x_wconf 83' lang='lat' dir='ltr'><strong>fortuna</strong></span> <span class='ocrx_word' id='word_1_13' title='bbox 1459 470 1473 516; x_wconf 84' lang='lat'><em>3</em></span> <span class='ocrx_word' id='word_1_14' title='bbox 1521 468 1586 503; x_wconf 51' lang='lat' dir='ltr'><strong>‘ac</strong></span> <span class='ocrx_word' id='word_1_15' title='bbox 1623 453 1856 505; x_wconf 83' lang='lat' dir='ltr'><strong>seniores</strong></span> <span class='ocrx_word' id='word_1_16' title='bbox 1894 455 2049 520; x_wconf 83' lang='lat' dir='ltr'><strong>priuS,</strong></span> 
     </span>
     <span class='ocr_line' id='line_1_3' title="bbox 227 542 2053 610; baseline 0.002 -18"><span class='ocrx_word' id='word_1_17' title='bbox 227 547 328 593; x_wconf 84' lang='lat' dir='ltr'><strong>tum</strong></span> <span class='ocrx_word' id='word_1_18' title='bbox 362 543 440 594; x_wconf 87' lang='lat' dir='ltr'><strong>cui</strong></span> <span class='ocrx_word' id='word_1_19' title='bbox 476 542 637 608; x_wconf 87' lang='lat' dir='ltr'><strong>prima</strong></span> <span class='ocrx_word' id='word_1_20' title='bbox 676 547 834 607; x_wconf 87' lang='lat' dir='ltr'><strong>aetas,</strong></span> <span class='ocrx_word' id='word_1_21' title='bbox 868 543 1241 609; x_wconf 85' lang='lat' dir='ltr'><strong>extinguuntur.</strong></span> <span class='ocrx_word' id='word_1_22' title='bbox 1315 543 1555 594; x_wconf 89' lang='lat' dir='ltr'><strong>Accusati</strong></span> <span class='ocrx_word' id='word_1_23' title='bbox 1587 548 1703 609; x_wconf 88' lang='lat' dir='ltr'><strong>post</strong></span> <span class='ocrx_word' id='word_1_24' title='bbox 1731 544 2053 610; x_wconf 79' lang='lat' dir='ltr'><strong>sepulturam,</strong></span> 
     </span>
     <span class='ocr_line' id='line_1_4' title="bbox 231 632 2056 698; baseline 0.002 -15"><span class='ocrx_word' id='word_1_25' title='bbox 231 632 590 698; x_wconf 87' lang='lat' dir='ltr'><strong>decretumque</strong></span> <span class='ocrx_word' id='word_1_26' title='bbox 632 637 686 682; x_wconf 91' lang='lat' dir='ltr'><strong>ut</strong></span> <span class='ocrx_word' id='word_1_27' title='bbox 737 647 880 683; x_wconf 90' lang='lat' dir='ltr'><strong>more</strong></span> <span class='ocrx_word' id='word_1_28' title='bbox 931 633 1176 683; x_wconf 87' lang='lat' dir='ltr'><strong>maiorum</strong></span> <span class='ocrx_word' id='word_1_29' title='bbox 1221 632 1532 698; x_wconf 81' lang='lat' dir='ltr'><strong>punirentur.</strong></span> <span class='ocrx_word' id='word_1_30' title='bbox 1567 667 1570 670; x_wconf 52' lang='lat'><strong>&gt;</strong></span> <span class='ocrx_word' id='word_1_31' title='bbox 1605 634 1668 684; x_wconf 83' lang='lat' dir='ltr'><strong>Et</strong></span> <span class='ocrx_word' id='word_1_32' title='bbox 1704 635 1840 686; x_wconf 89' lang='lat' dir='ltr'><strong>Nero</strong></span> <span class='ocrx_word' id='word_1_33' title='bbox 1890 635 2056 687; x_wconf 89' lang='lat' dir='ltr'><strong>inter-</strong></span> 
     </span>
     <span class='ocr_line' id='line_1_5' title="bbox 227 723 2054 790; baseline 0.003 -18"><span class='ocrx_word' id='word_1_34' title='bbox 227 723 399 786; x_wconf 78' lang='lat' dir='ltr'><strong>cessit,</strong></span> <span class='ocrx_word' id='word_1_35' title='bbox 442 727 654 773; x_wconf 88' lang='lat' dir='ltr'><strong>mortem</strong></span> <span class='ocrx_word' id='word_1_36' title='bbox 698 723 809 774; x_wconf 88' lang='lat' dir='ltr'><strong>sine</strong></span> <span class='ocrx_word' id='word_1_37' title='bbox 842 723 1031 774; x_wconf 87' lang='lat' dir='ltr'><strong>arbitro</strong></span> <span class='ocrx_word' id='word_1_38' title='bbox 1068 723 1379 788; x_wconf 87' lang='lat' dir='ltr'><strong>permittens.</strong></span> <span class='ocrx_word' id='word_1_39' title='bbox 1453 723 1525 773; x_wconf 89' lang='lat' dir='ltr'><strong>Ea</strong></span> <span class='ocrx_word' id='word_1_40' title='bbox 1569 724 1809 775; x_wconf 88' lang='lat' dir='ltr'><strong>caedibus</strong></span> <span class='ocrx_word' id='word_1_41' title='bbox 1834 726 2054 790; x_wconf 84' lang='lat' dir='ltr'><strong>peractis</strong></span> 
     </span>
    </p>

    <p class='ocr_par' dir='ltr' id='par_1_3' title="bbox 145 812 2119 1590">
     <span class='ocr_line' id='line_1_6' title="bbox 145 812 2093 881; baseline 0.004 -20"><span class='ocrx_word' id='word_1_42' title='bbox 145 813 212 861; x_wconf 82' lang='lat'><strong>12</strong></span> <span class='ocrx_word' id='word_1_43' title='bbox 232 812 447 863; x_wconf 83' lang='lat' dir='ltr'><strong>ludibria</strong></span> <span class='ocrx_word' id='word_1_44' title='bbox 491 813 859 864; x_wconf 82' lang='lat' dir='ltr'><strong>adiciebantur.</strong></span> <span class='ocrx_word' id='word_1_45' title='bbox 931 814 1131 864; x_wconf 88' lang='lat' dir='ltr'><strong>Publius</strong></span> <span class='ocrx_word' id='word_1_46' title='bbox 1173 813 1343 864; x_wconf 86' lang='lat' dir='ltr'><strong>Gallus</strong></span> <span class='ocrx_word' id='word_1_47' title='bbox 1383 828 1538 878; x_wconf 87' lang='lat' dir='ltr'><strong>eques</strong></span> <span class='ocrx_word' id='word_1_48' title='bbox 1578 815 1860 880; x_wconf 88' lang='lat' dir='ltr'><strong>Romanus,</strong></span> <span class='ocrx_word' id='word_1_49' title='bbox 1917 816 2093 881; x_wconf 78' lang='lat' dir='ltr'><strong>quods</strong></span> 
     </span>
     <span class='ocr_line' id='line_1_7' title="bbox 227 904 2054 972; baseline 0.002 -18"><span class='ocrx_word' id='word_1_50' title='bbox 227 904 413 954; x_wconf 84' lang='lat' dir='ltr'><strong>Faenio</strong></span> <span class='ocrx_word' id='word_1_51' title='bbox 452 904 822 956; x_wconf 88' lang='lat' dir='ltr'><strong>Rufointimus</strong></span> <span class='ocrx_word' id='word_1_52' title='bbox 860 910 909 955; x_wconf 86' lang='lat' dir='ltr'><strong>et</strong></span> <span class='ocrx_word' id='word_1_53' title='bbox 938 905 1108 956; x_wconf 89' lang='lat' dir='ltr'><strong>Veteri</strong></span> <span class='ocrx_word' id='word_1_54' title='bbox 1143 918 1246 954; x_wconf 91' lang='lat' dir='ltr'><strong>non</strong></span> <span class='ocrx_word' id='word_1_55' title='bbox 1285 904 1479 955; x_wconf 83' lang='lat' dir='ltr'><strong>alienus</strong></span> <span class='ocrx_word' id='word_1_56' title='bbox 1520 904 1699 968; x_wconf 87' lang='lat' dir='ltr'><strong>fuerat,</strong></span> <span class='ocrx_word' id='word_1_57' title='bbox 1738 920 1866 971; x_wconf 89' lang='lat' dir='ltr'><strong>aqua</strong></span> <span class='ocrx_word' id='word_1_58' title='bbox 1905 912 2054 972; x_wconf 85' lang='lat' dir='ltr'><strong>atque</strong></span> 
     </span>
     <span class='ocr_line' id='line_1_8' title="bbox 227 995 2053 1061; baseline 0.002 -17"><span class='ocrx_word' id='word_1_59' title='bbox 227 995 343 1060; x_wconf 80' lang='lat' dir='ltr'><strong>igni</strong></span> <span class='ocrx_word' id='word_1_60' title='bbox 373 995 652 1060; x_wconf 89' lang='lat' dir='ltr'><strong>prohibitus</strong></span> <span class='ocrx_word' id='word_1_61' title='bbox 692 999 782 1045; x_wconf 89' lang='lat' dir='ltr'><strong>est.</strong></span> <span class='ocrx_word' id='word_1_62' title='bbox 858 995 1067 1046; x_wconf 87' lang='lat' dir='ltr'><strong>Liberto</strong></span> <span class='ocrx_word' id='word_1_63' title='bbox 1110 999 1159 1045; x_wconf 90' lang='lat' dir='ltr'><strong>et</strong></span> <span class='ocrx_word' id='word_1_64' title='bbox 1197 995 1485 1044; x_wconf 86' lang='lat' dir='ltr'><strong>accusatori</strong></span> <span class='ocrx_word' id='word_1_65' title='bbox 1535 996 1809 1059; x_wconf 84' lang='lat' dir='ltr'><strong>praemium</strong></span> <span class='ocrx_word' id='word_1_66' title='bbox 1864 1011 2053 1061; x_wconf 88' lang='lat' dir='ltr'><strong>operae</strong></span> 
     </span>
     <span class='ocr_line' id='line_1_9' title="bbox 231 1084 2051 1141; baseline 0.002 -7"><span class='ocrx_word' id='word_1_67' title='bbox 231 1084 375 1141; x_wconf 84' lang='lat' dir='ltr'><strong>locus</strong></span> <span class='ocrx_word' id='word_1_68' title='bbox 415 1086 464 1135; x_wconf 91' lang='lat' dir='ltr'><strong>in</strong></span> <span class='ocrx_word' id='word_1_69' title='bbox 502 1086 700 1136; x_wconf 88' lang='lat' dir='ltr'><strong>theatro</strong></span> <span class='ocrx_word' id='word_1_70' title='bbox 739 1085 871 1137; x_wconf 90' lang='lat' dir='ltr'><strong>inter</strong></span> <span class='ocrx_word' id='word_1_71' title='bbox 908 1085 1132 1136; x_wconf 89' lang='lat' dir='ltr'><strong>viatores</strong></span> <span class='ocrx_word' id='word_1_72' title='bbox 1174 1085 1473 1135; x_wconf 87' lang='lat' dir='ltr'><strong>tribunicios</strong></span> <span class='ocrx_word' id='word_1_73' title='bbox 1529 1085 1689 1135; x_wconf 90' lang='lat' dir='ltr'><strong>datur.</strong></span> <span class='ocrx_word' id='word_1_74' title='bbox 1763 1086 1826 1136; x_wconf 87' lang='lat' dir='ltr'><strong>Et</strong></span> <span class='ocrx_word' id='word_1_75' title='bbox 1862 1088 2051 1138; x_wconf 91' lang='lat' dir='ltr'><strong>mensis</strong></span> 
     </span>
     <span class='ocr_line' id='line_1_10' title="bbox 226 1175 2052 1242; baseline 0.001 -17"><span class='ocrx_word' id='word_1_76' title='bbox 226 1176 313 1241; x_wconf 87' lang='lat' dir='ltr'><strong>qui</strong></span> <span class='ocrx_word' id='word_1_77' title='bbox 349 1176 575 1241; x_wconf 90' lang='lat' dir='ltr'><strong>Aprilem</strong></span> <span class='ocrx_word' id='word_1_78' title='bbox 614 1175 929 1240; x_wconf 87' lang='lat' dir='ltr'><strong>eundemque</strong></span> <span class='ocrx_word' id='word_1_79' title='bbox 964 1176 1251 1227; x_wconf 88' lang='lat' dir='ltr'><strong>Neroneum</strong></span> <span class='ocrx_word' id='word_1_80' title='bbox 1287 1175 1608 1240; x_wconf 85' lang='lat' dir='ltr'><strong>sequebatur,</strong></span> <span class='ocrx_word' id='word_1_81' title='bbox 1648 1176 1809 1228; x_wconf 90' lang='lat' dir='ltr'><strong>Maius</strong></span> <span class='ocrx_word' id='word_1_82' title='bbox 1838 1177 2052 1242; x_wconf 87' lang='lat' dir='ltr'><strong>Claudii,</strong></span> 
     </span>
     <span class='ocr_line' id='line_1_11' title="bbox 226 1252 2119 1329; baseline 0.001 -12"><span class='ocrx_word' id='word_1_83' title='bbox 226 1252 396 1317; x_wconf 79' lang='lat' dir='ltr'><strong>Iunius</strong></span> <span class='ocrx_word' id='word_1_84' title='bbox 451 1266 739 1317; x_wconf 88' lang='lat' dir='ltr'><strong>Germanici</strong></span> <span class='ocrx_word' id='word_1_85' title='bbox 795 1265 1059 1316; x_wconf 85' lang='lat' dir='ltr'><strong>vocabulis</strong></span> <span class='ocrx_word' id='word_1_86' title='bbox 1108 1270 1387 1329; x_wconf 87' lang='lat' dir='ltr'><strong>mutantur,</strong></span> <span class='ocrx_word' id='word_1_87' title='bbox 1455 1265 1755 1317; x_wconf 86' lang='lat' dir='ltr'><strong>testificante</strong></span> <span class='ocrx_word' id='word_1_88' title='bbox 1815 1267 2119 1321; x_wconf 82' lang='lat' dir='ltr'><strong>Corneliom</strong></span> 
     </span>
     <span class='ocr_line' id='line_1_12' title="bbox 229 1357 2050 1423; baseline -0.001 -13"><span class='ocrx_word' id='word_1_89' title='bbox 229 1357 415 1421; x_wconf 77' lang='lat' dir='ltr'><strong>Orfito,</strong></span> <span class='ocrx_word' id='word_1_90' title='bbox 470 1358 554 1423; x_wconf 92' lang='lat' dir='ltr'><strong>qui</strong></span> <span class='ocrx_word' id='word_1_91' title='bbox 587 1357 638 1408; x_wconf 85' lang='lat' dir='ltr'><strong>id</strong></span> <span class='ocrx_word' id='word_1_92' title='bbox 680 1362 977 1421; x_wconf 86' lang='lat' dir='ltr'><strong>censuerat,</strong></span> <span class='ocrx_word' id='word_1_93' title='bbox 1029 1357 1146 1408; x_wconf 93' lang='lat' dir='ltr'><strong>ideo</strong></span> <span class='ocrx_word' id='word_1_94' title='bbox 1187 1357 1380 1408; x_wconf 91' lang='lat' dir='ltr'><strong>Iunium</strong></span> <span class='ocrx_word' id='word_1_95' title='bbox 1417 1372 1642 1409; x_wconf 92' lang='lat' dir='ltr'><strong>mensem</strong></span> <span class='ocrx_word' id='word_1_96' title='bbox 1682 1359 2050 1422; x_wconf 89' lang='lat' dir='ltr'><strong>transmissum,</strong></span> 
     </span>
     <span class='ocr_line' id='line_1_13' title="bbox 229 1448 2054 1514; baseline 0.001 -17"><span class='ocrx_word' id='word_1_97' title='bbox 229 1448 344 1514; x_wconf 86' lang='lat' dir='ltr'><strong>quia</strong></span> <span class='ocrx_word' id='word_1_98' title='bbox 386 1448 485 1499; x_wconf 87' lang='lat' dir='ltr'><strong>duo</strong></span> <span class='ocrx_word' id='word_1_99' title='bbox 522 1448 620 1499; x_wconf 92' lang='lat' dir='ltr'><strong>iam</strong></span> <span class='ocrx_word' id='word_1_100' title='bbox 651 1449 889 1514; x_wconf 90' lang='lat' dir='ltr'><strong>Torquati</strong></span> <span class='ocrx_word' id='word_1_101' title='bbox 929 1448 994 1499; x_wconf 91' lang='lat' dir='ltr'><strong>ob</strong></span> <span class='ocrx_word' id='word_1_102' title='bbox 1033 1448 1230 1500; x_wconf 90' lang='lat' dir='ltr'><strong>scelera</strong></span> <span class='ocrx_word' id='word_1_103' title='bbox 1269 1449 1524 1500; x_wconf 86' lang='lat' dir='ltr'><strong>interfecti</strong></span> <span class='ocrx_word' id='word_1_104' title='bbox 1563 1449 1835 1501; x_wconf 90' lang='lat' dir='ltr'><strong>infaustum</strong></span> <span class='ocrx_word' id='word_1_105' title='bbox 1869 1464 2054 1501; x_wconf 89' lang='lat' dir='ltr'><strong>nomen</strong></span> 
     </span>
     <span class='ocr_line' id='line_1_14' title="bbox 229 1538 717 1590; baseline 0 -1"><span class='ocrx_word' id='word_1_106' title='bbox 229 1539 421 1589; x_wconf 87' lang='lat' dir='ltr'><strong>Iunium</strong></span> <span class='ocrx_word' id='word_1_107' title='bbox 459 1538 717 1590; x_wconf 80' lang='lat' dir='ltr'><strong>fecissent.</strong></span> 
     </span>
    </p>

    <p class='ocr_par' dir='ltr' id='par_1_4' title="bbox 144 1629 2120 1968">
     <span class='ocr_line' id='line_1_15' title="bbox 144 1629 2056 1697; baseline 0 -17"><span class='ocrx_word' id='word_1_108' title='bbox 144 1632 213 1680; x_wconf 83' lang='lat'><strong>13</strong></span> <span class='ocrx_word' id='word_1_109' title='bbox 366 1629 459 1679; x_wconf 80' lang='lat' dir='ltr'><strong>‘l&#39;ot</strong></span> <span class='ocrx_word' id='word_1_110' title='bbox 495 1629 810 1682; x_wconf 86' lang='lat' dir='ltr'><strong>facinoribus</strong></span> <span class='ocrx_word' id='word_1_111' title='bbox 850 1630 1054 1682; x_wconf 86' lang='lat' dir='ltr'><strong>foedum</strong></span> <span class='ocrx_word' id='word_1_112' title='bbox 1093 1645 1274 1682; x_wconf 90' lang='lat' dir='ltr'><strong>annum</strong></span> <span class='ocrx_word' id='word_1_113' title='bbox 1314 1630 1462 1681; x_wconf 90' lang='lat' dir='ltr'><strong>etiam</strong></span> <span class='ocrx_word' id='word_1_114' title='bbox 1503 1629 1554 1680; x_wconf 92' lang='lat' dir='ltr'><strong>di</strong></span> <span class='ocrx_word' id='word_1_115' title='bbox 1591 1630 1968 1697; x_wconf 87' lang='lat' dir='ltr'><strong>tempestatibus</strong></span> <span class='ocrx_word' id='word_1_116' title='bbox 2007 1635 2056 1681; x_wconf 92' lang='lat' dir='ltr'><strong>et</strong></span> 
     </span>
     <span class='ocr_line' id='line_1_16' title="bbox 226 1719 2120 1786; baseline 0.001 -16"><span class='ocrx_word' id='word_1_117' title='bbox 226 1719 418 1770; x_wconf 86' lang='lat' dir='ltr'><strong>morbis</strong></span> <span class='ocrx_word' id='word_1_118' title='bbox 477 1719 810 1786; x_wconf 86' lang='lat' dir='ltr'><strong>insignivere.</strong></span> <span class='ocrx_word' id='word_1_119' title='bbox 919 1723 1122 1773; x_wconf 91' lang='lat' dir='ltr'><strong>Vastata</strong></span> <span class='ocrx_word' id='word_1_120' title='bbox 1177 1722 1447 1786; x_wconf 86' lang='lat' dir='ltr'><strong>Campania</strong></span> <span class='ocrx_word' id='word_1_121' title='bbox 1509 1721 1709 1773; x_wconf 87' lang='lat' dir='ltr'><strong>turbine</strong></span> <span class='ocrx_word' id='word_1_122' title='bbox 1769 1725 2051 1785; x_wconf 87' lang='lat' dir='ltr'><strong>ventorum,</strong></span> <span class='ocrx_word' id='word_1_123' title='bbox 2073 1738 2120 1772; x_wconf 72' lang='grc' dir='ltr'><strong>ιε»</strong></span> 
     </span>
     <span class='ocr_line' id='line_1_17' title="bbox 231 1810 2057 1878; baseline 0.001 -18"><span class='ocrx_word' id='word_1_124' title='bbox 231 1811 315 1876; x_wconf 92' lang='lat' dir='ltr'><strong>qui</strong></span> <span class='ocrx_word' id='word_1_125' title='bbox 355 1810 503 1861; x_wconf 89' lang='lat' dir='ltr'><strong>villas</strong></span> <span class='ocrx_word' id='word_1_126' title='bbox 537 1811 740 1862; x_wconf 87' lang='lat' dir='ltr'><strong>arbusta</strong></span> <span class='ocrx_word' id='word_1_127' title='bbox 777 1812 952 1878; x_wconf 84' lang='lat' dir='ltr'><strong>fruges</strong></span> <span class='ocrx_word' id='word_1_128' title='bbox 993 1812 1181 1877; x_wconf 89' lang='lat' dir='ltr'><strong>passim</strong></span> <span class='ocrx_word' id='word_1_129' title='bbox 1238 1812 1463 1875; x_wconf 83' lang='lat' dir='ltr'><strong>disiecit,</strong></span> <span class='ocrx_word' id='word_1_130' title='bbox 1519 1811 1820 1876; x_wconf 85' lang='lat' dir='ltr'><strong>pertulitque</strong></span> <span class='ocrx_word' id='word_1_131' title='bbox 1854 1811 2057 1861; x_wconf 90' lang='lat' dir='ltr'><strong>violen-</strong></span> 
     </span>
     <span class='ocr_line' id='line_1_18' title="bbox 227 1901 2054 1968; baseline 0 -17"><span class='ocrx_word' id='word_1_132' title='bbox 227 1902 345 1952; x_wconf 80' lang='lat' dir='ltr'><strong>tiam</strong></span> <span class='ocrx_word' id='word_1_133' title='bbox 403 1902 466 1952; x_wconf 87' lang='lat' dir='ltr'><strong>ad</strong></span> <span class='ocrx_word' id='word_1_134' title='bbox 506 1902 707 1953; x_wconf 88' lang='lat' dir='ltr'><strong>moenia</strong></span> <span class='ocrx_word' id='word_1_135' title='bbox 756 1903 927 1966; x_wconf 81' lang='lat' dir='ltr'><strong>urbis3</strong></span> <span class='ocrx_word' id='word_1_136' title='bbox 984 1904 1034 1952; x_wconf 93' lang='lat' dir='ltr'><strong>in</strong></span> <span class='ocrx_word' id='word_1_137' title='bbox 1085 1917 1180 1968; x_wconf 89' lang='lat' dir='ltr'><strong>qua</strong></span> <span class='ocrx_word' id='word_1_138' title='bbox 1233 1916 1381 1953; x_wconf 92' lang='lat' dir='ltr'><strong>omne</strong></span> <span class='ocrx_word' id='word_1_139' title='bbox 1432 1901 1718 1952; x_wconf 88' lang='lat' dir='ltr'><strong>mortalium</strong></span> <span class='ocrx_word' id='word_1_140' title='bbox 1766 1916 1928 1968; x_wconf 84' lang='lat' dir='ltr'><strong>genus</strong></span> <span class='ocrx_word' id='word_1_141' title='bbox 1976 1905 2054 1952; x_wconf 88' lang='lat' dir='ltr'><strong>vis</strong></span> 
     </span>
    </p>
   </div>
   <div class='ocr_carea' id='block_1_3' title="bbox 226 2053 2059 2408">
    <p class='ocr_par' dir='ltr' id='par_1_5' title="bbox 226 2053 2059 2408">
     <span class='ocr_line' id='line_1_19' title="bbox 355 2053 2059 2107; baseline -0.001 -11"><span class='ocrx_word' id='word_1_142' title='bbox 355 2056 392 2096; x_wconf 93' lang='lat'><strong>1.</strong></span> <span class='ocrx_word' id='word_1_143' title='bbox 426 2056 615 2096; x_wconf 81' lang='lat' dir='ltr'><strong>seniores</strong></span> <span class='ocrx_word' id='word_1_144' title='bbox 646 2055 896 2096; x_wconf 89' lang='lat' dir='ltr'><strong>Acidalius:</strong></span> <span class='ocrx_word' id='word_1_145' title='bbox 930 2054 995 2096; x_wconf 78' lang='lat' dir='ltr'><strong>Ma</strong></span> <span class='ocrx_word' id='word_1_146' title='bbox 1024 2056 1208 2107; x_wconf 81' lang='lat' dir='ltr'><strong>seniore,</strong></span> <span class='ocrx_word' id='word_1_147' title='bbox 1241 2054 1456 2096; x_wconf 88' lang='lat' dir='ltr'><strong>Budensis</strong></span> <span class='ocrx_word' id='word_1_148' title='bbox 1486 2055 1712 2106; x_wconf 82' lang='lat' dir='ltr'><strong>seniorem,</strong></span> <span class='ocrx_word' id='word_1_149' title='bbox 1748 2053 1781 2095; x_wconf 90' lang='lat' dir='ltr'><strong>G</strong></span> <span class='ocrx_word' id='word_1_150' title='bbox 1810 2054 1954 2094; x_wconf 82' lang='lat' dir='ltr'><strong>senior</strong></span> <span class='ocrx_word' id='word_1_151' title='bbox 1985 2053 2059 2095; x_wconf 89' lang='lat' dir='ltr'><strong>ul-</strong></span> 
     </span>
     <span class='ocr_line' id='line_1_20' title="bbox 227 2111 2057 2168; baseline 0.001 -15"><span class='ocrx_word' id='word_1_152' title='bbox 227 2113 331 2154; x_wconf 88' lang='lat' dir='ltr'><strong>tima</strong></span> <span class='ocrx_word' id='word_1_153' title='bbox 364 2113 534 2167; x_wconf 86' lang='lat' dir='ltr'><strong>syllaba</strong></span> <span class='ocrx_word' id='word_1_154' title='bbox 568 2127 646 2168; x_wconf 93' lang='lat' dir='ltr'><strong>per</strong></span> <span class='ocrx_word' id='word_1_155' title='bbox 679 2127 818 2168; x_wconf 89' lang='lat' dir='ltr'><strong>comp.</strong></span> <span class='ocrx_word' id='word_1_156' title='bbox 858 2116 1034 2168; x_wconf 84' lang='lat' dir='ltr'><strong>scripta.</strong></span> <span class='ocrx_word' id='word_1_157' title='bbox 1155 2117 1195 2157; x_wconf 83' lang='lat'><strong>2.</strong></span> <span class='ocrx_word' id='word_1_158' title='bbox 1232 2115 1478 2168; x_wconf 67' lang='lat' dir='ltr'><strong>emtiquntur</strong></span> <span class='ocrx_word' id='word_1_159' title='bbox 1509 2111 1590 2154; x_wconf 68' lang='lat' dir='ltr'><strong>Ma.</strong></span> <span class='ocrx_word' id='word_1_160' title='bbox 1698 2113 1739 2155; x_wconf 90' lang='lat'><strong>6.</strong></span> <span class='ocrx_word' id='word_1_161' title='bbox 1778 2114 1908 2154; x_wconf 85' lang='lat' dir='ltr'><strong>Fenio</strong></span> <span class='ocrx_word' id='word_1_162' title='bbox 1941 2126 2057 2154; x_wconf 90' lang='lat' dir='ltr'><strong>nunc</strong></span> 
     </span>
     <span class='ocr_line' id='line_1_21' title="bbox 227 2170 2055 2229; baseline -0.001 -15"><span class='ocrx_word' id='word_1_163' title='bbox 227 2170 306 2214; x_wconf 66' lang='lat' dir='ltr'><strong>Ma.</strong></span> <span class='ocrx_word' id='word_1_164' title='bbox 401 2173 440 2215; x_wconf 89' lang='lat'><strong>7.</strong></span> <span class='ocrx_word' id='word_1_165' title='bbox 472 2175 681 2229; x_wconf 78' lang='lat' dir='ltr'><strong>premium</strong></span> <span class='ocrx_word' id='word_1_166' title='bbox 712 2188 838 2229; x_wconf 80' lang='lat' dir='ltr'><strong>opere</strong></span> <span class='ocrx_word' id='word_1_167' title='bbox 872 2172 949 2214; x_wconf 70' lang='lat' dir='ltr'><strong>Ma.</strong></span> <span class='ocrx_word' id='word_1_168' title='bbox 1047 2174 1114 2215; x_wconf 83' lang='lat'><strong>13.</strong></span> <span class='ocrx_word' id='word_1_169' title='bbox 1148 2174 1337 2214; x_wconf 82' lang='lat' dir='ltr'><strong>iunctum</strong></span> <span class='ocrx_word' id='word_1_170' title='bbox 1368 2171 1462 2213; x_wconf 66' lang='lat' dir='ltr'><strong>Ma:</strong></span> <span class='ocrx_word' id='word_1_171' title='bbox 1498 2172 1687 2214; x_wconf 89' lang='lat' dir='ltr'><strong>correxit</strong></span> <span class='ocrx_word' id='word_1_172' title='bbox 1717 2171 1904 2226; x_wconf 90' lang='lat' dir='ltr'><strong>Lipsius.</strong></span> <span class='ocrx_word' id='word_1_173' title='bbox 1987 2172 2055 2214; x_wconf 84' lang='lat'><strong>14.</strong></span> 
     </span>
     <span class='ocr_line' id='line_1_22' title="bbox 226 2228 2056 2287; baseline -0.001 -15"><span class='ocrx_word' id='word_1_174' title='bbox 226 2232 360 2287; x_wconf 55' lang='lat' dir='ltr'><strong>faedi}</strong></span> <span class='ocrx_word' id='word_1_175' title='bbox 389 2245 591 2273; x_wconf 85' lang='lat' dir='ltr'><strong>mannum</strong></span> <span class='ocrx_word' id='word_1_176' title='bbox 624 2231 705 2284; x_wconf 72' lang='lat' dir='ltr'><strong>Ma,</strong></span> <span class='ocrx_word' id='word_1_177' title='bbox 738 2245 824 2273; x_wconf 90' lang='lat' dir='ltr'><strong>non</strong></span> <span class='ocrx_word' id='word_1_178' title='bbox 857 2232 1017 2274; x_wconf 82' lang='lat' dir='ltr'><strong>Furiae</strong></span> <span class='ocrx_word' id='word_1_179' title='bbox 1040 2232 1213 2287; x_wconf 80' lang='lat' dir='ltr'><strong>faedum</strong></span> <span class='ocrx_word' id='word_1_180' title='bbox 1243 2233 1289 2273; x_wconf 84' lang='lat' dir='ltr'><strong>in</strong></span> <span class='ocrx_word' id='word_1_181' title='bbox 1320 2245 1495 2272; x_wconf 85' lang='lat' dir='ltr'><strong>annum.</strong></span> <span class='ocrx_word' id='word_1_182' title='bbox 1581 2231 1640 2272; x_wconf 83' lang='lat' dir='ltr'><strong>dii</strong></span> <span class='ocrx_word' id='word_1_183' title='bbox 1664 2228 1744 2272; x_wconf 72' lang='lat' dir='ltr'><strong>Ma.</strong></span> <span class='ocrx_word' id='word_1_184' title='bbox 1843 2232 1909 2273; x_wconf 88' lang='lat'><strong>17.</strong></span> <span class='ocrx_word' id='word_1_185' title='bbox 1940 2244 2056 2271; x_wconf 85' lang='lat' dir='ltr'><strong>moe-</strong></span> 
     </span>
     <span class='ocr_line' id='line_1_23' title="bbox 226 2288 2056 2346; baseline 0.001 -16"><span class='ocrx_word' id='word_1_186' title='bbox 226 2292 303 2331; x_wconf 83' lang='lat' dir='ltr'><strong>nia</strong></span> <span class='ocrx_word' id='word_1_187' title='bbox 335 2291 453 2332; x_wconf 79' lang='lat' dir='ltr'><strong>urbis</strong></span> <span class='ocrx_word' id='word_1_188' title='bbox 483 2298 570 2332; x_wconf 89' lang='lat' dir='ltr'><strong>tres</strong></span> <span class='ocrx_word' id='word_1_189' title='bbox 604 2291 878 2333; x_wconf 84' lang='lat' dir='ltr'><strong>oxonienses</strong></span> <span class='ocrx_word' id='word_1_190' title='bbox 921 2297 964 2334; x_wconf 89' lang='lat' dir='ltr'><strong>et</strong></span> <span class='ocrx_word' id='word_1_191' title='bbox 998 2290 1390 2346; x_wconf 80' lang='lat' dir='ltr'><strong>Guelferbytanus:</strong></span> <span class='ocrx_word' id='word_1_192' title='bbox 1423 2288 1490 2332; x_wconf 70' lang='lat' dir='ltr'><strong>Ma</strong></span> <span class='ocrx_word' id='word_1_193' title='bbox 1520 2291 1670 2333; x_wconf 81' lang='lat' dir='ltr'><strong>uienia</strong></span> <span class='ocrx_word' id='word_1_194' title='bbox 1700 2290 1796 2345; x_wconf 74' lang='lat' dir='ltr'><strong>urbi</strong></span> <span class='ocrx_word' id='word_1_195' title='bbox 1828 2289 1934 2346; x_wconf 79' lang='lat' dir='ltr'><strong>(hon</strong></span> <span class='ocrx_word' id='word_1_196' title='bbox 1966 2303 2056 2331; x_wconf 85' lang='lat' dir='ltr'><strong>me-</strong></span> 
     </span>
     <span class='ocr_line' id='line_1_24' title="bbox 226 2350 895 2408; baseline 0.004 -18"><span class='ocrx_word' id='word_1_197' title='bbox 226 2351 303 2391; x_wconf 84' lang='lat' dir='ltr'><strong>nia</strong></span> <span class='ocrx_word' id='word_1_198' title='bbox 338 2350 470 2408; x_wconf 82' lang='lat' dir='ltr'><strong>urbi),</strong></span> <span class='ocrx_word' id='word_1_199' title='bbox 503 2351 580 2392; x_wconf 89' lang='lat' dir='ltr'><strong>AR</strong></span> <span class='ocrx_word' id='word_1_200' title='bbox 609 2352 756 2392; x_wconf 81' lang='lat' dir='ltr'><strong>vicina</strong></span> <span class='ocrx_word' id='word_1_201' title='bbox 785 2351 895 2393; x_wconf 79' lang='lat' dir='ltr'><strong>urbi.</strong></span> 
     </span>
    </p>
   </div>
   <div class='ocr_carea' id='block_1_4' title="bbox 228 2488 2059 2546">
    <p class='ocr_par' dir='ltr' id='par_1_6' title="bbox 228 2488 2059 2546">
     <span class='ocr_line' id='line_1_25' title="bbox 228 2488 2059 2546; baseline -0.002 -13"><span class='ocrx_word' id='word_1_202' title='bbox 228 2493 292 2533; x_wconf 88' lang='lat' dir='ltr'><strong>sic</strong></span> <span class='ocrx_word' id='word_1_203' title='bbox 328 2504 443 2532; x_wconf 88' lang='lat' dir='ltr'><strong>nunc</strong></span> <span class='ocrx_word' id='word_1_204' title='bbox 476 2504 650 2546; x_wconf 89' lang='lat' dir='ltr'><strong>quoque</strong></span> <span class='ocrx_word' id='word_1_205' title='bbox 682 2495 865 2546; x_wconf 87' lang='lat' dir='ltr'><strong>primum</strong></span> <span class='ocrx_word' id='word_1_206' title='bbox 898 2491 952 2532; x_wconf 88' lang='lat' dir='ltr'><strong>de</strong></span> <span class='ocrx_word' id='word_1_207' title='bbox 985 2490 1098 2532; x_wconf 90' lang='lat' dir='ltr'><strong>duo-</strong></span> <span class='ocrx_word' id='word_1_208' title='bbox 1184 2502 1282 2531; x_wconf 88' lang='lat' dir='ltr'><strong>rere</strong></span> <span class='ocrx_word' id='word_1_209' title='bbox 1332 2494 1526 2543; x_wconf 84' lang='lat' dir='ltr'><strong>possent.</strong></span> <span class='ocrx_word' id='word_1_210' title='bbox 1613 2488 1706 2530; x_wconf 90' lang='lat' dir='ltr'><strong>Hoc</strong></span> <span class='ocrx_word' id='word_1_211' title='bbox 1754 2495 1898 2530; x_wconf 91' lang='lat' dir='ltr'><strong>autem</strong></span> <span class='ocrx_word' id='word_1_212' title='bbox 1945 2490 2059 2530; x_wconf 79' lang='lat' dir='ltr'><strong>iuter</strong></span> 
     </span>
    </p>
   </div>
   <div class='ocr_carea' id='block_1_5' title="bbox 227 2551 1110 3724">
    <p class='ocr_par' dir='ltr' id='par_1_7' title="bbox 227 2551 1105 3374">
     <span class='ocr_line' id='line_1_26' title="bbox 227 2551 1097 2603; baseline -0.001 -11"><span class='ocrx_word' id='word_1_213' title='bbox 227 2551 307 2592; x_wconf 85' lang='lat' dir='ltr'><strong>hus</strong></span> <span class='ocrx_word' id='word_1_214' title='bbox 339 2551 601 2603; x_wconf 86' lang='lat' dir='ltr'><strong>senioribus,</strong></span> <span class='ocrx_word' id='word_1_215' title='bbox 623 2557 711 2592; x_wconf 85' lang='lat' dir='ltr'><strong>tum</strong></span> <span class='ocrx_word' id='word_1_216' title='bbox 745 2551 798 2592; x_wconf 88' lang='lat' dir='ltr'><strong>de</strong></span> <span class='ocrx_word' id='word_1_217' title='bbox 830 2563 881 2592; x_wconf 85' lang='lat' dir='ltr'><strong>ea</strong></span> <span class='ocrx_word' id='word_1_218' title='bbox 904 2552 971 2592; x_wconf 91' lang='lat' dir='ltr'><strong>cui</strong></span> <span class='ocrx_word' id='word_1_219' title='bbox 1006 2551 1097 2603; x_wconf 84' lang='lat' dir='ltr'><strong>pri-</strong></span> 
     </span>
     <span class='ocr_line' id='line_1_27' title="bbox 227 2609 1099 2664; baseline -0.001 -14"><span class='ocrx_word' id='word_1_220' title='bbox 227 2623 296 2651; x_wconf 86' lang='lat' dir='ltr'><strong>ma</strong></span> <span class='ocrx_word' id='word_1_221' title='bbox 317 2616 438 2651; x_wconf 82' lang='lat' dir='ltr'><strong>aetas</strong></span> <span class='ocrx_word' id='word_1_222' title='bbox 459 2612 706 2664; x_wconf 84' lang='lat' dir='ltr'><strong>exponitur.</strong></span> <span class='ocrx_word' id='word_1_223' title='bbox 740 2609 845 2652; x_wconf 83' lang='lat' dir='ltr'><strong>Uter</strong></span> <span class='ocrx_word' id='word_1_224' title='bbox 863 2611 1099 2661; x_wconf 89' lang='lat' dir='ltr'><strong>seniorum,</strong></span> 
     </span>
     <span class='ocr_line' id='line_1_28' title="bbox 228 2669 1100 2723; baseline -0.002 -13"><span class='ocrx_word' id='word_1_225' title='bbox 228 2675 354 2723; x_wconf 86' lang='lat' dir='ltr'><strong>pater</strong></span> <span class='ocrx_word' id='word_1_226' title='bbox 395 2682 450 2710; x_wconf 86' lang='lat' dir='ltr'><strong>an</strong></span> <span class='ocrx_word' id='word_1_227' title='bbox 493 2670 615 2721; x_wconf 84' lang='lat' dir='ltr'><strong>avia,</strong></span> <span class='ocrx_word' id='word_1_228' title='bbox 675 2670 825 2723; x_wconf 81' lang='lat' dir='ltr'><strong>paucis</strong></span> <span class='ocrx_word' id='word_1_229' title='bbox 870 2669 1100 2710; x_wconf 89' lang='lat' dir='ltr'><strong>momentis</strong></span> 
     </span>
     <span class='ocr_line' id='line_1_29' title="bbox 229 2727 1103 2782; baseline -0.002 -14"><span class='ocrx_word' id='word_1_230' title='bbox 229 2730 346 2782; x_wconf 87' lang='lat' dir='ltr'><strong>prior</strong></span> <span class='ocrx_word' id='word_1_231' title='bbox 376 2742 400 2770; x_wconf 93' lang='lat' dir='ltr'><strong>e</strong></span> <span class='ocrx_word' id='word_1_232' title='bbox 428 2729 518 2770; x_wconf 81' lang='lat' dir='ltr'><strong>vita</strong></span> <span class='ocrx_word' id='word_1_233' title='bbox 553 2731 748 2781; x_wconf 85' lang='lat' dir='ltr'><strong>cesserit,</strong></span> <span class='ocrx_word' id='word_1_234' title='bbox 769 2728 940 2770; x_wconf 86' lang='lat' dir='ltr'><strong>Tacitus</strong></span> <span class='ocrx_word' id='word_1_235' title='bbox 960 2727 1103 2768; x_wconf 86' lang='lat' dir='ltr'><strong>noluit</strong></span> 
     </span>
     <span class='ocr_line' id='line_1_30' title="bbox 227 2786 1102 2843; baseline -0.002 -15"><span class='ocrx_word' id='word_1_236' title='bbox 227 2788 422 2840; x_wconf 79' lang='lat' dir='ltr'><strong>referre,</strong></span> <span class='ocrx_word' id='word_1_237' title='bbox 460 2787 536 2828; x_wconf 90' lang='lat' dir='ltr'><strong>sed</strong></span> <span class='ocrx_word' id='word_1_238' title='bbox 566 2795 797 2843; x_wconf 86' lang='lat' dir='ltr'><strong>utrumque</strong></span> <span class='ocrx_word' id='word_1_239' title='bbox 829 2786 1102 2828; x_wconf 80' lang='lat' dir='ltr'><strong>ante-Pollu-</strong></span> 
     </span>
     <span class='ocr_line' id='line_1_31' title="bbox 230 2845 1098 2888; baseline -0.001 0"><span class='ocrx_word' id='word_1_240' title='bbox 230 2848 338 2888; x_wconf 83' lang='lat' dir='ltr'><strong>ciam</strong></span> <span class='ocrx_word' id='word_1_241' title='bbox 360 2859 457 2887; x_wconf 86' lang='lat' dir='ltr'><strong>esse</strong></span> <span class='ocrx_word' id='word_1_242' title='bbox 483 2848 721 2888; x_wconf 85' lang='lat' dir='ltr'><strong>extinctum</strong></span> <span class='ocrx_word' id='word_1_243' title='bbox 753 2845 923 2888; x_wconf 84' lang='lat' dir='ltr'><strong>tradere</strong></span> <span class='ocrx_word' id='word_1_244' title='bbox 944 2845 1098 2887; x_wconf 88' lang='lat' dir='ltr'><strong>voluit.</strong></span> 
     </span>
     <span class='ocr_line' id='line_1_32' title="bbox 232 2904 1098 2961; baseline -0.006 -13"><span class='ocrx_word' id='word_1_245' title='bbox 232 2907 377 2948; x_wconf 82' lang='lat' dir='ltr'><strong>Prima</strong></span> <span class='ocrx_word' id='word_1_246' title='bbox 418 2912 539 2946; x_wconf 83' lang='lat' dir='ltr'><strong>aetas</strong></span> <span class='ocrx_word' id='word_1_247' title='bbox 587 2905 687 2960; x_wconf 81' lang='lat' dir='ltr'><strong>(das</strong></span> <span class='ocrx_word' id='word_1_248' title='bbox 728 2905 910 2960; x_wconf 80' lang='lat' dir='ltr'><strong>jiingste</strong></span> <span class='ocrx_word' id='word_1_249' title='bbox 951 2904 1098 2961; x_wconf 82' lang='lat' dir='ltr'><strong>Alter)</strong></span> 
     </span>
     <span class='ocr_line' id='line_1_33' title="bbox 229 2964 1102 3018; baseline -0.002 -13"><span class='ocrx_word' id='word_1_250' title='bbox 229 2964 452 3006; x_wconf 73' lang='lat' dir='ltr'><strong>l&#39;olluciae</strong></span> <span class='ocrx_word' id='word_1_251' title='bbox 484 2964 687 3006; x_wconf 81' lang='lat' dir='ltr'><strong>tribuitur</strong></span> <span class='ocrx_word' id='word_1_252' title='bbox 707 2966 972 3018; x_wconf 84' lang='lat' dir='ltr'><strong>compositae</strong></span> <span class='ocrx_word' id='word_1_253' title='bbox 1005 2976 1102 3003; x_wconf 87' lang='lat' dir='ltr'><strong>cum</strong></span> 
     </span>
     <span class='ocr_line' id='line_1_34' title="bbox 229 3022 1104 3079; baseline 0 -15"><span class='ocrx_word' id='word_1_254' title='bbox 229 3030 350 3078; x_wconf 81' lang='lat' dir='ltr'><strong>patre</strong></span> <span class='ocrx_word' id='word_1_255' title='bbox 395 3029 438 3064; x_wconf 87' lang='lat' dir='ltr'><strong>et</strong></span> <span class='ocrx_word' id='word_1_256' title='bbox 472 3024 595 3065; x_wconf 84' lang='lat' dir='ltr'><strong>avia:</strong></span> <span class='ocrx_word' id='word_1_257' title='bbox 630 3022 714 3064; x_wconf 92' lang='lat' dir='ltr'><strong>hoc</strong></span> <span class='ocrx_word' id='word_1_258' title='bbox 745 3024 819 3079; x_wconf 90' lang='lat' dir='ltr'><strong>qui</strong></span> <span class='ocrx_word' id='word_1_259' title='bbox 853 3022 907 3064; x_wconf 84' lang='lat' dir='ltr'><strong>de</strong></span> <span class='ocrx_word' id='word_1_260' title='bbox 942 3022 1104 3064; x_wconf 86' lang='lat' dir='ltr'><strong>Vetere</strong></span> 
     </span>
     <span class='ocr_line' id='line_1_35' title="bbox 230 3081 1105 3139; baseline -0.005 -15"><span class='ocrx_word' id='word_1_261' title='bbox 230 3083 391 3124; x_wconf 83' lang='lat' dir='ltr'><strong>dictum</strong></span> <span class='ocrx_word' id='word_1_262' title='bbox 418 3082 687 3138; x_wconf 83' lang='lat' dir='ltr'><strong>intelligunt,</strong></span> <span class='ocrx_word' id='word_1_263' title='bbox 707 3083 886 3139; x_wconf 83' lang='lat' dir='ltr'><strong>linguae</strong></span> <span class='ocrx_word' id='word_1_264' title='bbox 917 3082 1003 3122; x_wconf 89' lang='lat' dir='ltr'><strong>vim</strong></span> <span class='ocrx_word' id='word_1_265' title='bbox 1034 3081 1105 3122; x_wconf 82' lang='lat' dir='ltr'><strong>fa-</strong></span> 
     </span>
     <span class='ocr_line' id='line_1_36' title="bbox 232 3140 1104 3192; baseline -0.002 -10"><span class='ocrx_word' id='word_1_266' title='bbox 232 3142 366 3184; x_wconf 84' lang='lat' dir='ltr'><strong>ciunt.</strong></span> <span class='ocrx_word' id='word_1_267' title='bbox 439 3141 484 3182; x_wconf 92' lang='lat' dir='ltr'><strong>ld</strong></span> <span class='ocrx_word' id='word_1_268' title='bbox 530 3143 667 3182; x_wconf 84' lang='lat' dir='ltr'><strong>sensit</strong></span> <span class='ocrx_word' id='word_1_269' title='bbox 707 3140 954 3192; x_wconf 79' lang='lat' dir='ltr'><strong>Acidalius,</strong></span> <span class='ocrx_word' id='word_1_270' title='bbox 1009 3153 1104 3181; x_wconf 90' lang='lat' dir='ltr'><strong>cum</strong></span> 
     </span>
     <span class='ocr_line' id='line_1_37' title="bbox 233 3199 1105 3254; baseline -0.002 -13"><span class='ocrx_word' id='word_1_271' title='bbox 233 3199 413 3254; x_wconf 84' lang='lat' dir='ltr'><strong>protulit</strong></span> <span class='ocrx_word' id='word_1_272' title='bbox 456 3202 751 3242; x_wconf 82' lang='lat' dir='ltr'><strong>coniecturam</strong></span> <span class='ocrx_word' id='word_1_273' title='bbox 803 3201 980 3241; x_wconf 90' lang='lat' dir='ltr'><strong>minime</strong></span> <span class='ocrx_word' id='word_1_274' title='bbox 1020 3211 1105 3240; x_wconf 81' lang='lat' dir='ltr'><strong>ne-</strong></span> 
     </span>
     <span class='ocr_line' id='line_1_38' title="bbox 234 3260 1105 3315; baseline -0.002 -14"><span class='ocrx_word' id='word_1_275' title='bbox 234 3260 465 3301; x_wconf 82' lang='lat' dir='ltr'><strong>cessariam</strong></span> <span class='ocrx_word' id='word_1_276' title='bbox 506 3266 592 3315; x_wconf 72' lang='lat' dir='ltr'><strong>tum</strong></span> <span class='ocrx_word' id='word_1_277' title='bbox 638 3261 708 3301; x_wconf 79' lang='lat' dir='ltr'><strong>cui</strong></span> <span class='ocrx_word' id='word_1_278' title='bbox 743 3260 945 3315; x_wconf 61' lang='lat' dir='ltr'><strong>prose-ima</strong></span> <span class='ocrx_word' id='word_1_279' title='bbox 984 3265 1105 3299; x_wconf 83' lang='lat' dir='ltr'><strong>aetas</strong></span> 
     </span>
     <span class='ocr_line' id='line_1_39' title="bbox 235 3318 512 3374; baseline 0.007 -16"><span class='ocrx_word' id='word_1_280' title='bbox 235 3321 315 3373; x_wconf 59' lang='grc' dir='ltr'><strong>(ι.-</strong></span> <span class='ocrx_word' id='word_1_281' title='bbox 335 3318 512 3374; x_wconf 87' lang='lat' dir='ltr'><strong>Vetus).</strong></span> 
     </span>
    </p>

    <p class='ocr_par' dir='ltr' id='par_1_8' title="bbox 234 3373 1107 3487">
     <span class='ocr_line' id='line_1_40' title="bbox 343 3373 1107 3431; baseline -0.005 -13"><span class='ocrx_word' id='word_1_282' title='bbox 343 3390 395 3418; x_wconf 83' lang='lat' dir='ltr'><strong>ea</strong></span> <span class='ocrx_word' id='word_1_283' title='bbox 445 3376 644 3417; x_wconf 79' lang='lat' dir='ltr'><strong>caedibus</strong></span> <span class='ocrx_word' id='word_1_284' title='bbox 687 3375 878 3431; x_wconf 80' lang='lat' dir='ltr'><strong>peractis</strong></span> <span class='ocrx_word' id='word_1_285' title='bbox 918 3373 1107 3415; x_wconf 77' lang='lat' dir='ltr'><strong>ludibria</strong></span> 
     </span>
     <span class='ocr_line' id='line_1_41' title="bbox 234 3433 1016 3487; baseline -0.001 -11"><span class='ocrx_word' id='word_1_286' title='bbox 234 3435 564 3487; x_wconf 70' lang='lat' dir='ltr'><strong>adiciebantur.-</strong></span> <span class='ocrx_word' id='word_1_287' title='bbox 602 3433 659 3476; x_wconf 89' lang='lat' dir='ltr'><strong>cf.</strong></span> <span class='ocrx_word' id='word_1_288' title='bbox 688 3434 787 3476; x_wconf 83' lang='lat' dir='ltr'><strong>x1v</strong></span> <span class='ocrx_word' id='word_1_289' title='bbox 819 3434 877 3476; x_wconf 81' lang='lat'><strong>59</strong></span> <span class='ocrx_word' id='word_1_290' title='bbox 907 3438 1016 3475; x_wconf 85' lang='lat' dir='ltr'><strong>extr.</strong></span> 
     </span>
    </p>

    <p class='ocr_par' dir='ltr' id='par_1_9' title="bbox 233 3492 1110 3724">
     <span class='ocr_line' id='line_1_42' title="bbox 323 3492 1108 3548; baseline -0.004 -13"><span class='ocrx_word' id='word_1_291' title='bbox 323 3494 426 3548; x_wconf 86' lang='lat' dir='ltr'><strong>Cap.</strong></span> <span class='ocrx_word' id='word_1_292' title='bbox 454 3496 522 3536; x_wconf 83' lang='lat'><strong>12.</strong></span> <span class='ocrx_word' id='word_1_293' title='bbox 586 3492 702 3534; x_wconf 78' lang='lat' dir='ltr'><strong>loeus</strong></span> <span class='ocrx_word' id='word_1_294' title='bbox 723 3494 771 3534; x_wconf 79' lang='lat' dir='ltr'><strong>in</strong></span> <span class='ocrx_word' id='word_1_295' title='bbox 797 3492 963 3534; x_wconf 76' lang='lat' dir='ltr'><strong>theatro</strong></span> <span class='ocrx_word' id='word_1_296' title='bbox 993 3493 1108 3532; x_wconf 78' lang='lat' dir='ltr'><strong>inter</strong></span> 
     </span>
     <span class='ocr_line' id='line_1_43' title="bbox 233 3551 1108 3605; baseline -0.005 -10"><span class='ocrx_word' id='word_1_297' title='bbox 233 3555 420 3595; x_wconf 76' lang='lat' dir='ltr'><strong>viatores</strong></span> <span class='ocrx_word' id='word_1_298' title='bbox 439 3552 690 3593; x_wconf 75' lang='lat' dir='ltr'><strong>tribunicios</strong></span> <span class='ocrx_word' id='word_1_299' title='bbox 714 3552 863 3593; x_wconf 83' lang='lat' dir='ltr'><strong>datur:</strong></span> <span class='ocrx_word' id='word_1_300' title='bbox 892 3551 983 3605; x_wconf 88' lang='lat' dir='ltr'><strong>‘qui</strong></span> <span class='ocrx_word' id='word_1_301' title='bbox 1003 3562 1108 3603; x_wconf 84' lang='lat' dir='ltr'><strong>spe-</strong></span> 
     </span>
     <span class='ocr_line' id='line_1_44' title="bbox 237 3610 1107 3654; baseline -0.005 0"><span class='ocrx_word' id='word_1_302' title='bbox 237 3618 379 3654; x_wconf 80' lang='lat' dir='ltr'><strong>ctasse</strong></span> <span class='ocrx_word' id='word_1_303' title='bbox 403 3611 606 3654; x_wconf 83' lang='lat' dir='ltr'><strong>videntur</strong></span> <span class='ocrx_word' id='word_1_304' title='bbox 629 3623 714 3651; x_wconf 89' lang='lat' dir='ltr'><strong>non</strong></span> <span class='ocrx_word' id='word_1_305' title='bbox 739 3610 944 3651; x_wconf 84' lang='lat' dir='ltr'><strong>abiuncto</strong></span> <span class='ocrx_word' id='word_1_306' title='bbox 970 3621 995 3649; x_wconf 86' lang='lat' dir='ltr'><strong>a</strong></span> <span class='ocrx_word' id='word_1_307' title='bbox 1026 3611 1107 3650; x_wconf 83' lang='lat' dir='ltr'><strong>tri-</strong></span> 
     </span>
     <span class='ocr_line' id='line_1_45' title="bbox 237 3669 1110 3724; baseline -0.003 -12"><span class='ocrx_word' id='word_1_308' title='bbox 237 3670 364 3714; x_wconf 80' lang='lat' dir='ltr'><strong>bunis</strong></span> <span class='ocrx_word' id='word_1_309' title='bbox 395 3671 510 3724; x_wconf 83' lang='lat' dir='ltr'><strong>loco,</strong></span> <span class='ocrx_word' id='word_1_310' title='bbox 544 3671 607 3712; x_wconf 87' lang='lat' dir='ltr'><strong>uti</strong></span> <span class='ocrx_word' id='word_1_311' title='bbox 643 3670 697 3712; x_wconf 87' lang='lat' dir='ltr'><strong>ad</strong></span> <span class='ocrx_word' id='word_1_312' title='bbox 728 3669 941 3724; x_wconf 77' lang='lat' dir='ltr'><strong>obsequia</strong></span> <span class='ocrx_word' id='word_1_313' title='bbox 971 3680 1110 3723; x_wconf 77' lang='lat' dir='ltr'><strong>appa-</strong></span> 
     </span>
    </p>
   </div>
   <div class='ocr_carea' id='block_1_6' title="bbox 1185 2547 2067 3722">
    <p class='ocr_par' dir='ltr' id='par_1_10' title="bbox 1185 2547 2067 3722">
     <span class='ocr_line' id='line_1_46' title="bbox 1185 2547 2057 2603; baseline 0.001 -15"><span class='ocrx_word' id='word_1_314' title='bbox 1185 2549 1507 2603; x_wconf 87' lang='lat' dir='ltr'><strong>praemia,quia</strong></span> <span class='ocrx_word' id='word_1_315' title='bbox 1530 2547 1726 2588; x_wconf 84' lang='lat' dir='ltr'><strong>tribunos</strong></span> <span class='ocrx_word' id='word_1_316' title='bbox 1748 2547 2057 2589; x_wconf 86' lang='lat' dir='ltr'><strong>honestissimo</strong></span> 
     </span>
     <span class='ocr_line' id='line_1_47' title="bbox 1185 2606 2057 2662; baseline -0.001 -13"><span class='ocrx_word' id='word_1_317' title='bbox 1185 2608 1283 2649; x_wconf 89' lang='lat' dir='ltr'><strong>loco</strong></span> <span class='ocrx_word' id='word_1_318' title='bbox 1333 2613 1556 2661; x_wconf 79' lang='lat' dir='ltr'><strong>spectasse</strong></span> <span class='ocrx_word' id='word_1_319' title='bbox 1592 2606 1665 2647; x_wconf 89' lang='lat' dir='ltr'><strong>vel</strong></span> <span class='ocrx_word' id='word_1_320' title='bbox 1707 2607 2057 2662; x_wconf 80' lang='lat' dir='ltr'><strong>hinc-colligas,</strong></span> 
     </span>
     <span class='ocr_line' id='line_1_48' title="bbox 1185 2665 2060 2722; baseline -0.001 -14"><span class='ocrx_word' id='word_1_321' title='bbox 1185 2667 1300 2722; x_wconf 89' lang='lat' dir='ltr'><strong>quod</strong></span> <span class='ocrx_word' id='word_1_322' title='bbox 1344 2665 1519 2707; x_wconf 85' lang='lat' dir='ltr'><strong>Caesari</strong></span> <span class='ocrx_word' id='word_1_323' title='bbox 1549 2665 1660 2706; x_wconf 87' lang='lat' dir='ltr'><strong>Iulio</strong></span> <span class='ocrx_word' id='word_1_324' title='bbox 1711 2667 1825 2707; x_wconf 87' lang='lat' dir='ltr'><strong>inter</strong></span> <span class='ocrx_word' id='word_1_325' title='bbox 1871 2665 2060 2708; x_wconf 88' lang='lat' dir='ltr'><strong>honores</strong></span> 
     </span>
     <span class='ocr_line' id='line_1_49' title="bbox 1185 2725 2061 2779; baseline 0 -12"><span class='ocrx_word' id='word_1_326' title='bbox 1185 2727 1407 2768; x_wconf 87' lang='lat' dir='ltr'><strong>decretum</strong></span> <span class='ocrx_word' id='word_1_327' title='bbox 1456 2732 1502 2767; x_wconf 83' lang='lat' dir='ltr'><strong>ut</strong></span> <span class='ocrx_word' id='word_1_328' title='bbox 1548 2738 1714 2779; x_wconf 84' lang='lat' dir='ltr'><strong>semper</strong></span> <span class='ocrx_word' id='word_1_329' title='bbox 1759 2725 1868 2766; x_wconf 86' lang='lat' dir='ltr'><strong>sella</strong></span> <span class='ocrx_word' id='word_1_330' title='bbox 1922 2726 2061 2767; x_wconf 82' lang='lat' dir='ltr'><strong>curuli</strong></span> 
     </span>
     <span class='ocr_line' id='line_1_50' title="bbox 1187 2783 2059 2839; baseline -0.002 -12"><span class='ocrx_word' id='word_1_331' title='bbox 1187 2786 1379 2836; x_wconf 80' lang='lat' dir='ltr'><strong>sederet,</strong></span> <span class='ocrx_word' id='word_1_332' title='bbox 1434 2791 1606 2839; x_wconf 77' lang='lat' dir='ltr'><strong>eoecepto</strong></span> <span class='ocrx_word' id='word_1_333' title='bbox 1652 2798 1732 2838; x_wconf 82' lang='lat' dir='ltr'><strong>per</strong></span> <span class='ocrx_word' id='word_1_334' title='bbox 1778 2783 1920 2834; x_wconf 84' lang='lat' dir='ltr'><strong>ludos3</strong></span> <span class='ocrx_word' id='word_1_335' title='bbox 1975 2791 2059 2825; x_wconf 86' lang='lat' dir='ltr'><strong>tum</strong></span> 
     </span>
     <span class='ocr_line' id='line_1_51' title="bbox 1187 2842 2059 2886; baseline -0.002 -1"><span class='ocrx_word' id='word_1_336' title='bbox 1187 2846 1298 2886; x_wconf 81' lang='lat' dir='ltr'><strong>enim</strong></span> <span class='ocrx_word' id='word_1_337' title='bbox 1318 2843 1447 2884; x_wconf 82' lang='lat' dir='ltr'><strong>sessio</strong></span> <span class='ocrx_word' id='word_1_338' title='bbox 1480 2844 1520 2883; x_wconf 81' lang='lat' dir='ltr'><strong>ei</strong></span> <span class='ocrx_word' id='word_1_339' title='bbox 1537 2843 1585 2883; x_wconf 80' lang='lat' dir='ltr'><strong>in</strong></span> <span class='ocrx_word' id='word_1_340' title='bbox 1610 2842 1837 2883; x_wconf 78' lang='lat' dir='ltr'><strong>tribunicio</strong></span> <span class='ocrx_word' id='word_1_341' title='bbox 1863 2842 2059 2884; x_wconf 82' lang='lat' dir='ltr'><strong>subsellio</strong></span> 
     </span>
     <span class='ocr_line' id='line_1_52' title="bbox 1186 2902 2062 2955; baseline -0.002 -11"><span class='ocrx_word' id='word_1_342' title='bbox 1186 2904 1301 2944; x_wconf 80' lang='lat' dir='ltr'><strong>inter</strong></span> <span class='ocrx_word' id='word_1_343' title='bbox 1347 2915 1417 2942; x_wconf 84' lang='lat' dir='ltr'><strong>eos</strong></span> <span class='ocrx_word' id='word_1_344' title='bbox 1451 2902 1521 2954; x_wconf 79' lang='lat' dir='ltr'><strong>qui</strong></span> <span class='ocrx_word' id='word_1_345' title='bbox 1552 2915 1712 2955; x_wconf 78' lang='lat' dir='ltr'><strong>quoque</strong></span> <span class='ocrx_word' id='word_1_346' title='bbox 1753 2914 1867 2942; x_wconf 79' lang='lat' dir='ltr'><strong>anno</strong></span> <span class='ocrx_word' id='word_1_347' title='bbox 1902 2902 2062 2943; x_wconf 80' lang='lat' dir='ltr'><strong>tribuni</strong></span> 
     </span>
     <span class='ocr_line' id='line_1_53' title="bbox 1190 2959 2058 3003; baseline -0.001 0"><span class='ocrx_word' id='word_1_348' title='bbox 1190 2968 1326 3003; x_wconf 80' lang='lat' dir='ltr'><strong>essent</strong></span> <span class='ocrx_word' id='word_1_349' title='bbox 1358 2959 1683 3001; x_wconf 77' lang='lat' dir='ltr'><strong>concedebatur.</strong></span> <span class='ocrx_word' id='word_1_350' title='bbox 1748 2959 1828 3000; x_wconf 92' lang='lat' dir='ltr'><strong>Dio</strong></span> <span class='ocrx_word' id='word_1_351' title='bbox 1851 2960 1984 3001; x_wconf 78' lang='lat' dir='ltr'>XLIV</span> <span class='ocrx_word' id='word_1_352' title='bbox 2015 2963 2058 3002; x_wconf 80' lang='lat'><strong>4.</strong></span> 
     </span>
     <span class='ocr_line' id='line_1_54' title="bbox 1187 3019 2060 3074; baseline -0.002 -13"><span class='ocrx_word' id='word_1_353' title='bbox 1187 3021 1382 3074; x_wconf 87' lang='lat' dir='ltr'><strong>Itemque</strong></span> <span class='ocrx_word' id='word_1_354' title='bbox 1410 3025 1563 3072; x_wconf 87' lang='lat' dir='ltr'><strong>postea</strong></span> <span class='ocrx_word' id='word_1_355' title='bbox 1584 3019 1783 3074; x_wconf 90' lang='lat' dir='ltr'><strong>Augusto</strong></span> <span class='ocrx_word' id='word_1_356' title='bbox 1815 3020 1928 3059; x_wconf 79' lang='lat' dir='ltr'><strong>utin</strong></span> <span class='ocrx_word' id='word_1_357' title='bbox 1959 3019 2060 3059; x_wconf 80' lang='lat' dir='ltr'><strong>sub-</strong></span> 
     </span>
     <span class='ocr_line' id='line_1_55' title="bbox 1187 3077 2059 3132; baseline -0.005 -11"><span class='ocrx_word' id='word_1_358' title='bbox 1187 3080 1321 3121; x_wconf 81' lang='lat' dir='ltr'><strong>selliis</strong></span> <span class='ocrx_word' id='word_1_359' title='bbox 1367 3078 1634 3118; x_wconf 78' lang='lat' dir='ltr'><strong>tribunorum</strong></span> <span class='ocrx_word' id='word_1_360' title='bbox 1681 3077 1817 3132; x_wconf 81' lang='lat' dir='ltr'><strong>plebis</strong></span> <span class='ocrx_word' id='word_1_361' title='bbox 1871 3077 2059 3129; x_wconf 85' lang='lat' dir='ltr'><strong>sederet,</strong></span> 
     </span>
     <span class='ocr_line' id='line_1_56' title="bbox 1188 3135 1805 3180; baseline -0.008 0"><span class='ocrx_word' id='word_1_362' title='bbox 1188 3139 1272 3180; x_wconf 84' lang='lat' dir='ltr'><strong>Dio</strong></span> <span class='ocrx_word' id='word_1_363' title='bbox 1305 3136 1436 3178; x_wconf 87' lang='lat' dir='ltr'>XLIX</span> <span class='ocrx_word' id='word_1_364' title='bbox 1472 3136 1555 3178; x_wconf 86' lang='lat'><strong>15.’</strong></span> <span class='ocrx_word' id='word_1_365' title='bbox 1614 3135 1805 3176; x_wconf 68' lang='lat' dir='ltr'><strong>ansms.</strong></span> 
     </span>
     <span class='ocr_line' id='line_1_57' title="bbox 1278 3192 2059 3248; baseline -0.006 -10"><span class='ocrx_word' id='word_1_366' title='bbox 1278 3195 1534 3248; x_wconf 68' lang='lat' dir='ltr'><strong>eundemque</strong></span> <span class='ocrx_word' id='word_1_367' title='bbox 1567 3193 1836 3235; x_wconf 76' lang='lat' dir='ltr'><strong>Neroneum.-</strong></span> <span class='ocrx_word' id='word_1_368' title='bbox 1880 3193 1935 3234; x_wconf 89' lang='lat' dir='ltr'><strong>cf.</strong></span> <span class='ocrx_word' id='word_1_369' title='bbox 1981 3192 2059 3233; x_wconf 91' lang='lat' dir='ltr'><strong>XV</strong></span> 
     </span>
     <span class='ocr_line' id='line_1_58' title="bbox 1191 3251 2062 3307; baseline -0.008 -9"><span class='ocrx_word' id='word_1_370' title='bbox 1191 3256 1260 3298; x_wconf 83' lang='lat'><strong>74.</strong></span> <span class='ocrx_word' id='word_1_371' title='bbox 1383 3255 1660 3307; x_wconf 73' lang='lat' dir='ltr'><strong>testificante.-</strong></span> <span class='ocrx_word' id='word_1_372' title='bbox 1707 3251 1964 3294; x_wconf 81' lang='lat' dir='ltr'><strong>testificatus</strong></span> <span class='ocrx_word' id='word_1_373' title='bbox 1996 3256 2062 3292; x_wconf 85' lang='lat' dir='ltr'><strong>est</strong></span> 
     </span>
     <span class='ocr_line' id='line_1_59' title="bbox 1190 3312 2061 3367; baseline -0.006 -12"><span class='ocrx_word' id='word_1_374' title='bbox 1190 3314 1389 3355; x_wconf 85' lang='lat' dir='ltr'><strong>oratione</strong></span> <span class='ocrx_word' id='word_1_375' title='bbox 1415 3325 1499 3367; x_wconf 91' lang='lat' dir='ltr'><strong>qua</strong></span> <span class='ocrx_word' id='word_1_376' title='bbox 1526 3312 1785 3353; x_wconf 81' lang='lat' dir='ltr'><strong>sententiam</strong></span> <span class='ocrx_word' id='word_1_377' title='bbox 1819 3323 1844 3351; x_wconf 85' lang='lat' dir='ltr'><strong>a</strong></span> <span class='ocrx_word' id='word_1_378' title='bbox 1874 3324 1922 3352; x_wconf 81' lang='lat' dir='ltr'><strong>se</strong></span> <span class='ocrx_word' id='word_1_379' title='bbox 1955 3321 2061 3362; x_wconf 84' lang='lat' dir='ltr'><strong>pro-</strong></span> 
     </span>
     <span class='ocr_line' id='line_1_60' title="bbox 1189 3369 2061 3414; baseline -0.006 0"><span class='ocrx_word' id='word_1_380' title='bbox 1189 3372 1318 3414; x_wconf 85' lang='lat' dir='ltr'><strong>latam</strong></span> <span class='ocrx_word' id='word_1_381' title='bbox 1359 3370 1693 3412; x_wconf 81' lang='lat' dir='ltr'><strong>commendavit.</strong></span> <span class='ocrx_word' id='word_1_382' title='bbox 1834 3369 2061 3410; x_wconf 82' lang='lat' dir='ltr'><strong>transmis-</strong></span> 
     </span>
     <span class='ocr_line' id='line_1_61' title="bbox 1189 3428 2060 3480; baseline -0.006 -7"><span class='ocrx_word' id='word_1_383' title='bbox 1189 3444 1304 3473; x_wconf 82' lang='lat' dir='ltr'><strong>sum:</strong></span> <span class='ocrx_word' id='word_1_384' title='bbox 1346 3430 1464 3471; x_wconf 79' lang='lat' dir='ltr'><strong>conf.</strong></span> <span class='ocrx_word' id='word_1_385' title='bbox 1496 3429 1554 3471; x_wconf 81' lang='lat' dir='ltr'><strong>lv</strong></span> <span class='ocrx_word' id='word_1_386' title='bbox 1589 3431 1643 3472; x_wconf 81' lang='lat'><strong>21</strong></span> <span class='ocrx_word' id='word_1_387' title='bbox 1679 3434 1722 3469; x_wconf 90' lang='lat' dir='ltr'><strong>et</strong></span> <span class='ocrx_word' id='word_1_388' title='bbox 1753 3429 1830 3480; x_wconf 89' lang='lat'><strong>55,</strong></span> <span class='ocrx_word' id='word_1_389' title='bbox 1878 3428 1955 3469; x_wconf 87' lang='lat' dir='ltr'><strong>XV</strong></span> <span class='ocrx_word' id='word_1_390' title='bbox 1989 3428 2060 3469; x_wconf 87' lang='lat'><strong>31.</strong></span> 
     </span>
     <span class='ocr_line' id='line_1_62' title="bbox 1190 3487 2061 3543; baseline -0.006 -11"><span class='ocrx_word' id='word_1_391' title='bbox 1190 3490 1243 3533; x_wconf 86' lang='lat' dir='ltr'><strong>H.</strong></span> <span class='ocrx_word' id='word_1_392' title='bbox 1277 3489 1334 3531; x_wconf 83' lang='lat' dir='ltr'><strong>lv</strong></span> <span class='ocrx_word' id='word_1_393' title='bbox 1368 3489 1410 3531; x_wconf 84' lang='lat'><strong>9.</strong></span> <span class='ocrx_word' id='word_1_394' title='bbox 1545 3488 1629 3529; x_wconf 74' lang='lat' dir='ltr'><strong>duo</strong></span> <span class='ocrx_word' id='word_1_395' title='bbox 1651 3489 1739 3528; x_wconf 78' lang='lat' dir='ltr'><strong>iam</strong></span> <span class='ocrx_word' id='word_1_396' title='bbox 1776 3487 1974 3543; x_wconf 79' lang='lat' dir='ltr'><strong>Torquati</strong></span> <span class='ocrx_word' id='word_1_397' title='bbox 2005 3508 2061 3520; x_wconf 82' lang='lat'><strong>--</strong></span> 
     </span>
     <span class='ocr_line' id='line_1_63' title="bbox 1190 3545 1935 3602; baseline -0.005 -12"><span class='ocrx_word' id='word_1_398' title='bbox 1190 3549 1434 3602; x_wconf 78' lang='lat' dir='ltr'><strong>interfecti.-</strong></span> <span class='ocrx_word' id='word_1_399' title='bbox 1468 3559 1510 3587; x_wconf 91' lang='lat' dir='ltr'><strong>v.</strong></span> <span class='ocrx_word' id='word_1_400' title='bbox 1548 3546 1623 3588; x_wconf 89' lang='lat' dir='ltr'><strong>XV</strong></span> <span class='ocrx_word' id='word_1_401' title='bbox 1656 3547 1728 3598; x_wconf 90' lang='grc'><strong>35,</strong></span> <span class='ocrx_word' id='word_1_402' title='bbox 1761 3545 1860 3587; x_wconf 87' lang='lat' dir='ltr'><strong>XVI</strong></span> <span class='ocrx_word' id='word_1_403' title='bbox 1892 3545 1935 3587; x_wconf 89' lang='grc'><strong>8.</strong></span> 
     </span>
     <span class='ocr_line' id='line_1_64' title="bbox 1281 3604 2063 3660; baseline -0.004 -13"><span class='ocrx_word' id='word_1_404' title='bbox 1281 3605 1385 3660; x_wconf 84' lang='lat' dir='ltr'><strong>Cap.</strong></span> <span class='ocrx_word' id='word_1_405' title='bbox 1424 3606 1491 3648; x_wconf 83' lang='lat'><strong>13.</strong></span> <span class='ocrx_word' id='word_1_406' title='bbox 1555 3605 1613 3646; x_wconf 78' lang='lat' dir='ltr'><strong>ad</strong></span> <span class='ocrx_word' id='word_1_407' title='bbox 1641 3605 1812 3647; x_wconf 76' lang='lat' dir='ltr'><strong>moenia</strong></span> <span class='ocrx_word' id='word_1_408' title='bbox 1840 3604 1983 3646; x_wconf 77' lang='lat' dir='ltr'><strong>urbis.-</strong></span> <span class='ocrx_word' id='word_1_409' title='bbox 2019 3604 2063 3644; x_wconf 90' lang='lat' dir='ltr'><strong>in</strong></span> 
     </span>
     <span class='ocr_line' id='line_1_65' title="bbox 1191 3662 2067 3722; baseline -0.007 -13"><span class='ocrx_word' id='word_1_410' title='bbox 1191 3666 1394 3722; x_wconf 82' lang='lat' dir='ltr'><strong>vestigiis</strong></span> <span class='ocrx_word' id='word_1_411' title='bbox 1416 3668 1422 3673; x_wconf 51' lang='lat'>²</span> <span class='ocrx_word' id='word_1_412' title='bbox 1437 3664 1539 3706; x_wconf 81' lang='lat' dir='ltr'><strong>libri</strong></span> <span class='ocrx_word' id='word_1_413' title='bbox 1572 3662 1641 3708; x_wconf 67' lang='lat' dir='ltr'><strong>Ma</strong></span> <span class='ocrx_word' id='word_1_414' title='bbox 1682 3664 1741 3707; x_wconf 73' lang='lat' dir='ltr'><strong>ad</strong></span> <span class='ocrx_word' id='word_1_415' title='bbox 1776 3664 1927 3706; x_wconf 69' lang='lat' dir='ltr'><strong>aienia</strong></span> <span class='ocrx_word' id='word_1_416' title='bbox 1969 3663 2067 3705; x_wconf 81' lang='lat' dir='ltr'><strong>urbi</strong></span> 
     </span>
    </p>
   </div>
  </div>
 </body>
</html>
