2280 4004
245 251 334 298 234
1010 251 1218 299 ANNALI
1226 252 1304 299 VM

1826 274 1864 304 a.
1885 272 1940 304 u.
1983 256 2089 306 ⁷76.

240 412 405 458 pavore
438 400 671 458 occupatis.
741 400 929 442 Tiberius
970 408 1009 448 et
1050 402 1235 444 Seianus
1277 403 1426 444 omisso
1467 404 1692 461 paulisper
1722 401 2088 452 insulae-secem

246 474 556 518 transcendunt
589 476 636 516 in
670 474 935 532 Campaniae
968 475 1067 518 litus
1099 476 1157 518 acl
1187 477 1333 531 officia
1363 484 1560 530 senatus,
1609 479 1750 521 studia
1781 483 1963 536 equitnm
1986 481 2085 538 ple..

247 548 388 605 bisque
432 548 701 607 accipienda.
764 548 906 591 Aucta
953 547 1055 611 hinc
1099 551 1357 606 arroqantia
1404 551 1579 593 Seiano.
1642 551 1929 613 Aqrippinam
1972 555 2085 602 Ger-2·

245 622 408 663 manici
434 622 572 675 filiam
600 634 778 664 uxorem
809 622 966 680 accipit
1001 618 1174 681 Gnaeus
1207 622 1416 667 Domitius
1450 626 1677 684 (732-75).

205 780 228 817 ⁵
386 777 512 831 Gaio
538 778 718 831 Asinio
755 780 880 833 Gaio
910 780 1132 845 Antistio
1166 783 1460 836 consulibus
1497 799 1660 838 nonus
1685 786 1887 839 Tiberio
1920 801 2080 840 annus
2102 793 2128 839 1

244 873 352 922 erat
389 872 703 938 compositae
739 873 816 924 rei
853 873 1104 940 publicae,
1143 875 1371 927 florentis
1409 876 1587 930 domus
1625 882 1766 941 (nam
1791 877 2080 937 Germanici

240 967 453 1015 mortem
488 962 624 1023 inter
663 979 909 1033 prospera
947 966 1207 1032 ducebat),
1250 983 1361 1021 cum
1402 975 1611 1037 repente
1649 970 1854 1023 turbare
1876 971 2078 1025 fortuna

243 1053 426 1119 coepit,
473 1055 675 1107 saevire
712 1056 822 1122 ipse
861 1062 944 1107 aut
980 1058 1324 1110 saevientibus
1362 1060 1501 1112 vires
1540 1062 1805 1127 praebere.
1879 1061 2077 1116 Initium

242 1148 291 1194 et
330 1159 484 1197 causa
536 1161 695 1212 penes
735 1146 935 1200 Aelium
971 1149 1210 1202 Seianum
1257 1150 1552 1203 cohortibus
1601 1151 1872 1218 praetoriis
1922 1168 2078 1220 prae-

178 1234 451 1302 sorentum,
513 1238 655 1290 cuius
695 1239 758 1290 de
807 1241 1032 1307 potentia
1084 1257 1234 1309 supra
1284 1243 1588 1294 memoravi:
1649 1259 1784 1296 nunc
1824 1244 2075 1314 originem

237 1342 425 1393 moreS,
467 1334 516 1382 et
553 1345 651 1398 quo
688 1331 918 1386 facinore
955 1333 1351 1388 dominationem
1389 1340 1583 1401 raptum
1618 1336 1750 1400 ierit,
1790 1335 2072 1403 expediam.

238 1418 445 1474 Genitus
502 1421 781 1488 VulsiniiS,
840 1429 983 1490 patre
1043 1425 1162 1479 Seio
1208 1426 1457 1479 Strabone
1506 1427 1674 1495 equite
1713 1414 1984 1492 Romano,
2027 1431 2078 1484 et

232 1510 395 1577 priina
431 1512 634 1567 iuventa
664 1514 840 1569 Gaium
867 1515 1139 1571 Caesarem
1170 1516 1273 1568 divi
1299 1517 1517 1586 Augusti
1555 1523 1791 1587 nepotem
1830 1523 2070 1585 sectatuS,

234 1615 338 1654 non
386 1603 499 1656 sine
547 1620 753 1659 rumore
785 1606 969 1674 Apicio
1011 1607 1154 1661 diviti
1200 1614 1249 1660 et
1286 1608 1506 1677 prodigo
1545 1615 1770 1690 SQQ
1806 1625 1939 1662 veno
1977 1609 2073 1662 de-

171 1691 391 1774 ¹5disse‚
431 1710 550 1748 mox
573 1697 827 1750 Tiberium
856 1699 1015 1750 variis
1052 1699 1243 1752 artibus
1281 1700 1508 1754 devinxit
1546 1691 1676 1754 adeo
1709 1669 2071 1755 mmm

344 1844 385 1887 M
416 1846 655 1900 praemittit
689 1845 767 1888 AB
797 1846 1082 1889 EXCESSV
1107 1847 1247 1890 DIVI
1275 1847 1398 1891 AVG
1413 1849 1550 1892 VSTI.
1685 1851 1726 1895 5.
1765 1848 1814 1892 G.
1849 1849 1984 1893 Asino
2015 1849 2072 1893 M.

234 1903 281 1948 C.
319 1902 370 1947 M.
480 1918 565 1948 cos.
601 1918 698 1949 curn
732 1905 807 1950 lin.
842 1906 896 1948 M.
1002 1907 1042 1950 9.
1079 1921 1191 1963 pene
1221 1907 1399 1950 saelium
1430 1909 1485 1951 M.
1606 1910 1674 1951 11.
1707 1909 1826 1966 ierit]
1857 1908 1973 1966 perit
2005 1909 2071 1952 M:

232 1964 479 2007 emendavit
518 1964 736 2018 Pichena,
802 1971 902 2008 autc
961 1980 1089 2023 quein
1150 1974 1328 2010 auctore
1371 1967 1588 2010 Beroaldo
1645 1968 1754 2011 dom.
1820 1970 2071 2026 captaverit.

233 2023 301 2067 12.
335 2022 591 2081 vulqussinis
622 2025 685 2067 M:
722 2027 912 2070 correxit
943 2024 1198 2070 Beroaldus,
1268 2029 1334 2072 13.
1372 2027 1420 2071 C.
1460 2028 1515 2071 Μ.

315 2160 420 2216 Cap.
437 2163 475 2204 1.
516 2163 773 2220 compositae
795 2165 861 2206 rei
878 2164 1105 2220 publicae:

226 2234 269 2263 v.
305 2221 358 2264 ad
390 2221 448 2263 ΙΙΙ
482 2222 550 2266 13.
677 2225 795 2266 cuius
837 2225 887 2266 de
917 2226 1110 2279 potentia

226 2294 360 2337 supra
395 2283 652 2324 memoravi:
699 2282 717 2323 I
759 2286 837 2336 24,
888 2283 944 2325 Ill
975 2286 1032 2328 29
1065 2291 1108 2326 et

227 2340 284 2383 35
319 2346 361 2382 et
395 2342 464 2384 72.
558 2349 729 2398 raptum
758 2344 883 2384 ierit.-
919 2343 968 2385 11.
993 2344 1029 2385 ΙΙ
1055 2345 1105 2386 6:

225 2406 272 2441 ut
305 2399 511 2442 Othonem
552 2415 606 2442 ac
662 2401 876 2444 Vitellium
919 2404 1106 2445 scelestis

227 2460 360 2501 armis
421 2473 490 2501 res
540 2462 762 2503 Romanas
821 2469 990 2517 raptum
1042 2463 1106 2503 ire

225 2519 441 2574 vulqatum
473 2527 547 2562 est.
586 2520 652 2562 Cf.
672 2527 820 2562 annot.
844 2521 897 2562 ad
918 2522 967 2563 11.
994 2522 1010 2562 Ι
1032 2523 1103 2564 37.

323 2577 524 2620 Vulsiniis
561 2587 689 2634 patre
732 2581 831 2620 Seio
865 2581 1104 2621 Strabone:

228 2635 453 2678 Vulsiniis,
487 2637 647 2680 Nur-tia
689 2638 761 2679 vel
795 2638 951 2679 Nortia
986 2639 1103 2694 (Ην.

227 2694 305 2736 VII
346 2697 388 2739 3.
439 2695 616 2740 Reines.
664 2698 864 2750 Inscript.
909 2698 1036 2739 class.
1087 2697 1103 2739 1

229 2756 334 2807 131,
387 2754 652 2810 interpretes
699 2756 921 2798 luvenalis
955 2757 991 2798 X
1025 2755 1103 2813 74)

226 2814 377 2857 eadem
411 2828 524 2871 quae
546 2816 708 2858 Romae
736 2817 939 2858 Fortuna.
1000 2815 1104 2857 lnde

224 2873 448 2916 luvenalis
481 2874 518 2917 X
551 2876 632 2918 74:
683 2875 795 2917 idem
823 2874 1028 2932 populus,
1068 2876 1106 2916 si

227 2932 387 2976 Nurtia
424 2933 551 2976 Tusco
586 2936 787 2989 favisset,
828 2937 865 2976 si
902 2948 1104 2991 oppressa

226 2993 342 3049 soret
371 3006 526 3034 secura
545 3002 737 3036 senectus
766 2995 991 3050 principis,
1021 2993 1105 3034 Ιιαο

228 3053 324 3109 ipsa
368 3052 576 3095 Seianum
618 3054 779 3095 diceret
809 3053 920 3094 liora
954 3054 1105 3107 Augu-

228 3118 349 3154 stum.
410 3112 653 3167 Adoptatus
707 3119 773 3154 est
818 3113 1000 3156 Sciamus
1050 3111 1103 3152 ab

227 3171 376 3228 aliquo
410 3186 464 3215 ex
493 3173 623 3215 Aelia
655 3179 788 3230 gente
829 3178 903 3214 aut
944 3184 1100 3212 nomen

228 3233 404 3287 cognati
456 3233 679 3274 cuiusdam
733 3231 914 3274 materni
964 3229 1101 3287 (idem

226 3290 334 3333 fecit
390 3291 592 3346 Poppaea
650 3292 808 3334 Sabina
867 3290 964 3333 Xlll
1019 3289 1100 3346 45)

226 3353 438 3404 sumpsit:
469 3357 710 3393 maternum
745 3353 859 3394 enim
894 3362 1032 3407 genus
1060 3348 1101 3390 ei

225 3409 399 3452 illustre
431 3410 568 3452 fuisse
601 3410 732 3453 tradit
766 3410 964 3452 Velleius
990 3408 1102 3451 adu-

225 3468 340 3511 lator
364 3469 400 3510 11
421 3470 528 3512 127:
567 3470 755 3512 Tiberius
784 3470 950 3511 Caesar
970 3469 1101 3510 Seia-

225 3540 328 3570 num
381 3527 553 3570 Aetium
572 3560 583 3580 ,
641 3530 840 3584 principe
900 3528 1103 3583 equestris

228 3587 393 3628 ordinis
420 3593 547 3641 patre
576 3594 744 3638 natum,
776 3594 971 3630 materno
1002 3599 1102 3629 vero

229 3657 386 3701 qenerc
399 3644 543 3702 (Iunio
559 3644 657 3695 Tac.
670 3644 730 3690 111
754 3647 828 3702 72)
842 3646 1121 3691 clarissimas.

1192 2170 1436 2219 celeresque
1492 2170 1530 2206 et
1589 2165 1779 2220 insiynes
1839 2163 2072 2206 honoribus

1194 2225 1456 2280 complexum
1479 2224 1687 2279 familias,
1723 2249 1779 2256 -
1809 2223 2073 2279 singularem

1188 2284 1496 2339 principalium
1535 2297 1712 2324 onerum
1749 2283 1989 2325 adiutorem
2025 2284 2072 2324 in

1193 2344 1337 2384 omnia
1383 2343 1531 2383 habuit
1572 2350 1697 2396 atque
1739 2342 1879 2384 habet.
1941 2342 2069 2383 Anno

1192 2415 1216 2442 a
1239 2400 1338 2442 Chr.
1370 2401 1424 2443 14
1455 2402 1563 2454 patri
1594 2402 1695 2442 Seio
1722 2401 1766 2441 in
1794 2400 2073 2455 praefectura

1192 2460 1368 2516 collega
1400 2460 1524 2501 datus
1558 2466 1626 2501 est
1660 2459 1789 2514 (124,
1826 2459 1972 2516 v18),
1992 2458 2072 2501 sed

1192 2520 1269 2561 illo
1302 2521 1496 2575 Aegypti
1528 2519 1893 2560 administrationi
1937 2531 2069 2573 prae-

1191 2580 1350 2632 posito,
1384 2579 1503 2620 solus
1536 2579 1619 2619 iam
1654 2578 1859 2620 cohortes
1890 2584 2069 2632 praeto-

1190 2639 1276 2678 rias
1309 2638 1447 2679 rexit:
1480 2637 1563 2679 Dio
1586 2636 1698 2678 Lvn
1720 2637 1787 2680 19.
1822 2637 1887 2679 De
1909 2637 2067 2692 Apicio

1191 2698 1261 2751 qui
1297 2698 1440 2737 statim
1475 2702 1738 2737 memoratur
1767 2695 1982 2738 videndus
2003 2703 2070 2738 est

1191 2755 1273 2796 Dio
1308 2756 1336 2797 l.
1373 2769 1427 2808 c.‚
1463 2757 1632 2798 Seneca
1667 2754 1843 2797 Consol.
1877 2754 1930 2797 ad
1958 2755 2069 2797 nel-

1190 2816 1303 2856 viam
1339 2816 1414 2858 1οε
1458 2814 1635 2869 Apicius
1674 2821 1825 2857 nostra
1861 2816 2069 2856 memoria

1189 2875 1320 2926 vixit,
1369 2876 1439 2929 qui
1480 2875 1526 2915 in
1560 2888 1613 2914 ea
1641 2874 1746 2916 urbe
1780 2889 1833 2915 ex
1864 2888 1948 2929 qua
1979 2874 2068 2916 ali-

1190 2933 1357 2987 quando
1411 2932 1657 2990 philosophi
1701 2936 1748 2975 ut
1798 2940 2070 2991 corruptores

1187 2994 1415 3033 irmentutis
1442 2991 1563 3033 abire
1582 2993 1687 3034 iussi
1707 2999 1818 3043 sunt,
1843 2993 2069 3035 scientiam

1184 3052 1370 3107 popinae
1423 3054 1643 3106 professus
1697 3051 1928 3106 disciplina
1988 3064 2069 3092 sua

1187 3110 1375 3151 seculum
1400 3111 1565 3164 intecit.
1608 3109 1774 3151 Plinius
1796 3110 1833 3151 Χ
1859 3110 1917 3153 68
1933 3109 2066 3167 (48):

1189 3169 1516 3224 Phoenicopteri
1533 3168 1724 3223 linquam
1740 3170 1972 3226 praecipui
1990 3183 2068 3211 sa-

1183 3228 1303 3284 poris
1337 3242 1424 3269 esse
1458 3227 1634 3283 Apicius
1668 3228 1838 3281 docuit,
1871 3235 2068 3285 nepotum

1187 3288 1372 3329 omnium
1422 3287 1649 3328 altissimus
1695 3300 1864 3343 quryes.
1923 3285 2067 3329 Athe-

1187 3359 1321 3388 naeus
1353 3346 1371 3387 Ι
1404 3360 1445 3401 p.
1482 3347 1504 3388 7
1538 3347 1590 3399 Α,
1622 3346 1679 3389 lv
1714 3359 1756 3401 p.
1797 3347 1880 3390 168
1909 3344 1959 3399 E,
1989 3342 2066 3386 vll

1188 3419 1231 3462 p.
1265 3406 1353 3451 294
1383 3406 1430 3448 F.

1275 3467 1425 3522 quippe
1456 3466 1587 3507 isdem
1619 3465 1782 3506 artibus
1810 3464 1945 3505 victus
1977 3469 2063 3506 est.-

1187 3526 1331 3568 victus
1364 3526 1458 3567 sive
1498 3536 1733 3580 oppressus
1766 3527 1832 3563 est
1862 3522 2061 3574 Seianus,

1191 3598 1288 3628 cum
1310 3584 1504 3627 Tiberius
1537 3583 1591 3625 de
1623 3583 1717 3625 eius
1751 3581 1949 3634 potentia
1979 3594 2065 3626 au-

1190 3645 1287 3690 xius
1318 3643 1540 3690 hominem
1570 3643 1639 3685 sui
1678 3640 1937 3697 obtegentes»
1978 3639 2063 3686 sibi
