2280 4004
273 276 335 319 aa
948 283 951 289 ..
1046 272 1340 317 ANNAlem
1850 289 1891 324 a.
1922 272 1972 323 tt:
1999 271 2123 326 8632?

271 421 506 484 nepotem
544 416 770 469 Phraatis
824 415 1077 468 accedere
1128 416 1376 469 adversus
1428 417 1825 471 dominationem
1873 417 2111 475 Gotarzis

272 509 522 560 nobilitati
557 507 794 574 plebique
829 508 967 560 iuxta
1004 507 1388 561 intolerandam.
1463 510 1564 561 Iam
1606 511 1807 575 fratres,
1844 511 1943 563 iam
1971 523 2106 579 pro-

271 599 506 665 pinquOS,
549 597 648 649 iam
674 597 878 666 longius
911 598 1037 652 sitos
1072 599 1313 651 caedibus
1344 599 1647 666 exhaustos3
1685 601 1818 654 adici
1854 600 2103 673 coniuges

272 689 543 756 gravidaS,
585 689 778 742 liberos
815 705 1028 757 parvos,
1088 691 1203 742 dum
1240 706 1422 743 socors
1462 691 1630 758 domi,
1671 692 1820 745 bellis
1857 693 2109 746 infaustus

235 780 529 848 signaviam
583 781 796 833 saevitia
849 786 1005 849 tegat.
1079 764 1315 834 Veterem
1361 783 1459 834 sibi
1506 799 1567 835 ac
1615 783 1818 850 publice
1869 789 2098 852 coeptam

271 872 540 923 nobiscum
585 872 884 937 amicitiam,
947 877 996 924 et
1029 873 1429 926 subveniendum
1473 875 1631 926 sociis
1681 875 1862 926 virium
1900 875 2110 928 aemulis

274 963 675 1029 cedentibusque
721 979 813 1029 per
850 964 1207 1015 reverentiam.
1293 964 1416 1017 Ideo
1452 981 1629 1034 regum
1670 965 1878 1019 obsides
1915 965 2108 1019 liberos

272 1054 384 1106 dari
421 1059 506 1119 ut,
547 1055 591 1106 si
630 1054 896 1106 domestici
937 1055 1135 1122 imperii
1172 1055 1401 1121 taedeat,
1455 1057 1520 1108 sit
1558 1072 1829 1124 regressus
1861 1057 1927 1110 ad
1964 1058 2111 1124 prin-

273 1146 434 1211 cipem
485 1150 786 1213 patresque,
847 1161 1058 1213 quorum
1113 1147 1338 1198 moribus
1394 1147 1718 1200 adsuefactus
1775 1164 1870 1201 rex
1925 1149 2109 1202 melior

209 1255 257 1291 ιο
272 1237 665 1290 adscisceretur.
739 1238 833 1290 Ubi
870 1238 998 1290 haec
1031 1244 1180 1306 atque
1219 1239 1337 1291 talia
1370 1240 1731 1306 dissertavere,
1771 1240 1949 1308 incipit
1990 1240 2195 1292 ora-11

268 1329 458 1380 tionem
498 1329 688 1381 Caesar
738 1329 806 1381 de-
854 1330 1062 1397 fastigio
1103 1332 1330 1383 Romano
1368 1331 1764 1397 Parthorumque
1816 1331 2112 1399 obsequiis:

267 1434 426 1486 seque
468 1420 585 1471 divo
626 1420 859 1488 August-o
906 1421 1251 1487 adaequabat,
1293 1423 1500 1488 petitum
1537 1422 1599 1472 ab
1639 1437 1701 1474 eo
1744 1437 1920 1490 regem
1970 1422 2114 1474 rese*-

269 1526 409 1576 renS,
454 1512 642 1563 omissa
679 1512 867 1563 Tiberii
908 1513 1181 1577 memoria,
1223 1527 1522 1578 quamquam
1560 1513 1604 1564 is
1645 1527 1846 1579 quoque
1882 1513 2104 1565 miserat.
2181 1515 2184 1517 ’

268 1602 484 1654 Addidit
520 1608 789 1670 praecepta
831 1604 1043 1667 (etenim
1084 1604 1261 1656 aderat
1285 1604 1666 1670 Meherdates),
1705 1609 1759 1654 ut
1794 1619 1899 1656 non
1938 1603 2112 1656 domi-⁴·

206 1707 254 1744 15
272 1695 528 1746 nationem
571 1700 619 1746 et
659 1711 838 1746 servos
877 1695 970 1746 sed
1011 1700 1263 1746 rectorem
1307 1700 1356 1747 et
1394 1696 1533 1746 cives
1574 1695 1841 1762 cogitaret,
1883 1695 2113 1748 clemen-

271 1786 494 1851 tiamque
525 1802 584 1836 ac
610 1786 867 1850 iustitiam,
911 1791 1096 1852 quanto
1133 1787 1313 1853 ignara
1346 1786 1599 1850 barbaris,
1641 1791 1780 1837 tanto
1814 1781 2108 1838 toleratiora

275 1883 584 1943 capesseret.
658 1878 787 1930 Hinc
824 1893 1004 1928 versus
1040 1878 1102 1928 ad
1142 1878 1340 1945 legatos
1371 1878 1564 1930 extollit
1598 1870 1831 1930 laudibus
1863 1877 2113 1930 alumnum

271 1969 439 2034 urbis,
505 1974 762 2036 spectatae
809 1969 871 2020 ad
912 1969 961 2020 id
1001 1969 1313 2020 modestiae:
1381 1985 1441 2020 ac
1483 1973 1648 2020 tamen
1689 1969 1899 2021 serenda
1935 1984 2114 2038 regum

396 2116 432 2157 1.
464 2117 635 2171 praatis
662 2114 739 2157 illa.
803 2118 844 2159 2.
877 2115 1173 2157 intolleranda
1196 2114 1275 2167 Ma,
1311 2115 1580 2156 tolerandam
1603 2114 1650 2156 G.
1713 2115 1758 2157 4.
1778 2127 1924 2156 socros
1954 2118 2119 2171 (socors

271 2175 318 2215 in
350 2187 489 2230 marg.
524 2174 577 2215 ab
599 2175 748 2216 eadem
777 2177 924 2232 manu)
958 2174 1038 2217 Ma.
1132 2177 1173 2217 5.
1207 2176 1358 2216 sevitia
1386 2173 1466 2216 Ma.
1568 2173 1610 2216 9.
1644 2188 1726 2216 ass.
1760 2173 1833 2216 Or.
1915 2175 1983 2217 12.
2017 2187 2117 2229 aug.

273 2246 370 2274 cum
405 2233 483 2276 li-n.
519 2232 597 2275 Ma.
708 2235 949 2289 adequabat
980 2234 1060 2277 illu.
1169 2235 1236 2276 13.
1272 2247 1515 2288 quanquam
1555 2231 1633 2276 Ma.
1745 2235 1812 2275 14.
1850 2233 2120 2274 dentitionem

271 2305 323 2346 pr
354 2291 435 2334 Ma.
534 2294 602 2335 15.
638 2296 874 2336 concita-ret
912 2292 999 2336 Ma:
1035 2294 1310 2335 emendatum
1344 2295 1387 2335 in
1423 2292 1473 2336 G.

273 2359 519 2409 capesceret
552 2351 632 2394 Ma.

272 2474 462 2516 similata
495 2480 561 2516 est
592 2481 638 2516 ut
671 2475 796 2517 fieret
828 2483 880 2517 et.
947 2475 1077 2517 Certe
1103 2476 1156 2516 de

271 2536 459 2575 veritate
491 2535 736 2575 medicinae
769 2535 992 2575 adhibitae
1023 2534 1154 2575 dubi-

272 2594 354 2633 tari
403 2594 586 2647 nequit,
634 2606 779 2647 neque
837 2593 891 2634 de
938 2595 1154 2647 pravitate

273 2652 349 2692 sed
402 2659 455 2693 et.
523 2651 668 2694 Verbo
732 2652 940 2692 accedere
992 2651 1153 2692 nudum

272 2711 569 2752 accusativum
612 2717 655 2752 et
687 2710 1005 2752 nominativum
1048 2724 1154 2764 pas-

271 2770 368 2811 sivo
404 2772 558 2826 generi
594 2769 794 2811 adiunxit
827 2769 999 2812 'l'acitus
1039 2782 1153 2810 non-

273 2830 358 2870 nisi
393 2831 435 2870 in
470 2828 719 2870 nominibus
752 2829 890 2871 locum
915 2829 1156 2885 designan-

273 2888 390 2929 tibus
424 2888 497 2930 vel
532 2888 620 2929 loci
664 2889 808 2930 vicem
854 2888 1155 2942 implentibus,

273 2953 322 2988 ut
352 2946 390 2988 ll
424 2947 481 2990 58
525 2948 805 3001 daturumque
854 2948 1011 2989 honori
1046 2948 1157 2989 Ger-

273 3007 436 3049 manici
474 3013 520 3047 ut
562 3008 703 3062 ripam
737 3006 978 3062 Euphratis
1026 3020 1157 3047 accc-

275 3066 417 3118 deret,
479 3065 555 3107 XII
602 3067 660 3108 33
710 3066 748 3106 si
795 3080 879 3120 qua
929 3066 1159 3106 clementer

275 3126 425 3167 accedi
484 3131 702 3181 poteram.
767 3125 818 3167 H.
882 3124 938 3166 111
997 3127 1054 3167 24
1113 3130 1159 3164 ut

276 3199 459 3239 quosque
493 3190 764 3236 accesserat3
807 3186 851 3225 in
896 3183 964 3225 his
1010 3183 1156 3224 verbis

274 3244 460 3285 militiae
510 3245 632 3285 varia
681 3256 846 3299 genera
899 3244 942 3283 in
1004 3254 1156 3296 campo

276 3302 492 3357 disposita
540 3315 618 3356 pro
672 3302 777 3343 locis
830 3302 1004 3355 valent3
1056 3303 1159 3342 item

274 3361 372 3402 XIV
407 3363 464 3404 35
496 3371 542 3404 ut
578 3375 782 3415 quamque
830 3363 1049 3403 nationem
1081 3374 1160 3402 ac-

276 3428 480 3462 cesserat.
546 3421 667 3462 Alias
712 3427 786 3461 aut
830 3423 977 3475 posuit
1025 3433 1160 3462 accu-

275 3482 465 3521 sativum
495 3493 589 3520 cum
610 3481 937 3534 praepositione
951 3479 1020 3532 ad,
1037 3478 1160 3521 velut

276 3538 327 3580 O.
361 3541 416 3582 31
479 3539 537 3579 ad
582 3541 805 3580 veritatem
857 3539 1157 3581 accedentibus

277 3599 598 3650 controversiis,
637 3602 711 3638 aut
746 3598 956 3651 dativum,
992 3599 1065 3653 qui
1090 3603 1156 3638 est

278 3655 298 3701 1
329 3657 399 3701 73.
465 3656 517 3700 H.
558 3657 577 3700 1
608 3658 667 3702 34
699 3663 743 3701 et
776 3658 846 3703 70.
908 3658 959 3702 ln
1005 3657 1153 3702 verbis

1597 2292 1665 2336 16.
1698 2293 1852 2348 iynata
1873 2290 1954 2335 Ma.
2012 2298 2021 2310 '·
2050 2292 2117 2335 17.

1245 2474 1325 2516 XlI
1372 2477 1427 2517 31
1479 2476 1580 2529 quia
1629 2475 1876 2517 societatem
1925 2480 2118 2516 nostram

1242 2533 1432 2575 volentes
1494 2541 1771 2575 accesserant
1841 2534 2118 2575 accusativus

1243 2593 1405 2646 pendet
1457 2606 1482 2633 a
1531 2593 1733 2634 volentes.
1798 2590 2035 2633 Rhenanus
2073 2592 2116 2633 in

1243 2650 1622 2707 Castigationibus
1687 2649 1869 2692 scribit:
1928 2650 2119 2692 ‘mallem

1244 2723 1328 2765 ego
1382 2735 1437 2742 -—
1495 2709 1690 2751 scribere
1743 2709 1818 2750 sed
1870 2709 1929 2751 ad
1969 2710 2119 2763 lilium.

1247 2769 1408 2810 Verum
1460 2770 1573 2811 infra
1613 2770 1677 2811 sic
1726 2780 1901 2825 quoque
1934 2767 2006 2826 (¹2)
2045 2766 2119 2810 lo-

1244 2828 1419 2883 quitur.'

1336 2888 1442 2942 Cap.
1481 2890 1548 2930 11.
1613 2900 1868 2942 quamquam
1891 2886 1930 2928 is
1960 2899 2122 2942 quoque

1242 2949 1446 2989 miserat:
1494 2950 1673 2988 miserat
1722 2946 1938 2988 Phraaten
1971 2952 2016 2988 et
2045 2946 2120 2987 'ri-

1243 3007 1413 3048 ridaten
1450 3006 1534 3060 (VI
1565 3007 1618 3048 31
1656 3010 1804 3062 sqq.)‚
1852 3016 1940 3046 non
1975 3011 2119 3047 autem

1246 3065 1476 3106 Vononem
1522 3065 1599 3119 (ab
1646 3066 1847 3121 Augusto
1898 3065 2117 3121 missum),

1245 3130 1292 3164 nt
1312 3124 1485 3178 Lipsius
1518 3123 1570 3164 ad
1605 3123 1646 3164 h.
1683 3123 1711 3165 l.
1747 3124 2048 3177 pronuntiavit
2076 3128 2120 3164 et

1248 3183 1439 3224 Orellius
1471 3182 1663 3235 Lipsium
1698 3181 1999 3235 imprudenter
2038 3194 2120 3224 ex-

1246 3242 1446 3293 cribens,
1501 3253 1588 3281 non
1640 3246 1844 3282 accurate
1901 3241 2119 3283 recordati

1246 3314 1358 3356 quae
1398 3300 1570 3341 'l'acitus
1615 3298 1652 3340 11
1687 3301 1707 3341 1
1741 3313 1836 3355 sqq.
1884 3305 2117 3342 narrasset.

1247 3358 1618 3411 Quemadmodum
1660 3357 1704 3400 h.
1738 3358 1767 3400 l.
1810 3357 1972 3400 Tiberii
2020 3370 2119 3400 me-

1246 3421 1424 3460 moriam
1461 3417 1660 3460 consulto
1696 3417 1950 3469 declinavit,
1982 3418 2048 3458 sic
2078 3430 2117 3459 c.

1245 3481 1303 3523 22
1335 3480 1389 3519 de
1424 3477 1530 3520 Gaio
1565 3476 1753 3518 Caesare
1785 3477 1971 3517 reticuit.

1335 3530 1492 3591 quarite
1525 3538 1686 3592 iynara
1728 3535 1951 3585 barbaris,
1998 3539 2117 3576 tanto

1242 3597 1529 3639 coloratiores.-
1562 3608 1604 3638 ν.
1642 3594 1693 3636 ad
1728 3593 1745 3634 1
1775 3595 1847 3636 57.
1911 3591 2116 3634 Ceterum

1240 3657 1391 3715 iynata
1422 3655 1524 3700 libri
1555 3653 1623 3699 Ma
1656 3654 1808 3699 vitium
1841 3665 1896 3697 ex
1926 3664 2114 3710 praece-3
