2280 4004
199 287 224 323 a
256 273 303 318 G.
338 275 408 321 23.
946 270 1112 316 LIBER
1140 269 1218 316 IV.
1954 274 2042 316 233

205 421 438 479 inglorium
467 420 680 475 laborem,
721 433 817 463 suos
856 418 1038 462 annales
1077 431 1166 460 non
1198 417 1446 475 comparari
1486 432 1530 461 se
1560 417 1667 461 velle
1700 431 1794 460 cum
1825 419 2044 475 scriptura

207 510 376 550 eorum,
431 497 502 551 qui
539 503 702 538 veteres
737 494 886 551 populi
920 494 1108 537 Romani
1137 508 1206 535 res
1239 506 1533 550 composuere.-
1576 492 1711 535 nihilo
1754 494 1893 535 minus
1936 493 2045 536 haec

207 584 367 628 quoque
398 572 594 631 conquiri
625 570 820 625 tradique
853 569 1090 611 conducere
1123 568 1351 626 (32-33).

374 637 479 702 Cap.
516 645 706 687 34—45.
769 642 920 685 Annus
953 655 982 683 a
1015 641 1118 683 Chr.
1155 641 1376 682 vicesimus
1409 641 1600 695 quintus,
1651 640 1807 682 Tiberii
1828 641 2042 698 principis

207 718 489 760 duodecimus.
555 715 793 758 Cremutius
829 714 993 756 Cordus
1025 714 1215 768 defertur
1257 714 1373 770 apud
1405 720 1576 769 patres,
1611 713 1721 768 quod
1760 713 1935 755 laudato
1978 713 2038 756 M.

205 792 336 835 Bruto
379 791 428 833 C.
474 790 668 832 Cassium
710 788 901 854 ultimum
940 790 1233 831 Romanorum
1274 787 1473 848 dixisset:
1519 788 1609 843 ipse
1654 787 1804 829 habita
1847 790 2044 831 oratione
2071 825 2103 841 s,

755 844 805 851 „-
811 834 945 849 ,ΝΜ-α
946 834 1079 846 -m--vff-
1081 837 1249 854 «ΜΝ-ἥ,

205 851 522 908 viffif‘inedia
558 862 697 917 finivit
746 863 879 919 (34-
826 863 974 919 -35)
1039 863 1226 903 Reorum
1250 842 1509 903 multitudo.
1576 861 1796 916 Cyzicenis
1846 862 2045 919 adempta
2090 850 2093 855 Α

205 937 393 980 libertas.
461 935 617 991 Templi
648 935 853 976 honorem
888 934 940 975 ab
975 934 1189 989 Hispania
1237 933 1441 974 ulteriore
1475 933 1659 975 oblatum
1697 933 1885 975 Tiberius
1918 949 2042 990 sper-

205 1012 293 1063 nit,·
333 1023 385 1052 ea
426 1009 476 1051 de
517 1023 565 1050 re
599 1009 812 1064 principis
853 1007 910 1048 ad
943 1014 1092 1063 patres
1123 1007 1262 1048 oratio
1296 1007 1526 1064 (36—38).
1590 1006 1847 1048 Promissum
1885 1009 2043 1050 matri-

206 1084 391 1128 monium
419 1083 639 1139 llaqitante
670 1082 796 1123 Livia
815 1113 826 1133 ,
859 1081 974 1121 hanc
1004 1080 1084 1121 sibi
1109 1081 1216 1136 petit
1248 1080 1433 1121 Seianus
1467 1093 1646 1121 uoeorem
1673 1094 1755 1135 per
1792 1080 2011 1135 epistolam
2027 1095 2043 1132 ,·

199 1157 402 1212 princeps
445 1155 626 1197 modeste
668 1160 797 1209 neqat
837 1154 1066 1210 (39—40).
1130 1153 1314 1193 Seianus
1366 1166 1573 1193 secessum
1627 1153 1679 1193 ab
1722 1152 1826 1194 urbe
1882 1152 2044 1194 Tiberio

203 1230 366 1282 suadet,
399 1235 439 1270 et
468 1229 615 1270 habita
644 1228 693 1269 de
728 1227 934 1269 Montano
970 1227 1154 1283 cognitio
1189 1232 1459 1268 cunctantem
1486 1225 1675 1283 perpulit
1709 1226 1966 1280 Caesarem,
1999 1235 2046 1270 ut

204 1302 400 1343 vitandos
448 1301 640 1343 crederet
679 1307 851 1356 patrum
891 1306 1031 1340 coetus
1070 1313 1272 1353 vocesque
1315 1299 1547 1356 (41—42).
1611 1297 1870 1353 Leyationes
1904 1299 2045 1341 Grae-

206 1389 382 1427 corum,·
415 1375 542 1416 aedes
584 1374 760 1416 Veneris
789 1374 838 1414 in
867 1379 1007 1414 monte
1040 1372 1186 1428 Eryco
1221 1378 1500 1424 restaurata‚·
1535 1371 1869 1413 Massiliensium
1895 1386 2049 1429 preces

209 1451 323 1506 (43).
389 1448 549 1491 Mortes
580 1450 771 1490 virorum
800 1446 1029 1488 illustrium
1063 1448 1293 1503 (44-45).

381 1522 487 1578 Cap.
520 1521 711 1565 46-61,
774 1520 926 1562 Annus
960 1534 987 1561 a
1022 1519 1190 1562 Christo
1221 1520 1444 1561 vicesimus
1473 1526 1629 1573 sextus,
1660 1521 1870 1578 principis
1895 1521 2050 1564 Tiberii

213 1595 399 1638 decimus
431 1595 595 1636 tertius.
658 1594 847 1635 Decreta
882 1592 1083 1648 triumphi
1112 1599 1367 1634 ornamenta
1388 1593 1584 1649 Poppaeo
1609 1593 1772 1634 Sabino
1795 1593 1843 1635 ob
1866 1593 2050 1638 Thraces

206 1669 311 1726 pari
339 1668 591 1722 fortitudine
624 1674 662 1709 et
688 1667 922 1723 prudentia
955 1667 1137 1708 devictos
1158 1666 1389 1723 (46—51).
1454 1666 1506 1708 In
1537 1665 1642 1708 urbe
1674 1667 1807 1708 series
1837 1668 1974 1722 futuri
2003 1668 2050 1710 in

209 1741 498 1797 Ayrippinam
529 1741 650 1782 eaeitii
679 1740 855 1796 incipit:
905 1740 1098 1798 Claudia
1123 1740 1312 1782 Pulchra
1342 1739 1611 1799 Agrippinae
1642 1740 1819 1796 sobrina
1849 1741 2053 1783 adulterii

206 1814 449 1871 postulatur
481 1821 520 1855 et
552 1814 807 1866 damnatur,-
839 1813 949 1869 2192
935 1827 1106 1870 ippinae
1128 1801 1306 1869 questus
1333 1813 1536 1854 adversus
1560 1814 1781 1866 Tiberium,
1816 1814 1890 1855 sed
1910 1815 2052 1868 irriti,-

211 1895 471 1931 maerentem
515 1889 700 1929 Seianus
744 1887 871 1930 altius
907 1888 1105 1943 percellit
1147 1894 1184 1928 et
1227 1887 1436 1930 Tiberium
1475 1888 1621 1929 acrius
1650 1889 1697 1930 in
1740 1901 1834 1929 eam
1864 1889 2054 1934 stimulat

215 1964 447 2022 (52—54).
512 1962 565 2003 In
598 1967 751 2003 senatu
782 1961 913 2016 leyati
943 1960 1076 2002 Asiae
1108 1961 1368 2014 audiuntur-3
1418 1975 1470 2002 ece
1500 1962 1697 2004 undecim
1730 1962 1969 2004 civitatibus
2003 1963 2052 2004 de

215 2036 364 2092 templo
390 2035 553 2077 Tiberio
586 2035 808 2076 statuendo
842 2035 1103 2076 certantibus
1119 2035 1312 2090 praelati
1329 2035 1560 2090 Smyrnaei
1580 2036 1810 2092 (55—56).
1866 2035 2053 2078 Tiberius

218 2109 264 2149 in
299 2108 581 2164 Campaniam
612 2107 716 2148 abiit
746 2120 833 2147 non
864 2121 1136 2162 reyressurus
1169 2108 1216 2148 in
1246 2107 1414 2159 urbem5
1460 2109 1507 2148 in
1546 2120 1592 2148 eo
1630 2107 1784 2148 itinere
1811 2108 2050 2163 periculum

210 2181 422 2238 principis
456 2187 495 2222 et
525 2181 679 2222 Seiani
707 2181 755 2221 in
787 2194 879 2221 eum
911 2181 1102 2221 amicitia
1129 2181 1338 2236 probata,
1382 2194 1489 2234 quae
1531 2194 1600 2222 res
1631 2179 1731 2222 huic
1762 2181 1882 2223 addit
1912 2195 2052 2238 prae-

217 2254 369 2295 sidium
399 2260 440 2295 et
473 2253 689 2308 fiduciam.
754 2254 847 2296 Iam
887 2255 1012 2295 struit
1052 2253 1233 2295 insidias
1276 2255 1323 2294 in
1361 2253 1576 2296 Neronem
1617 2254 1866 2298 Germanici
1900 2254 2052 2309 silium,

212 2329 455 2383 proximum
496 2328 775 2379 successioni,
820 2335 859 2368 et
900 2327 1088 2368 Drusum
1117 2330 1303 2383 fratrem
1333 2328 1379 2368 in
1406 2334 1555 2383 partes
1587 2328 1741 2380 trahit,
1793 2330 1920 2371 etiam
1957 2328 2058 2370 huic

211 2401 546 2456 praemeditatus
578 2401 698 2442 eaeitii
727 2401 864 2455 futuri
895 2402 1058 2442 semina
1090 2403 1319 2458 (57—60).
1385 2401 1488 2442 Fine
1524 2402 1632 2442 anni
1657 2400 1833 2443 Asinius
1861 2401 2058 2458 Agrippa

218 2480 258 2515 et
287 2474 466 2526 Quintus
497 2474 698 2516 Haterius
729 2475 819 2515 vita
850 2474 1086 2515 concedunt
1123 2475 1233 2533 (61).

385 2547 490 2604 Cap.
525 2549 715 2591 62-67.
779 2547 931 2589 Annus
964 2562 991 2588 a
1026 2547 1128 2589 Chr.
1162 2548 1385 2589 vicesimus
1419 2548 1644 2604 septimus,
1684 2548 1838 2590 Tiberii
1870 2548 2057 2591 decimus

219 2627 414 2676 quartus,
447 2621 605 2663 sterilis
635 2635 780 2663 rerum
813 2627 1052 2676 qestarum,
1097 2621 1286 2662 cladibus
1317 2621 1520 2676 malisque
1551 2635 1638 2662 non
1675 2622 1811 2678 inops.
1873 2621 2057 2678 Amphi-

219 2694 378 2735 theatri
405 2695 535 2735 ruina
566 2694 736 2736 Fidenis
767 2695 973 2736 immensa
1005 2695 1068 2736 vis
1100 2696 1382 2749 spectantium
1414 2695 1570 2736 obtrita
1599 2702 1672 2736 aut
1704 2696 1924 2748 lacerata3
1956 2696 2057 2738 urbs

217 2767 415 2808 incendio
456 2773 626 2809 vastata
673 2774 713 2809 et
748 2781 868 2809 mons
911 2768 1084 2809 Caelius
1127 2769 1307 2810 acastus.
1372 2768 1529 2820 Quibus
1571 2769 1738 2810 casibus
1778 2776 1818 2810 et
1854 2782 2057 2824 proceres

220 2841 407 2882 Romani
436 2848 476 2881 et
502 2842 702 2896 princeps
731 2840 857 2881 solita
890 2841 1148 2882 liberalitate
1180 2841 1431 2882 subveniunt
1462 2843 1691 2899 (62—65).
1743 2842 2057 2885 Accusatorum

220 2913 267 2953 in
299 2913 387 2953 dies
424 2913 564 2954 maior
597 2919 636 2954 et
665 2914 864 2969 infestior
893 2913 1113 2955 multitudo
1158 2916 1249 2955 sine
1289 2914 1523 2955 levamento
1558 2921 1798 2970 grassatur.
1868 2915 2057 2958 Tiberius

221 2985 267 3026 in
297 2985 483 3027 insulam
502 2985 694 3042 Capreas
725 2987 897 3028 transiit
929 3000 1100 3041 eamque
1132 2986 1353 3028 duodecim
1375 2987 1487 3029 villis
1511 2987 1679 3031 insedit.
1734 2987 1785 3029 In
1816 2987 1919 3030 urbe
1939 2987 2055 3031 Nero

223 3065 262 3100 et
292 3057 534 3115 Agrippina
562 3059 693 3101 milite
726 3059 1018 3101 custodiuntur
1043 3062 1272 3117 (66—67).

391 3131 497 3187 Cap.
529 3133 718 3176 68—75.
781 3132 934 3174 Annus
963 3147 992 3174 a
1014 3133 1117 3175 Chr.
1151 3135 1372 3176 vicesimus
1407 3141 1592 3186 octavus,
1629 3135 1742 3175 domi
1772 3135 1919 3186 tristis,
1946 3134 2056 3188 foris

223 3203 445 3257 inqlorius.
513 3204 641 3246 Titius
674 3205 875 3258 Sabinus,
911 3206 960 3247 ob
993 3207 1228 3248 amicitiam
1259 3207 1509 3248 Germanici
1540 3214 1578 3247 et
1604 3207 1872 3262 Agrippinae
1896 3206 2055 3247 invisus

228 3274 423 3326 Caesari,
460 3290 488 3316 a
517 3275 640 3330 salsis
676 3279 826 3321 amicis
855 3279 979 3333 foede
1013 3280 1321 3319 circumventus
1354 3286 1595 3330 accusatur,
1631 3279 1935 3333 damnatusque
1965 3280 2055 3335 ipso

221 3348 436 3404 principio
480 3350 586 3389 anni
635 3349 820 3391 trahitur
860 3351 905 3390 in
950 3364 1194 3402 carcerem,
1242 3365 1396 3405 maqno
1440 3352 1593 3392 civium
1634 3364 1796 3406 pavore
1837 3358 1875 3392 et
1913 3352 2058 3406 optimi

227 3426 424 3479 cuiusque
454 3438 649 3466 maerore
693 3438 747 3466 ac
776 3426 1074 3467 misericordia
1114 3439 1218 3481 crya
1260 3426 1507 3467 Germanici
1548 3426 1768 3480 coniugem
1806 3431 1845 3465 et
1884 3424 2052 3467 liber.os

227 3496 342 3539 Iulia
382 3499 519 3553 neptis
568 3497 749 3553 Auyusti
792 3498 973 3538 moritur
1007 3498 1235 3555 (68—72).
1301 3498 1431 3539 Frisii
1455 3510 1607 3555 pacem
1646 3503 1805 3539 εει-3333333
1837 3504 1875 3539 et
1900 3510 2057 3554 parum

224 3582 427 3626 prospere
456 3584 484 3612 a
517 3570 567 3612 L.
598 3569 792 3626 Apronio
825 3569 963 3625 leyato
998 3570 1257 3613 Germaniae
1289 3571 1510 3627 inferioris
1543 3575 1824 3624 coercentur,
1857 3571 2054 3614 dissimu-

231 3639 344 3683 lante
369 3642 566 3701 principe
599 3642 772 3696 damna,
803 3643 958 3691 necui
989 3641 1140 3685 bellum
1164 3643 1453 3701 permitteret,
1483 3644 1679 3701 patribus
1708 3650 1855 3695 ‚autem
1884 3645 2053 3692 interno
