2280 4004
245 277 335 324 186
1035 275 1327 322 ANNALIVM

1816 289 1867 323 a.
1887 286 1934 324 11.
1967 278 2068 324 773.

247 422 549 497 delatorum
584 420 1085 494 interpretationibus
1154 421 1536 471 subverteretur
1548 436 1562 483 3
1647 422 1802 486 utque
1851 420 2073 476 antehac

245 515 466 582 flagitiis,
506 497 573 564 ita
607 518 727 563 tunc
763 496 963 580 legibus
999 512 1359 564 laborabatur..
1413 511 1486 565 Ea
1523 525 1608 563 res
1646 510 1886 563 admonet
1920 516 1978 564 ut
2008 513 2074 566 de

242 606 507 673 principiis
559 604 720 669 iuriS,
785 608 834 654 et
883 603 1063 669 quibus
1101 603 1266 677 modis
1307 603 1372 654 ad
1419 603 1550 655 hanc
1587 602 1953 656 multitudinem
1991 603 2075 656 ἰη-

245 697 433 752 finitam
476 711 535 747 ac
570 695 864 747 varietatem
903 695 1073 762 legum
1111 679 1409 761 perventum
1447 695 1542 761 sit,
1605 696 1751 748 altius
1806 696 2071 748 disseram.

208 786 585 841 ⁵Vetustissimi
622 787 923 852 mortalium,
958 787 1093 838 nulla
1124 787 1289 839 adhuc
1327 787 1456 838 mala
1482 787 1710 853 libidine,
1740 788 1853 840 sine
1884 787 2159 854 probro26

235 880 462 944 scelere,
497 892 662 945 eoque
697 879 809 931 sine
836 894 1001 946 poena
1045 884 1129 929 aut
1157 879 1553 932 coercitionibus
1591 879 1826 948 agebant.
1900 879 2075 945 Neque

0 1007 47 1048 «γ
77 975 123 1018 Α
142 964 211 1023 33:⁴2⁴
242 970 482 1036 praemiis
512 984 636 1036 opus
669 976 795 1036 erat,
832 987 955 1022 cum-
982 971 1402 1055 hffilssssfflpte
1427 952 1990 1043 ingeniowpeterenturj
2026 976 2077 1022 et

242 1062 329 1115 ubi
367 1061 491 1114 nihil
526 1066 703 1112 contra
731 1075 923 1133 morem
961 1065 1218 1127 cuperent,
1257 1060 1382 1111 nihil
1418 1076 1510 1127 per
1535 1054 1719 1112 nictum
1756 1061 2072 1113 vetabantur.

243 1154 310 1206 At
359 1158 624 1220 postquam
674 1154 789 1205 exui
841 1153 1147 1220 aequalitaS,
1211 1159 1260 1205 et
1308 1168 1399 1220 pro
1461 1153 1709 1205 modestia
1766 1169 1828 1205 ac
1878 1152 2074 1219 pudore

182 1256 230 1295 to
247 1245 454 1300 ambitio
498 1250 547 1296 et
579 1245 658 1296 vis
695 1245 993 1310 incedebat,
1034 1260 1319 1311 provenere
1353 1245 1750 1309 dominationeS,
1791 1244 2076 1310 multosque

244 1335 375 1402 apud
409 1335 622 1401 populos
662 1340 923 1387 aeternum
961 1350 1209 1386 mansere.
1286 1335 1500 1396 Quidam
1535 1335 1731 1399 statim,
1798 1338 1884 1386 aut
1929 1337 2078 1400 post-

244 1441 391 1493 quam
429 1442 608 1493 regum
638 1432 943 1493 pertaesum,
980 1427 1124 1493 leges
1153 1427 1449 1478 maluerunt.
1524 1428 1630 1479 Hae
1667 1425 1830 1492 primo
1865 1423 2076 1476 rudibus

242 1515 499 1568 hominum
540 1516 721 1568 animis
769 1516 1025 1582 simplices
1066 1521 1210 1567 erant
1223 1533 1237 1579 3
1277 1517 1591 1583 maximeque
1630 1515 1761 1568 fama
1800 1502 2079 1568 celebravit

243 1607 560 1658 Cretensium
600 1618 723 1672 quas
761 1605 943 1671 Minos,
984 1605 1346 1672 Spartanorum
1382 1621 1506 1673 quas
1542 1608 1822 1675 Lycurgus,
1862 1621 1923 1657 ac
1959 1619 2078 1658 mox

177 1714 227 1756 ,¹5
243 1698 642 1751 Atheniensibus
695 1698 1031 1764 quaesitiores
1094 1698 1192 1748 iam
1253 1704 1303 1749 et
1365 1698 1534 1764 plures
1588 1698 1709 1751 Solo
1761 1697 2075 1765 perscripsit.

240 1791 400 1846 Nobis
439 1789 698 1855 Romulus,
737 1794 790 1840 ut
827 1789 1036 1855 libitum,
1076 1790 1478 1856 imperitaverat3
1521 1789 1639 1841 dein
1662 1790 1821 1842 Numa
1858 1789 2077 1859 religio-

0 1069 13 1084 «
51 1059 112 1082 73·-
127 1046 170 1076 ἵν

0 1129 20 1155 3⁴-
29 1112 98 1161 ἕτεῤ
143 1144 148 1148 ·

364 1984 399 2025 1.
434 1983 686 2038 inter-praet.
722 1982 776 2024 M.
807 2035 811 2038 ἡ
850 1988 1004 2036 atquae
1037 1983 1090 2025 M.
1167 1982 1210 2026 6.
1246 1981 1620 2024 coer-citationibus
1654 1980 1850 2037 (syllaba
1882 1987 1928 2023 ta
1960 1993 2077 2037 pun..

241 2043 323 2085 ctis
357 2047 527 2099 notata)
562 2042 616 2084 M.
712 2042 751 2084 7.
782 2042 959 2096 premiis
991 2042 1046 2084 M.
1142 2043 1185 2085 8.
1219 2048 1397 2083 mortem
1427 2042 1501 2083 M:
1536 2041 1786 2083 emendavit
1816 2039 2074 2084 Beroaldus.

240 2103 281 2148 9.
316 2103 436 2144 eoesui
466 2102 521 2145 Μ.
647 2102 713 2149 10.
748 2101 964 2142 incidebat
991 2103 1054 2144 M:
1100 2102 1232 2143 tacite
1266 2102 1457 2145 correxit
1475 2100 1662 2155 Lipsius.
1751 2101 1984 2157 provenire
2006 2100 2075 2143 Mt

240 2163 431 2204 correxit
475 2161 604 2204 idem.
702 2162 768 2205 11.
805 2167 907 2217 aput
940 2160 994 2204 M.
1110 2163 1178 2206 12.
1214 2174 1292 2214 ae,
1330 2174 1416 2203 non
1453 2161 1560 2212 hae,
1594 2160 1648 2202 M.
1746 2159 1814 2203 14.
1847 2160 1987 2204 minus
2018 2160 2073 2204 M.

244 2222 311 2267 15.
346 2222 448 2265 Soto
482 2221 537 2275 M,
572 2233 658 2261 non
692 2219 840 2262 Solon.
1423 2229 1426 2232 “

162 2356 179 2468 l

167 2539 170 2551 i

239 2366 290 2408 H.
324 2365 341 2408 l
375 2367 455 2409 73:
492 2364 646 2408 Galvia
679 2363 1005 2421 Crispinilla—
1033 2378 1117 2421 po-

239 2433 331 2470 tens
348 2426 537 2482 pecunia
573 2433 611 2467 et
644 2425 839 2478 orbitate,
862 2437 970 2479 quae
999 2425 1118 2466 bonis

167 2489 172 2522 ‡¹
238 2484 443 2540 malisque
492 2485 747 2541 temporibus
793 2485 916 2525 iuxta
956 2483 1116 2525 valent.

196 2547 198 2549 ’
241 2543 366 2586 Conf.
403 2544 452 2586 Ο.
487 2545 528 2596 6,
561 2545 609 2586 G.
642 2546 713 2588 20.
749 2544 916 2585 Seneca
938 2541 1116 2585 Consol.

240 2604 294 2646 ad
324 2604 525 2645 Marciam
564 2604 641 2646 19:
690 2604 737 2643 in
769 2603 938 2643 civitate
970 2610 1119 2643 nostra

235 2663 332 2719 plus
373 2664 542 2718 qratiae
583 2663 742 2703 orbitas
789 2664 955 2716 confert
995 2675 1119 2716 quam

164 2738 165 2741 ¹
240 2723 368 2778 eripit
385 2736 400 2774 ‚·
436 2722 624 2776 adeoque
654 2728 910 2763 senectutem
938 2720 1118 2762 solitudo

240 2782 298 2823 ad
323 2782 560 2837 potentiam
585 2781 713 2834 ducit,
745 2787 791 2821 ut
821 2780 991 2835 quidam
1021 2781 1121 2821 odia

242 2840 424 2884 tiliorum
463 2840 661 2883 simulent
696 2847 735 2882 et
767 2839 922 2881 liberos
955 2840 1121 2881 eiurent

241 2907 280 2941 et
313 2901 537 2942 orbitatem
565 2913 696 2941 manu
726 2902 911 2954 saciant.
953 2899 1120 2940 Plinius

168 2976 169 2980 ¹
241 2959 339 3001 xlv
389 2962 438 3000 1:
479 2967 702 3014 postquam
743 2972 919 3014 coepere
959 2959 1120 2999 orbitas

242 3020 287 3060 in
334 3019 591 3060 austeritate
639 3031 800 3060 summa
850 3025 888 3058 et
930 3018 1123 3074 potentia

241 3092 347 3133 esse,
368 3079 554 3133 captatio
578 3079 625 3119 in
651 3084 826 3132 quaestu
845 3077 1121 3132 fertilissimo.

240 3138 400 3182 Rident
434 3139 716 3194 exagitantve
750 3137 861 3178 hanc
901 3136 1121 3178 conditio-

240 3211 339 3239 nem
362 3197 566 3238 Horatius
592 3197 728 3239 Serm.
752 3196 789 3237 ΙΙ
811 3197 852 3245 5,
894 3195 1123 3237 Petronius

244 3272 281 3298 c.
321 3257 418 3308 106,
454 3256 676 3298 Iuvenalis
710 3255 784 3298 Xll
821 3255 1042 3298 98—130.

334 3374 439 3429 Cap.
474 3376 545 3418 26.
608 3376 700 3416 sine
730 3374 888 3430 probro
932 3372 1122 3414 scelere:

243 3447 285 3475 v.
333 3440 480 3475 annot.
528 3434 580 3475 ad
617 3433 670 3476 XI
702 3433 742 3475 (3.
866 3439 1010 3488 suopte
1049 3433 1122 3472 in-

245 3494 396 3547 qenio:
429 3493 634 3534 ‘refertur
655 3493 706 3533 ad
728 3493 920 3544 honesta,
954 3504 1038 3532 non
1070 3490 1120 3532 ad

245 3553 537 3603 vetitstissimi3
587 3554 663 3592 sic.
709 3551 802 3592 Liv.
850 3551 1002 3592 1110.-
1052 3549 1125 3591 sed

249 3624 380 3651 curae
411 3611 494 3665 fuit
538 3609 777 3651 consulibus
821 3618 860 3651 et
888 3609 1125 3652 senioribus

245 3675 430 3725 patrum,
465 3677 510 3711 ut
540 3669 764 3726 imperium
792 3683 866 3710 suo
889 3669 1123 3719 vehemens,

1202 2372 1421 2407 mansueto
1497 2364 1818 2421 permitteretur
1875 2362 2078 2420 ingenio&

1205 2423 1325 2467 Gnon
1333 2437 1406 2467 ovi
1414 2436 1479 2466 us.

1300 2519 1345 2553 at
1382 2517 1606 2568 postquam
1661 2509 1761 2551 exui
1815 2507 2081 2564 aequalitas.-

1204 2571 1320 2613 conf.
1353 2575 1501 2612 annot.
1537 2569 1591 2611 ad
1622 2567 1660 2610 11
1692 2570 1764 2611 31.
1904 2581 1959 2609 ac
1983 2580 2082 2609 mox

1204 2656 1259 2662 —
1274 2630 1550 2686 perscripsit:
1585 2633 1828 2670 structurae
1846 2624 2082 2669 variandae

1205 2691 1345 2745 gratia
1376 2688 1555 2744 reliquit
1573 2693 1769 2729 tenorem
1797 2700 1875 2742 per
1895 2685 2081 2729 relativa

1205 2749 1462 2803 pronomina
1510 2747 1595 2789 hoc
1636 2746 1811 2789 tertium
1842 2745 2081 2788 membrum

1204 2809 1417 2850 sermonis
1442 2806 1719 2849 annectendi.
1767 2804 1863 2847 Non
1885 2817 1994 2860 opus
2015 2810 2083 2846 est

1205 2867 1556 2923 Bezzenbergeri
1569 2866 1822 2907 coniectura
1834 2878 1939 2920 quas
1947 2864 2087 2920 qua&

1205 2927 1388 2968 sitiores.

1299 3012 1402 3067 Cap.
1448 3015 1517 3057 27.
1580 3012 1703 3068 pulso
1753 3011 1982 3066 Tarquinio
2026 3035 2083 3043 -

1210 3073 1465 3127 compositae
1497 3071 1715 3113 duodecim
1741 3070 1938 3112 tabulae.-
1971 3082 2084 3125 quae

1209 3131 1395 3185 populus
1428 3131 1597 3185 paravit
1639 3129 1825 3171 tuendae
1868 3128 2083 3171 libertatis

1209 3197 1252 3232 et
1284 3190 1517 3231 firmandae
1551 3188 1838 3241 concordiae,
1885 3188 1939 3229 iis
1972 3200 2083 3230 con-

1209 3250 1402 3292 tinentur
1434 3262 1585 3290 omnes
1619 3249 1743 3304 loges
1777 3253 1819 3289 et
1835 3246 2081 3306 plebiscita,

1208 3322 1319 3365 quae
1351 3315 1449 3363 post
1486 3321 1614 3365 reges
1648 3312 1825 3349 exactos
1859 3319 2000 3362 usque
2029 3305 2082 3348 ad

1207 3370 1461 3423 rogationes
1496 3368 1686 3409 Licinias
1731 3366 1864 3422 (387)
1916 3367 2082 3407 sancita

1210 3434 1309 3469 sunt
1350 3427 1402 3469 ad
1443 3427 1584 3482 plebis
1627 3427 1718 3467 iura
1754 3438 1848 3466 cum
1891 3422 2082 3478 patribus

1212 3488 1507 3543 exaequanda.
1541 3485 1605 3527 Ex
1623 3497 1787 3540 genere
1808 3494 1890 3523 una
1910 3482 2083 3535 species

1213 3547 1353 3588 electa
1377 3552 1457 3599 est,
1482 3558 1593 3600 quae
1618 3546 1659 3585 vi
1685 3555 1761 3584 sua
1776 3539 2082 3595 praecelleret,

1214 3606 1280 3648 his
1321 3607 1466 3648 verbis
1508 3604 1723 3657 creatique
1766 3599 1995 3642 decemviri
2027 3623 2083 3632 -—-

1207 3664 1307 3719 finis
1336 3665 1461 3720 aequi
1490 3662 1610 3704 iuris.
