2280 4004
142 325 151 335 ⁸
189 272 226 323 (a,
253 258 303 304 c.
337 261 436 310 48„
776 260 940 307 tmen
971 261 1060 306 xu.
1125 261 1231 308 cir.
1270 263 1455 308 10-12.
1962 270 2024 319 ,53

195 404 418 472 ingenia,
458 419 622 471 neque
665 404 777 455 usui
817 402 1024 454 crebras
1060 403 1377 455 mutationes.
1452 405 1574 457 Rem
1604 404 1882 456 Romanam
1922 404 2023 459 huc

110 532 116 555 ,-
193 496 424 550 satietate
458 495 657 563 gloriae
691 499 984 560 provectam
1021 499 1074 543 ut
1104 495 1327 546 externis
1366 509 1567 561 quoque
1595 495 1833 562 gentibus
1873 495 2022 562 quie..

194 591 293 640 tem
330 586 465 637 velit.
541 586 719 637 Datum
757 583 969 650 posthac
1008 584 1133 634 Gaio
1178 584 1385 649 Cassi0,
1426 585 1510 651 qui
1550 585 1728 652 Syriae
1765 592 2018 652 praeerat,

111 681 178 727 12
196 676 450 729 deducere
476 676 707 727 iuvenem
743 675 901 740 ripam
934 674 998 724 ad
1029 674 1313 740 Euphratis.
1390 676 1462 727 Ea
1489 680 1782 742 tempestate
1813 676 2018 729 Cassius

195 771 395 818 ceteros
435 764 780 832 praeminebat
820 763 1000 830 peritia
1049 765 1245 832 legum:
1303 780 1418 816 nam
1457 766 1699 818 militares
1751 772 1885 819 artes
1926 782 2057 834 pers

195 858 347 910 otium
386 857 610 924 ignotae,
648 855 1026 922 industriosque
1064 861 1148 907 aut
1180 857 1397 924 ignavos
1433 872 1533 923 pax
1571 858 1622 908 in
1661 873 1825 925 aequo
1861 863 2015 911 tenet.

191 949 269 1000 Ac
306 953 471 1000 tamen
508 953 744 1014 quantum
779 948 890 999 sine
926 947 1059 998 bello
1098 947 1325 1012 dabatur,
1363 963 1613 1001 revocare
1645 950 1867 1015 priscum
1904 964 2020 1001 mo·-

191 1055 330 1108 rem,
370 1039 654 1090 exercitare
697 1038 955 1106 legioneS,
1013 1054 1132 1089 cura
1187 1041 1398 1104 provisu
1433 1039 1646 1106 perinde
1682 1055 1839 1108 agere
1875 1056 1935 1091 ac
1973 1042 2019 1092 si

189 1130 349 1182 hostis
387 1130 671 1197 ingrueret:
710 1130 777 1181 ita
815 1130 1021 1197 dignum
1063 1129 1337 1180 maioribus
1377 1130 1483 1180 suis
1523 1136 1571 1181 et
1611 1130 1798 1181 familia
1839 1130 2018 1182 Cassia

188 1237 281 1289 per
314 1221 425 1272 illas
463 1235 662 1286 quoque
712 1226 892 1288 gentes
933 1220 1204 1272 celebrata.
1284 1220 1442 1287 Igitur
1483 1221 1662 1272 excitis
1702 1236 1913 1287 quorum
1953 1222 2017 1274 de
2035 1236 2081 1273 10

190 1312 442 1366 sententia
481 1313 664 1379 petitus
702 1327 825 1376 rex,
867 1312 1148 1379 positisque
1188 1311 1368 1363 castris
1408 1312 1538 1378 apud
1582 1312 1830 1380 Zeugma,
1882 1312 2018 1363 unde

191 1403 405 1455 maxime
464 1402 669 1469 pervius
720 1402 914 1467 amniS,
976 1409 1241 1469 postquam
1304 1403 1543 1454 inlustres
1595 1403 1762 1454 Parthi
1827 1418 2019 1469 rexque

190 1493 414 1546 Arabum
451 1493 684 1544 Acbarus
736 1493 1043 1558 advenerat,
1111 1499 1282 1544 monet
1319 1494 1648 1546 Meherdaten
1687 1493 2019 1545 barbarorum

190 1586 401 1652 impetus
430 1599 576 1636 acres
605 1584 925 1636 cunctatione
961 1584 1297 1652 languescere
1337 1590 1420 1636 aut
1450 1585 1502 1634 in
1525 1584 1786 1651 perfidiam
1811 1583 2018 1644 mutari:

191 1677 258 1729 ita
295 1680 537 1743 urgueret
592 1680 786 1741 coepta.
863 1675 1008 1737 Quod
1058 1680 1280 1741 spretum
1332 1675 1511 1727 fraude
1546 1675 1765 1739 Acbari,
1819 1674 1904 1740 qui
1940 1674 2085 1726 iu-is

109 1796 112 1798 -
194 1782 374 1819 venem
432 1766 664 1834 ignarum
701 1772 750 1818 et
783 1781 1026 1817 summam
1067 1767 1319 1817 fortunam
1372 1765 1423 1816 in
1465 1766 1587 1817 luxu
1634 1770 1794 1816 ratum
1837 1765 2019 1818 multos

190 1873 282 1926 per
320 1857 429 1909 dies
469 1857 666 1908 attinuit
705 1857 835 1923 apud
874 1857 1110 1923 oppidum
1145 1856 1407 1907 Edessam.
1482 1857 1544 1906 Et
1576 1861 1795 1906 vocante
1825 1856 2022 1909 Carene

188 1953 543 2016 promptasque
577 1963 661 2000 res
691 1954 992 2013 ostentante,
1032 1949 1075 2000 si
1105 1948 1191 1999 citi
1223 1947 1569 2012 advenissent,
1609 1962 1712 1998 non
1741 1948 2021 1999 comminus

305 2102 347 2144 3.
377 2100 557 2156 posthac
591 2101 639 2143 G.
675 2100 756 2144 Ma.

190 2221 234 2263 7.
278 2233 332 2261 ac
370 2227 511 2260 tamen
553 2219 643 2272 Ma,
693 2234 778 2261 non
819 2227 1023 2261 attamen.

191 2286 310 2320 ratus
341 2291 558 2333 superscr.
596 2293 619 2320 a
650 2280 899 2322 recentiore
932 2292 1075 2320 manu.
1111 2276 1144 2319 G
1178 2278 1299 2318 casia
1329 2286 1448 2319 ratus
1479 2293 1526 2338 μ.

1134 2338 1200 2379 15.
1237 2337 1299 2378 ita
1327 2336 1407 2390 Ma,
1446 2350 1533 2378 non
1568 2337 1725 2390 itaque.

1085 2396 1153 2438 16.
1187 2404 1287 2438 ratu
1320 2396 1400 2439 Ma.

761 2341 828 2382 12.
863 2338 926 2380 tlt.
963 2337 1033 2380 Or.

727 2405 849 2453 cepta
880 2397 959 2439 Ma.

194 2343 436 2379 correctum
468 2339 583 2379 inest
616 2338 663 2380 G.

192 2396 272 2450 Illa,
307 2410 394 2438 non
427 2405 613 2452 urqerct.

866 2102 1022 2142 Suriae
1056 2099 1135 2142 Ma.

190 2159 436 2212 natatilia,
477 2172 563 2200 non
609 2160 954 2215 praeeminebat,
1006 2166 1052 2200 ut
1085 2159 1118 2201 G
1159 2165 1202 2200 ct
1235 2158 1524 2201 Oxonienses.

1257 2099 1299 2142 4.
1329 2101 1508 2154 eufratis
1547 2098 1627 2141 Ma.
1751 2099 1792 2141 5.
1824 2099 2022 2155 praemi-

1678 2157 1720 2200 6.
1756 2159 1899 2213 ignote
1936 2157 2018 2200 Ma.

1175 2219 1216 2261 9.
1266 2219 1418 2259 Cassia
1455 2248 1793 2261 ........
1825 2232 1906 2273 per
1937 2217 2018 2269 Ma,

1637 2278 1704 2318 11.
1734 2277 1900 2332 peritus
1933 2275 2020 2317 Ma:

1499 2397 1566 2439 17.
1607 2396 1776 2438 Carene
1809 2342 2024 2447 figqussver‘

196 2459 258 2511 (c.
298 2457 372 2512 13)
402 2458 612 2509 carrenis,
647 2463 735 2497 tum
770 2459 831 2512 (c.
873 2460 946 2512 14)
984 2469 1198 2498 σανεηωη.

193 2591 322 2633 dente
349 2598 548 2646 quan-to
588 2604 664 2646 per
699 2592 1059 2633 assimilationem

191 2650 361 2693 scribae
383 2649 570 2693 excidit.
649 2650 752 2692 lnde
793 2652 836 2692 in
882 2650 950 2692 CF
990 2652 1059 2693 sa-

193 2716 307 2751 ctum
340 2710 503 2764 iynota.
566 2710 658 2751 Hoc
692 2712 832 2751 minus
865 2710 1059 2764 proban-

193 2769 292 2811 dum
324 2770 454 2810 ctiam
485 2769 539 2810 ob
574 2782 667 2810 eam
702 2783 900 2822 causam,
945 2769 1059 2824 quod

193 2840 291 2868 mox
322 2830 396 2882 (c.
444 2829 519 2884 12)
572 2830 768 2883 sequitur
811 2843 890 2884 per
933 2830 1061 2869 otium

191 2887 379 2941 iqnotae.

285 2944 391 2986 Gaio
430 2944 614 2986 Cassio.-
663 2947 801 2987 virum
846 2947 1060 2988 illustrem

196 3009 241 3045 et
271 3015 375 3044 suae
406 3005 561 3045 aetatis
600 3003 744 3046 lumen
779 3006 949 3047 Tacitus
983 3020 1061 3047 ce-

197 3062 335 3104 lebrat
367 3063 495 3104 etiam
529 3062 622 3103 xllt
654 3065 724 3115 41,
760 3065 853 3107 XIV
887 3065 959 3118 43,
984 3066 1061 3106 XV

197 3122 275 3171 52,
320 3121 417 3162 XVI
449 3122 472 3164 7
508 3127 551 3163 et
584 3122 612 3164 9
645 3128 687 3163 ct
720 3126 790 3167 22.
855 3124 919 3165 De
953 3137 1062 3166 con-

196 3179 339 3221 sulatu
380 3181 474 3221 eius
517 3180 685 3222 rettulit
734 3184 775 3223 in
817 3190 938 3237 parte
982 3183 1063 3224 de-

198 3238 366 3293 perdita
402 3238 499 3279 libri
533 3241 671 3293 quinti
715 3242 758 3282 in
792 3244 901 3283 actis
934 3256 973 3283 a.
1006 3242 1063 3284 30

196 3311 220 3339 a
258 3296 358 3338 Chr.
417 3296 575 3339 Peritia
608 3298 754 3353 legum
789 3303 933 3341 statim
966 3313 1062 3341 me-

197 3362 360 3397 morata
401 3360 445 3395 et
486 3357 589 3397 iuris
633 3358 859 3409 prudentia
903 3364 1063 3399 sectam

195 3415 467 3456 aemulorum
502 3415 709 3466 condidit,
743 3417 796 3457 (le
830 3431 912 3472 qun
936 3417 1065 3457 Pom-

198 3477 353 3528 ponius
388 3473 413 3514 l.
445 3475 471 3515 2
504 3476 548 3524 δ.
568 3474 622 3516 47
650 3473 700 3515 D.
737 3476 785 3515 de
820 3477 927 3530 oriq.
959 3477 1066 3517 iuris

199 3533 213 3574 1
250 3535 290 3576 2.
342 3532 699 3574 Iurisconsultum
748 3534 894 3575 laudat
938 3534 1066 3577 Gaius

199 3590 217 3633 l
250 3594 293 3644 ς.
333 3592 440 3644 196,
495 3592 533 3633 11
574 3593 630 3635 79
669 3599 711 3634 et
757 3595 839 3637 195
879 3600 922 3636 et
965 3594 1066 3645 244,

199 3647 256 3691 111
302 3651 353 3695 71
396 3656 439 3693 et
485 3653 567 3695 133
610 3658 654 3694 et
699 3654 781 3696 140
826 3659 869 3695 et
906 3654 985 3697 147
1024 3658 1068 3694 et

1149 2591 1255 2643 161,
1300 2591 1359 2632 lv
1403 2589 1459 2632 79
1500 2594 1543 2630 et
1589 2589 1686 2632 114.

1146 2657 1344 2704 tempore
1375 2662 1417 2691 v.
1454 2647 1506 2689 ad
1540 2648 1639 2689 XVl
1670 2648 1712 2691 9.

1236 2708 1340 2764 Cap.
1377 2710 1445 2751 12.
1504 2709 1567 2750 ita
1600 2708 2026 2763 ‹tiquam—familia

1148 2769 1328 2810 Cassia.-
1376 2779 1488 2823 quae
1521 2773 1763 2822 sequuntur
1807 2768 2024 2808 artissime

1147 2842 1241 2868 cum
1298 2828 1365 2868 his
1414 2827 1561 2867 iuncta
1601 2832 1701 2867 sunt
1742 2839 1887 2881 neque
1931 2826 2022 2867 ullo

1145 2887 1442 2928 additamento
1499 2885 1552 2926 ab
1615 2886 1668 2926 iis
1730 2886 1902 2926 secerni
1964 2886 2025 2926 ita

1147 2940 1344 3000 possunt,
1378 2951 1424 2986 ut
1452 2943 1627 2986 dicendi
1651 2957 1718 2985 ars
1741 2957 1827 2985 non
1856 2950 2022 2998 pereat.

1149 3006 1423 3059 Quapropter
1447 3005 1727 3045 coniecturae
1755 3003 1920 3045 librarii
1942 3002 2023 3044 de-

1148 3064 1239 3106 beri
1293 3064 1398 3105 mihi
1448 3062 1621 3103 videtur
1675 3064 1817 3103 hiatus
1867 3064 1910 3103 in
1958 3061 2024 3103 Ma

1148 3130 1323 3164 notatus
1363 3128 1406 3163 et
1447 3122 1649 3175 imperite
1683 3132 1857 3174 prorsus
1890 3134 1914 3161 a
1947 3133 2022 3161 re..

1150 3183 1346 3224 centiore
1373 3191 1501 3220 manu
1523 3180 1725 3233 expletus
1750 3178 1894 3219 addita
1911 3190 2023 3220 voce

1149 3248 1285 3282 ratus.
1349 3238 1479 3279 Notio
1546 3238 1668 3279 verbi
1727 3238 1893 3293 putavit
1950 3236 2022 3278 vel

1151 3298 1333 3340 credidit
1378 3304 1475 3350 post
1516 3299 1579 3339 ita
1628 3296 1800 3350 ‹liqnnm
1842 3309 1895 3337 ex
1942 3294 2023 3336 ad-

1153 3358 1312 3399 iunctis
1329 3356 1522 3409 suppleri
1543 3355 1673 3396 l'acile
1687 3359 1844 3408 potest.
1880 3354 2025 3395 Verba

1148 3431 1227 3472 per
1268 3416 1369 3456 illas
1411 3429 1570 3470 quoque
1616 3422 1762 3469 yentes
1806 3413 2025 3454 celebrata

1151 3474 1400 3531 significant
1453 3475 1685 3516 militarem
1740 3472 1922 3528 gloriam
1974 3471 2021 3513 C.

1153 3533 1292 3575 Cassii
1335 3539 1436 3574 ante
1481 3532 1658 3574 caedem
1691 3532 1790 3573 lulii
1825 3530 2023 3572 Caesaris

1765 2588 1831 2632 De
1873 2590 2025 2634 mortis

1153 3593 1361 3635 adversus
1374 3591 1552 3635 Parthos
1575 3591 1796 3646 probatam
1814 3605 1823 3632 :
1843 3603 1884 3634 v.
1904 3589 2021 3633 vell.

1150 3652 1189 3695 11
1221 3653 1292 3696 46.
1327 3651 1410 3694 Dio
1444 3651 1514 3696 XL
1547 3651 1619 3697 28.
