2222 4022
994 238 1140 281 Cnvr
1175 241 1196 282 1
1205 240 1361 283 1-12.
1936 241 2075 286 XXIII

254 366 559 447 evenerunt,
616 387 671 433 ut
722 382 927 434 dimidia
974 397 1091 448 pars
1130 382 1244 432 libri
1296 388 1384 445 (ea
1425 382 1558 434 enim
1605 384 1714 434 fere
1763 383 1907 435 deest
1944 384 2076 436 libro

253 458 655 534 sextodecimoj*
689 473 893 524 minime
948 473 1206 524 sufficeret
1262 473 1323 524 ad
1373 478 1559 524 tantam
1616 473 1980 526 multitudinem
2030 480 2080 526 et

254 564 546 614 varietatem
588 564 1020 629 complectendam
1065 569 1114 615 et
1169 564 1264 615 rite
1305 564 1684 635 absolvendam.
1757 566 1882 616 Nam
1923 581 2080 616 reco-

252 667 447 720 gnosce
489 669 700 718 mecum,
739 654 917 719 lector,
957 670 1042 706 res
1082 655 1146 706 ad
1183 655 1491 706 narrandum
1531 655 1771 721 reliquaS,
1813 670 2076 721 supremas

252 744 584 795 necessitates
612 745 794 796 Sorani
830 745 1061 812 filiaeque
1094 746 1343 799 Serviliae
1375 762 1486 796 cum
1515 746 1735 797 Thrasea
1768 746 1831 797 ad
1864 752 2078 798 mortem

254 834 603 885 damnatorum
657 837 797 898 (XVI
835 836 960 901 33),
1038 837 1256 887 Neronis
1319 837 1689 888 matrimonium
1748 852 1859 887 cum
1915 837 2076 903 Sporo

251 925 432 977 liberto
462 926 692 977 iunctum
732 928 854 988 (Dio
890 928 1019 993 apud
1055 928 1239 993 Xiphil.
1268 929 1399 979 LXII
1429 929 1540 992 28),
1583 928 1805 979 Cornuto
1847 928 1911 978 ob
1947 929 2080 980 libe-

251 1032 358 1067 ram
395 1032 573 1068 vocem
626 1018 827 1068 exilium
871 1019 1112 1068 indic-tum
1150 1019 1310 1079 (idem
1350 1020 1479 1069 LXII
1512 1018 1631 1084 29),
1676 1019 1933 1069 Tiridaten
1984 1036 2081 1071 ve-

251 1095 471 1158 nientem
508 1108 560 1157 in
597 1108 789 1159 Italiam
838 1114 886 1159 et
920 1109 1175 1160 Neronem
1214 1108 1424 1172 Neapoli
1462 1108 1753 1173 Romaeque
1791 1108 2076 1174 adeuntem,

251 1213 458 1250 munera
516 1215 574 1251 ea
621 1200 899 1250 occasione
950 1200 1084 1250 edita
1131 1214 1159 1248 a
1195 1199 1430 1249 Patrobio
1469 1199 1688 1249 Puteolis
1728 1199 1888 1267 (idem
1926 1201 2081 1252 LXIII

258 1291 415 1354 1-7,
457 1289 662 1342 Sueton.
705 1291 822 1341 Ner.
874 1290 936 1341 13
979 1295 1027 1341 et
1064 1290 1163 1354 30,
1219 1289 1405 1339 Plinius
1449 1290 1592 1341 XXX
1631 1289 1690 1354 6,
1739 1290 1926 1341 XXXV
1964 1290 2077 1355 47),

250 1381 504 1432 Vatinium
563 1381 741 1432 favore
801 1381 1045 1447 principis
1107 1385 1307 1431 exutum
1372 1386 1580 1431 auctore
1640 1381 1869 1432 Materno
1928 1386 2080 1446 poeta

251 1473 339 1535 (Ο.
385 1474 470 1536 11;
525 1473 661 1523 conf.
705 1488 815 1523 mea
859 1473 912 1522 in
951 1472 1267 1545 praefatione
1312 1469 1558 1521 Octaviae
1594 1487 1641 1538 p.
1684 1473 2078 1536 XIX—XXIV),

250 1572 472 1633 paratam
511 1581 540 1616 a
575 1567 780 1618 Nerone
818 1566 880 1616 ad
919 1565 1137 1616 claustra
1176 1566 1468 1630 Caspiarum
1503 1565 1832 1631 Albanosque
1870 1566 2083 1631 expedi-

237 1659 442 1728 tionem
476 1658 598 1718 (Dio
637 1657 882 1721 LXIIINS,
943 1656 1212 1708 Suetonius
1256 1655 1349 1720 19,
1407 1656 1592 1707 Plinius
1630 1658 1695 1707 VI
1738 1658 1828 1721 15,
1879 1657 2080 1707 Tacitus

252 1750 311 1800 H.
350 1750 370 1800 1
409 1748 499 1815 6),
554 1747 780 1799 eiusdem
819 1748 915 1798 iter
952 1751 1240 1812 susceptum
1278 1746 1329 1795 in
1369 1746 1647 1810 Achaiam,
1696 1747 1867 1812 ibique
1912 1752 2083 1797 certa-

252 1840 386 1891 mina
423 1845 472 1892 et
502 1840 724 1890 ludicras
757 1839 1001 1889 victorias
1039 1838 1160 1900 (Dio
1188 1838 1339 1888 LXIII
1365 1838 1566 1902 8—10,
1600 1838 1805 1889 Sueton.
1855 1835 2079 1901 22-24,

250 1931 579 1982 Philostratus
616 1930 943 1996 Apollon.‘IV
974 1930 1024 1992 8,
1066 1930 1108 1980 V
1136 1930 1182 1992 2,
1223 1928 1472 1979 Lucianus
1500 1929 1620 1981 Ner.
1658 1944 1701 1979 c.
1731 1928 1806 1990 9).
1880 1926 2083 1979 Interim

252 2022 383 2074 Helii
412 2022 580 2073 liberti
616 2026 667 2072 et
691 2020 919 2087 Polycliti
955 2019 1114 2069 libido
1150 2020 1200 2068 in
1235 2020 1361 2069 urbe
1399 2019 1614 2070 licenter
1639 2035 1698 2069 ac
1736 2019 1888 2069 foede
1928 2033 2081 2069 exer-

256 2115 385 2177 cita,
449 2113 565 2163 dum
604 2111 794 2162 Caesar
842 2125 954 2160 cum
1008 2109 1257 2176 Tigellino
1320 2124 1412 2159 suo
1469 2114 1517 2159 et
1565 2108 1741 2159 Galvia
1793 2108 2079 2173 Crispinilla

255 2204 502 2256 Graeciae
526 2203 756 2253 civitates
782 2201 1013 2252 exhaurit
1034 2200 1155 2262 (Dio
1180 2201 1333 2251 LXIII
1361 2201 1564 2250 11--12
1591 2204 1639 2251 et
1670 2200 1747 2263 18,
1771 2200 1976 2252 Sueton.
1998 2199 2081 2263 23,

252 2296 407 2347 Tacit.
449 2294 508 2344 H.
553 2294 572 2344 Ι
611 2292 731 2357 73);
790 2292 961 2343 Isthmi
1011 2291 1332 2356 perfodiendi
1390 2296 1600 2341 conatus
1640 2291 1761 2353 (Dio
1797 2291 1951 2341 LXIII
2002 2290 2080 2354 16,

149 2381 163 2393 ‘
253 2388 461 2441 Sueton.
506 2384 586 2448 19,
624 2384 746 2434 Plin.
788 2385 852 2434 IV
888 2385 963 2449 5),
1008 2383 1193 2434 caedes
1235 2382 1555 2446 Corbulonis,
1593 2382 1801 2447 Sulpicii
1830 2382 2083 2433 Camerini

255 2483 304 2529 et
339 2477 444 2541 filii,
482 2475 866 2542 Scriboniorum
907 2475 1112 2525 fratrum
1152 2474 1262 2526 Rufi
1296 2480 1345 2524 et
1380 2473 1599 2537 Proculi,
1643 2473 1837 2523 Paridis
1878 2473 2082 2523 exitium

255 2574 304 2620 et
337 2567 590 2619 Caecinae
628 2565 778 2616 Tusci
819 2565 940 2629 (Dio
982 2581 1025 2614 c.
1058 2565 1119 2615 17
1156 2569 1205 2614 et
1248 2565 1326 2627 18,
1361 2564 1519 2614 Tacit.
1559 2564 1616 2614 H.
1663 2564 1704 2614 II
1742 2564 1826 2626 72,
1866 2563 1931 2614 III
1967 2560 2080 2627 41),

255 2658 514 2710 accusatio
553 2662 602 2708 et
641 2656 898 2707 damnatio
943 2655 1114 2706 Crassi
1158 2660 1206 2705 et
1245 2655 1386 2706 Orfiti
1435 2655 1521 2715 (H.
1561 2655 1626 2705 IV
1657 2652 1782 2719 42);
1827 2669 1945 2705 mox
1978 2655 2085 2705 Ne-

233 2750 396 2800 -ronis
430 2749 493 2800 ad
551 2748 728 2798 urbem
776 2747 1002 2809 redituS,
1061 2747 1322 2796 circenses
1378 2745 1447 2794 ibi
1488 2745 1730 2795 celebrati
1770 2745 1892 2805 (Dio
1934 2760 1976 2793 c.
2020 2744 2082 2794 19

257 2845 306 2891 et
344 2841 439 2904 20,
477 2841 682 2893 Sueton.
729 2839 840 2900 25).
919 2838 1114 2887 Interea
1154 2837 1412 2887 secundae
1445 2851 1529 2886 res
1568 2851 1595 2886 a
1632 2836 1948 2900 Vespasiano
1989 2836 2084 2886 ad-

257 2944 435 2981 versus
470 2929 776 2980 rebellantes
816 2928 1031 2979 Iudaeos
1065 2932 1242 2993 gestae
1283 2927 1553 2992 (Iosephus
1579 2927 1632 2977 B.
1658 2926 1763 2976 Iud.
1793 2927 1856 2977 III
1898 2928 2081 2987 1—10‚

256 3021 454 3072 Tacitus
492 3021 550 3071 H.
595 3021 637 3070 II
673 3019 731 3082 4,
772 3021 815 3070 V
857 3020 945 3083 10,
989 3018 1195 3070 Sueton.
1235 3020 1385 3083 Vesp.
1419 3017 1478 3082 4)
1501 3035 1513 3079 ;
1554 3031 1672 3067 mox
1705 3016 1814 3067 Iulii
1852 3016 2080 3067 Vindicis

257 3111 466 3164 Galliam
502 3125 594 3177 pro
632 3115 869 3176 praetore
905 3111 1133 3176 regentis
1172 3109 1417 3160 adversus
1454 3109 1710 3159 Neronem
1746 3112 1923 3172 coepta
1956 3106 2082 3156 Gal-

256 3204 470 3266 bamque
506 3201 777 3266 Hispaniae
832 3201 1173 3265 praepositum
1227 3199 1558 3267 sollicitantis,
1606 3202 1653 3246 et
1704 3197 1962 3261 imperium
2019 3195 2081 3244 ad

259 3308 370 3343 eum
424 3292 697 3342 deferentis
752 3291 954 3354 studia3
1010 3306 1104 3356 qua
1152 3290 1430 3340 occasione
1480 3289 1711 3354 legiones
1753 3286 2083 3337 Germanicae

262 3387 555 3434 contractae
594 3399 620 3432 a
657 3383 825 3448 legato
864 3383 1107 3449 Verginio
1129 3382 1258 3433 Rufo
1298 3387 1348 3431 et
1385 3381 1565 3430 ductae
1595 3378 1973 3441 Vesontionem,
2018 3378 2079 3428 ad

262 3474 402 3524 cuius
445 3472 614 3539 oppidi
656 3472 962 3538 praesidium
1000 3471 1198 3522 Vindex
1235 3470 1491 3521 advolavit
1526 3485 1639 3520 cum
1678 3469 1783 3521 suis
1823 3469 2078 3519 militibus.

261 3558 432 3615 InvItis
487 3559 698 3613 ducibus
755 3558 955 3626 iamque
1011 3557 1278 3622 amicitiam
1343 3560 1391 3610 et
1444 3556 1628 3611 'foedus
1656 3590 1658 3593 >
1685 3553 2078 3622 memorantibus
