2280 4004
253 269 343 312 856
1013 269 1305 314 ANNALIVM
1831 286 1870 317 a.
1903 283 1948 316 u.
1981 270 2082 317 777.

255 410 432 463 Africa
468 410 727 473 hostibuS,
767 408 1019 474 reportari
1058 423 1245 460 nonam
1280 408 1535 476 legionem
1572 409 1816 476 iusserat,
1858 427 1955 464 nec
1990 427 2083 480 pro

258 502 469 555 consule
509 501 616 552 eius
655 499 773 550 anni
800 499 1000 550 Publius
1031 499 1294 550 Dolabella
1328 501 1551 553 retinere
1590 516 1742 553 ausus
1784 507 1908 568 erat,
1945 503 2082 556 iussa

254 593 498 660 principis
526 591 689 657 magis
728 605 874 656 quam
903 590 1114 665 incerta,
1134 590 1254 641 belli
1284 596 1529 644 metuenS.
1587 592 1746 659 Igitur
1768 593 2170 659 TacfarinaS‚24

256 684 486 750 disperso
542 696 747 733 rumore
801 697 909 732 rem
947 664 1224 732 Romanam
1272 681 1383 733 aliis
1434 697 1633 749 quoque
1686 683 1748 734 ab
1798 684 2086 736 nationibus

218 775 495 839 slacerari,
539 789 702 840 eoque
738 772 975 839 paulatim
1012 772 1190 824 Africa
1233 773 1516 839 decedere,
1575 789 1635 826 ac
1667 790 1822 841 posse
1857 775 2084 842 reliquos

258 866 643 931 circumveniri,
699 865 742 916 si
783 865 949 915 cuncti
999 864 1178 931 quibus
1234 864 1442 916 libertas
1483 866 1693 918 servitio
1729 867 1900 933 potior
1937 867 2087 918 incu-

254 958 500 1023 buissent,
544 962 698 1025 auget
735 957 901 1021 vireS,
946 956 1227 1022 positisque
1268 941 1803 1011 castris'Thubusc-um
1847 958 2084 1025 oppidum

259 1049 601 1101 circumsidet.
677 1049 744 1100 At
781 1048 1045 1099 Dolabella
1084 1052 1346 1099 contracto
1387 1048 1522 1114 quod
1562 1054 1671 1102 erat
1705 1049 1941 1115 militum,
1978 1055 2087 1101 ter-

256 1157 378 1193 rore
412 1140 630 1192 nominis
669 1139 915 1204 Romani,
971 1145 1020 1191 et
1055 1140 1169 1205 quia
1205 1139 1451 1192 Numidae
1490 1140 1712 1207 peditum
1750 1140 1912 1193 aciem
1949 1141 2087 1193 ferre

196 1237 543 1299 ionequeunt,
604 1231 769 1297 primo
821 1230 899 1281 sui
953 1230 1159 1282 incessu
1205 1229 1358 1281 solvit
1409 1230 1688 1297 obsidium,
1755 1231 2088 1298 locorumque

260 1329 540 1391 opportuna
592 1323 928 1389 permunivit3
996 1321 1143 1373 simul
1182 1322 1438 1388 principes
1479 1322 1893 1374 Musulamiorum
1941 1322 2090 1374 dese-

261 1417 479 1467 ctionem
521 1419 814 1481 coeptantes
861 1413 1030 1465 securi
1080 1413 1312 1480 percutit.
1383 1414 1515 1465 Dein
1563 1415 1680 1480 quia
1725 1414 1954 1481 pluribus
1994 1414 2092 1466 ad-

258 1524 461 1559 versum
503 1506 874 1558 Tacfarinatem
924 1505 1332 1571 expeditionibus
1378 1506 1634 1574 cognitum
1671 1521 1775 1557 non
1814 1506 1959 1574 gravi
1994 1521 2094 1557 nec

257 1615 360 1651 uno
405 1600 613 1650 incursu
653 1597 1051 1649 consectandum
1086 1597 1283 1648 hostem
1325 1613 1528 1665 vagum,
1571 1598 1739 1650 excito
1779 1613 1891 1649 cum
1927 1611 2094 1664 popu-

197 1691 450 1742 ¹⁵laribus
488 1705 614 1757 rege
650 1688 938 1740 Ptolemaeo
979 1693 1215 1754 quattuor
1263 1688 1464 1755 agmina
1500 1694 1672 1755 parat,
1739 1703 1869 1756 quae
1907 1688 2093 1756 legatis

261 1788 344 1834 aut
383 1781 598 1832 tribunis
655 1781 801 1844 data3
855 1785 904 1831 et
950 1779 1305 1846 praedatorias
1356 1795 1532 1831 manus
1583 1779 1768 1832 delecti
1803 1779 2093 1833 Maurorum

262 1873 480 1926 duxere:
523 1874 632 1939 ipse
673 1871 934 1923 consultor
972 1871 1150 1922 aderat
1192 1871 1441 1922 omnibus.
1514 1871 1621 1923 Nec
1654 1871 1809 1922 multo
1848 1875 1963 1938 post
1999 1860 2179 1922 αεὶ-25

263 1966 421 2018 sertui·
457 1963 700 2017 Numidas
738 1962 868 2029 apud
908 1962 1168 2014 castellum
1207 1963 1529 2028 semirutum,
1579 1962 1642 2014 ab
1679 1963 1803 2029 ipsis
1839 1961 2094 2029 quondam

265 2056 556 2120 incensum,
617 2054 697 2105 cui
745 2068 931 2105 nomen
965 2054 1168 2118 Auzea,
1229 2054 1407 2119 positis
1446 2053 1727 2120 mapalibus
1777 2053 2095 2117 consedisse,

201 2167 250 2205 ’.ιο
265 2147 386 2200 fisos
424 2147 559 2212 loco,
607 2145 722 2212 quia
749 2144 908 2196 vastis
949 2145 1140 2196 circum
1179 2144 1391 2196 saltibus
1428 2143 1775 2196 claudebatur.
1847 2144 1968 2196 Tum
2005 2159 2100 2196 ex-

263 2239 466 2306 peditae
506 2237 744 2288 cohortes
773 2235 1001 2301 alaeque,
1036 2250 1182 2301 quam
1223 2235 1274 2284 in
1307 2240 1500 2301 partem
1528 2234 1834 2302 ducerentur
1868 2234 2097 2303 ignarae,

384 2366 426 2408 2.
469 2362 514 2405 P.
548 2363 602 2405 M.
695 2362 837 2405 8.αά
868 2360 922 2404 M.
1040 2363 1105 2406 12.
1142 2368 1327 2417 ceptates
1359 2361 1411 2403 M.

267 2422 428 2466 leameo
462 2423 527 2465 M:
562 2424 753 2464 correxit
783 2420 1041 2463 Beroaldus.

266 2484 352 2526 Iac.
388 2483 669 2526 Gronovium.
766 2481 831 2524 18.
865 2487 968 2538 aput
999 2480 1054 2523 M.

1521 2362 1589 2404 14.
1617 2362 1898 2419 popularibus
1928 2369 2097 2418 recepto

1169 2421 1238 2464 16.
1271 2427 1345 2463 aut
1376 2420 1440 2472 M,
1473 2433 1562 2462 non
1594 2435 1663 2476 ac,
1697 2427 1744 2462 ut
1776 2421 1964 2464 edebant
1996 2426 2098 2463 ante

1130 2482 1202 2526 21.
1235 2482 1389 2537 iynare
1419 2479 1474 2522 M.

355 2584 576 2639 reportari
606 2595 766 2623 nonam
809 2580 1019 2636 leyioncm
1047 2582 1141 2622 ius-

269 2650 412 2684 serat.-
447 2647 667 2695 reportata
701 2647 765 2681 est
798 2641 839 2680 in
875 2640 1140 2681 Pannoniam

270 2702 384 2743 unde
419 2703 563 2743 excita
598 2699 768 2756 (1119).
831 2697 958 2742 Conf.
992 2705 1140 2741 annot.

270 2761 322 2804 ad
354 2761 411 2802 lv
447 2762 488 2803 5.

360 2818 463 2874 Cap.
487 2820 558 2863 24.
615 2819 900 2860 Thubuscum:
935 2816 1142 2872 oppidum

270 2879 579 2931 Mauritaniae3
628 2891 739 2933 quae
772 2884 1001 2933 postquam
1034 2889 1059 2918 a
1093 2874 1141 2917 C.

272 2938 459 2981 Caesare
492 2944 534 2979 et
572 2936 757 2979 Claudio
795 2939 838 2978 in
871 2937 1143 2991 provinciam

270 2998 542 3055 Tingitanam
576 3003 619 3038 et
645 2995 975 3038 Caesariensem
1004 2995 1144 3035 divisa

273 3063 364 3111 est,
414 3058 498 3099 hoc
540 3055 746 3111 oppidum
788 3057 834 3096 in
867 3054 1143 3096 Caesariensi

274 3117 371 3161 fuit.
434 3116 602 3159 Nomen
635 3117 675 3157 ei
718 3114 831 3169 apud
871 3114 1057 3156 Plinium
1091 3111 1143 3153 N.

274 3177 329 3220 H.
373 3178 407 3217 V
459 3178 480 3218 1
520 3177 592 3233 (2)
634 3175 920 3231 Tubusuptus3
961 3170 1144 3227 perinde

273 3236 457 3285 Ptolem.
504 3234 563 3276 lv
621 3237 648 3278 2
704 3236 748 3285 δ.
793 3235 848 3277 31
899 3231 1145 3288 (Τουβού-

277 3299 516 3350 σουπτος).
558 3294 773 3335 Ammian.
797 3291 990 3334 Marcell.
1011 3289 1145 3332 XXIX

277 3356 302 3398 5
339 3357 422 3397 11:
463 3353 740 3408 Tubusuptum
766 3365 1033 3408 progressus,
1068 3364 1146 3405 op-

270 3415 418 3470 pidum
471 3413 649 3454 Ferrato
710 3413 954 3467 conliyuum
1000 3411 1147 3450 monti.

276 3472 323 3514 ld
355 3473 544 3513 nominis
576 3472 706 3512 etiam
730 3470 877 3512 Tacito
908 3471 1148 3511 restituen-

278 3531 376 3572 dum
410 3531 596 3581 videtur,
631 3536 677 3570 ut
709 3530 852 3571 media
885 3528 1055 3583 syllaba
1076 3529 1148 3568 in-

277 3590 518 3643 terciderit,
551 3589 681 3631 tertia
712 3602 735 3632 a
769 3589 854 3631 line
887 3588 1032 3631 littera
1051 3600 1149 3629 mu·-

280 3655 369 3692 tata
400 3650 468 3693 sit.

1322 2580 1701 2622 Musulamiorum:
1754 2593 1797 2622 v.
1850 2584 1999 2623 annot.
2044 2578 2098 2621 ad

1230 2639 1266 2680 ll
1301 2639 1371 2683 52.
1493 2653 1581 2680 non
1623 2640 1751 2695 yravi
1788 2653 1869 2680 nec
1901 2652 1988 2680 uno
2023 2640 2098 2680 in-

1229 2711 1380 2740 cursu.-
1412 2697 1496 2740 hoc
1528 2704 1594 2740 est
1615 2711 1701 2741 non
1726 2699 1905 2741 incursu
1931 2710 1955 2740 a
1973 2699 2100 2754 yravi

1227 2758 1383 2799 militia
1415 2764 1545 2814 atque
1578 2759 1622 2799 in
1662 2771 1794 2799 unum
1839 2759 1987 2800 iuncta
2027 2757 2098 2799 sa-

1228 2817 1400 2859 ciendo.

1318 2874 1423 2930 Cap.
1457 2876 1528 2918 25.
1591 2875 1769 2917 Auzea:
1803 2874 1918 2930 apud
1946 2874 2099 2918 Ptole-

1228 2949 1398 2977 maeum
1429 2934 1488 2975 lv
1521 2936 1549 2978 2
1581 2935 1625 2985 δ.
1659 2936 1714 2978 31
1747 2940 1814 2977 est
1836 2935 2000 2985 Αὐζία.

1321 2995 1544 3051 expeditae
1578 2993 1773 3035 cohortes
1805 2993 2008 3048 alaeque:
2054 3005 2097 3034 v.

1233 3052 1286 3094 ad
1318 3054 1334 3095 l
1367 3054 1438 3096 60.
1549 3053 1837 3108 praepeditis:
1873 3051 2100 3106 compedi-

1232 3111 1312 3152 bus
1346 3119 1447 3153 ante
1479 3125 1503 3152 a
1535 3110 1730 3152 Numidis
1768 3111 1983 3165 impositis
2017 3111 2100 3151 iin-

1232 3170 1369 3224 pediti
1403 3175 1540 3213 erant.
1604 3168 1721 3212 Idem
1754 3181 1847 3210 mos
1879 3168 1994 3224 apud
2013 3169 2102 3211 As-

1232 3231 1373 3283 syrios
1424 3236 1467 3272 et
1516 3229 1694 3270 Persas:
1754 3229 1841 3271 vid.
1897 3226 2098 3284 Xenoph.

1233 3289 1478 3343 Cyropaed.
1512 3287 1568 3329 Ill
1602 3289 1644 3340 3,
1678 3287 1868 3330 Anabas.
1900 3286 1956 3329 111
1986 3289 2058 3331 21.

1320 3349 1458 3402 trahi,
1492 3348 1656 3399 occidi,
1691 3348 1815 3403 capi:
1861 3360 1917 3389 ne
1949 3344 2099 3388 credas

1225 3419 1331 3449 *esse
1358 3407 1720 3462 hysterologiam,
1738 3404 1987 3447 memineris
2010 3409 2101 3444 tra-

1235 3472 1327 3507 ctos
1361 3467 1413 3508 ad
1448 3467 1768 3521 captivitatem,
1813 3463 1970 3506 oblatis
2003 3461 2101 3503 aliis

1236 3539 1344 3581 quos
1393 3539 1550 3580 capere
1582 3525 1764 3566 retentis
1796 3521 2013 3577 prioribus
2046 3519 2101 3561 ob

1235 3598 1460 3627 numerum
1485 3597 1572 3625 non
1594 3587 1786 3638 possent,
1809 3582 1981 3622 occisos
2004 3592 2102 3622 esse

1236 3658 1261 3688 a
1293 3643 1549 3688 victoribus.
1614 3640 1681 3685 Cf.
1713 3640 1819 3699 Agr.
1852 3640 1940 3686 37:
1985 3639 2103 3701 sequi
