2280 4004
252 273 343 322 254
1011 269 1303 318 ANNALIVM
1832 289 1872 319 a.
1903 284 1950 318 ιι.
1982 266 2082 319 777.

396 422 579 471 Actum
619 418 803 472 dehinc
842 418 906 469 de
933 417 1205 484 Calpurnio
1232 417 1432 482 Pisone,
1472 415 1631 468 nobili
1669 431 1731 468 ac
1758 416 1919 469 feroci
1952 415 2166 468 viro.2l

255 511 302 564 Is
340 526 573 578 namque,
613 515 666 560 ut
706 509 891 575 rettuli,
933 523 1194 561 cessurum
1224 523 1281 560 se
1314 509 1441 560 urbe
1475 508 1539 560 ob
1576 506 1827 577 factiones
1870 523 2089 560 accusa-

253 608 417 654 torum
453 603 503 653 in
528 606 707 654 senatu
734 600 1184 671 clamitaveratuet
1224 605 1393 666 spreta
1432 600 1656 667 potentia
1684 600 1947 668 Augustae
1981 603 2089 650 tra-

252 693 377 745 here
419 694 469 743 in
506 694 582 744 ius
615 693 941 760 Urgulaniam
984 675 1238 758 domoque
1273 691 1518 758 principis
1555 692 1728 743 excire
1769 704 1921 743 ausus
1958 694 2082 741 erat.

216 785 396 846 sQuae
452 785 503 836 in
558 799 804 851 praesens
855 784 1086 835 Tiberius
1140 782 1358 835 civiliter
1416 783 1615 834 habuit:
1668 783 1760 835 sed
1811 783 1863 833 in
1917 781 2085 833 animo

253 875 552 927 revolvente
579 875 699 940 iras,
731 874 926 926 etiamsi
963 875 1176 940 impetus
1202 872 1502 926 offensionis
1527 873 1812 942 languerat,
1842 875 2087 925 memoria

253 966 471 1018 valebat.
545 967 880 1033 Pisonemque
920 965 1137 1018 Granius
1179 966 1372 1036 secreti„
1406 965 1665 1029 ,sermonis
1702 963 2089 1030 incusavit-‚aq-

252 1074 454 1132 versum
494 1059 808 1109 maiestatem
841 1058 1029 1123 habiti,
1072 1057 1358 1124 adiecitque
1397 1059 1450 1109 in
1490 1057 1641 1110 domo
1689 1058 1799 1109 eius
1836 1069 2087 1108 venenum

257 1133 406 1214 esse,
465 1164 679 1215 eumque
728 1148 902 1216 gladio
944 1149 1228 1199 accinctum
1278 1148 1492 1200 introire
1550 1147 1757 1199 curiam.
1834 1146 1982 1209 Quod
2035 1149 2089 1197 ut

194 1256 240 1298 io
257 1241 480 1309 atrocius
502 1256 627 1301 vero
663 1241 969 1292 tramissum:
1017 1245 1321 1305 ceterorum,
1352 1255 1482 1306 quae
1506 1238 1662 1291 multa
1688 1238 2086 1303 cumulabantur,

254 1337 491 1399 receptus
536 1337 612 1383 est
654 1347 802 1395 reus3
869 1346 1035 1398 neque
1078 1332 1424 1405 ρςτᾶρξρξῌοί)
1471 1335 1686 1383 mortem
1738 1335 2086 1398 opportunam.

252 1423 479 1477 Relatum
533 1429 582 1474 et
622 1422 685 1474 de
724 1423 902 1474 Cassio
946 1405 1166 1474 Severo
1183 1422 1359 1487 exule,
1428 1422 1511 1488 qui
1559 1421 1804 1474 sordidae
1854 1420 2087 1488 originiS,

254 1513 515 1565 maleficae
549 1514 701 1577 vitae,
733 1509 825 1564 sed
865 1513 1046 1564 orandi
1081 1512 1297 1577 validUS,
1336 1527 1428 1578 per
1464 1512 1767 1563 immodicas
1798 1511 2090 1562 inimicitias

0 1600 74 1646 ‘ist
86 1608 308 1664 .a-mfut
347 1605 536 1656 iudicio
579 1605 726 1673 iurati
768 1609 973 1657 senatus
1015 1605 1214 1656 Cretam
1254 1609 1575 1656 amoveretur
1614 1602 1883 1655 effecerat
1869 1638 1885 1667 9
1940 1607 2090 1669 atque

0 1685 41 1728 f
30 1686 128 1776 ἑ*
104 1671 189 1743 {ss
160 1670 391 1752 Amisum}
399 1675 577 1748 eadem
617 1677 872 1747 actitando
910 1697 1138 1748 recentia
1166 1701 1443 1762 veteraque
1479 1695 1597 1747 odia
1639 1694 1872 1764 advertit,
1909 1693 2092 1745 bonis-

0 1762 61 1839 {ar
90 1785 198 1829 5>ss
258 1803 354 1855 que
382 1793 577 1853 exutus,
613 1788 884 1839 interdicto
914 1788 1020 1854 igni
1049 1793 1199 1853 atque
1223 1801 1369 1852 aqua,
1405 1800 1531 1837 saxo
1560 1785 1773 1851 Seripho
1803 1784 2086 1837 consenuit.

253 1880 347 1931 Per
389 1879 521 1931 idem
574 1883 767 1945 tempus
806 1878 1024 1929 Plautius
1063 1878 1298 1930 Silvanus
1347 1881 1582 1943 praetor,
1633 1875 1843 1928 incertis
1901 1875 2173 1941 causis,22

253 1970 533 2037 Aproniam
563 1970 832 2037 coniugem
854 1970 906 2020 in
933 1984 1179 2036 praeceps
1217 1969 1337 2020 iecit
1348 1986 1362 2031 ;
1401 1972 1693 2034 tractusque
1726 1967 1791 2019 ad
1818 1967 2088 2019 Caesarem

255 2062 317 2114 ab
358 2062 514 2114 Lucio
552 2061 782 2128 Apronio
823 2076 1008 2113 socero
1045 2060 1242 2112 turbata
1278 2064 1446 2112 mente
1486 2058 1781 2125 respondit,
1827 2063 2087 2125 ,tamquam

189 2152 362 2221 aoipse
400 2169 579 2206 somno
616 2154 789 2221 gravis
829 2158 978 2219 atque
1017 2167 1078 2204 eo
1118 2152 1360 2219 ignarUS,
1405 2156 1454 2203 et
1489 2165 1621 2202 uxor
1654 2154 1836 2217 sponte
1873 2154 2088 2201 mortem
2119 2188 2122 2192 -

369 2288 410 2331 2.
446 2286 574 2329 retuli
606 2288 660 2329 Μ.
741 2293 1062 2329 accussatorum
1095 2286 1148 2328 M.
1242 2287 1281 2328 7.
1316 2285 1593 2339 Pisonemque
1628 2284 1818 2327 Gran-ius
1852 2283 2016 2326 editor·
2048 2283 2088 2326 Μ

248 2345 1680 2462 t{?⁰'‘5i'²‘{52215932522“321.¹⁴¹P1551¹⁵05220022²t&fetura52‘⁵1¹?
1701 2343 1862 2459 ᾜΞῖῐ.
1896 2345 2091 2444 »ἷῗἽῖΐ

254 2468 485 2569 (ΞῙέὶοεέ-Μαε
471 2466 524 2508 Μ.
594 2466 660 2509 16
693 2472 861 2508 eaesutus
887 2465 940 2507 M.
1004 2464 1187 2522 Seripho
1209 2463 1265 2517 M,
1297 2476 1384 2504 non
1408 2462 1624 2519 Seriphio.
1692 2461 1762 2507 18.
1792 2459 2087 2519 aproniemlss.

346 2645 450 2699 Cap.
475 2647 545 2689 21.
593 2651 638 2686 ut
657 2643 827 2686 rettuli.-
848 2645 983 2687 refert
1003 2644 1130 2688 1134.

343 2705 620 2759 Pisonemque
655 2704 844 2746 Granius
868 2730 924 2736 -—-
951 2706 1132 2746 incusa-

254 2765 337 2806 vit:
402 2770 501 2818 post
559 2776 711 2805 causas
776 2765 999 2818 expositas
1056 2777 1133 2805 cur

255 2825 521 2865 irasceretur
553 2822 749 2864 Tiberius
790 2822 968 2876 Pisoni,
1015 2835 1131 2865 novo

257 2884 481 2924 enuntiat-o
510 2888 552 2923 et
577 2888 768 2938 augente
798 2883 1015 2936 particula
1039 2884 1131 2937 pri-

259 2954 327 2983 mo
362 2942 580 2984 vocabulo
614 2941 782 2983 adnexa
804 2949 1000 2983 narratur
1028 2941 1132 2996 quid

258 3003 520 3053 accesserit,
566 3006 614 3042 ut
646 3000 842 3043 Tiberius
876 3002 980 3042 iram
1011 3014 1131 3042 suam

258 3061 441 3116 explere
476 3060 652 3103 facilius
678 3066 841 3115 posset.
897 3060 984 3102 Nos
1019 3060 1132 3101 dici-

255 3133 378 3162 mus:
423 3120 535 3162 auck
578 3119 863 3176 bescltuldiyte
917 3119 997 3161 den
1036 3118 1131 3160 Piso

259 3180 463 3222 Granius.
485 3179 499 3221 I
518 3178 574 3222 65
594 3194 604 3220 :
627 3179 853 3234 ducemque
872 3179 1024 3221 terruit
1035 3179 1134 3219 dira

258 3241 387 3294 quies.
440 3239 582 3282 1137:
613 3252 842 3293 censusque
866 3238 1134 3293 quorundam

255 3305 502 3340 senatorum
565 3299 683 3339 iuvit.
750 3299 838 3341 52:
897 3299 1132 3352 divisusque

258 3359 471 3399 eset-citus
496 3361 627 3414 (cst).
684 3359 763 3400 57:
799 3364 1034 3411 cunctaque
1077 3381 1133 3388 -

257 3431 344 3458 non
379 3417 475 3458 ideo
509 3416 666 3458 laetum
715 3418 1018 3459 Germanicum
1050 3416 1133 3456 lm-

260 3475 427 3517 habant.
493 3475 552 3516 IV
586 3476 669 3518 49:
714 3476 919 3530 rebusque
955 3475 1134 3517 turbatis

260 3550 315 3568 -‘--
340 3533 781 3578 discordiaaccessit.
838 3534 1056 3576 Interdum
1083 3547 1134 3575 ea

260 3591 474 3647 particula
506 3605 593 3633 uon
626 3592 753 3634 modo
778 3605 938 3635 novum
967 3593 1134 3648 aliquid

261 3652 446 3707 indicat,
510 3650 587 3696 sed
634 3651 749 3694 inest
804 3652 933 3696 simul
987 3658 1132 3695 trans-

1218 2645 1399 2686 itionem
1443 2649 1487 2686 et
1537 2643 1867 2687 conclusionem
1909 2641 2089 2698 parandi

1217 2704 1301 2746 vis.
1366 2702 1433 2745 cf.
1467 2703 1528 2745 lv
1562 2701 1632 2756 74,
1668 2702 1725 2745 VI
1764 2703 1832 2754 19,
1866 2702 1923 2745 XI
1957 2702 2008 2746 11
2043 2708 2088 2744 et

1222 2765 1275 2805 13
1308 2769 1351 2804 et
1383 2763 1465 2816 38,
1512 2762 1589 2804 XII
1622 2764 1673 2805 11
1719 2768 1762 2805 et
1797 2762 1852 2806 16
1882 2768 1926 2805 et
1956 2762 2018 2807 24
2047 2765 2091 2804 et

1218 2822 1277 2865 42
1308 2828 1351 2863 et
1383 2822 1455 2875 58,
1490 2821 1586 2864 XIII
1616 2824 1644 2866 2
1678 2827 1721 2863 et
1752 2823 1824 2875 37,
1857 2821 1954 2864 XIV
1985 2819 2015 2863 6
2046 2826 2091 2863 et

1222 2882 1277 2924 14
1310 2887 1353 2923 et
1385 2881 1442 2925 28
1476 2887 1518 2923 et
1549 2882 1609 2925 32
1640 2886 1684 2922 et
1714 2881 1786 2924 64.
1842 2880 1894 2924 Η.
1929 2878 2086 2923 11148.

1220 2940 1267 2982 G.
1313 2942 1352 2984 7.
1421 2940 1605 2983 Granius
1658 2946 1875 2996 tamquam
1937 2951 2088 2995 parum

1217 3005 1347 3041 notus
1382 3006 1425 3040 et
1458 3001 1562 3042 vilis
1614 3005 1842 3041 accusator
1884 3011 1972 3040 uno
2003 3010 2090 3039 no-

1219 3061 1334 3100 mine
1369 3072 1393 3099 a
1425 3058 1575 3100 Tacito
1616 3064 1811 3100 vocatur.
1876 3058 1948 3100 Sic
1992 3057 2089 3099 XIII

1219 3118 1297 3159 23:
1333 3119 1420 3159 eius
1453 3118 1742 3160 accusationis
1778 3123 1931 3159 auctor
1952 3116 2091 3158 extitit

1217 3176 1371 3218 Paetus
1404 3177 1588 3231 quidam.
1641 3177 1831 3218 Granius
1853 3173 2089 3218 Marcellus

1220 3242 1284 3276 est
1302 3236 1317 3276 1
1339 3236 1415 3288 74,
1449 3237 1638 3278 Granius
1658 3235 1915 3278 Marcianus
1929 3234 1985 3276 Vl
2006 3233 2087 3286 383

1219 3294 1272 3336 de
1306 3301 1492 3350 utroque
1516 3309 1602 3337 non
1630 3301 1794 3336 certum
1819 3306 1873 3337 an
1899 3293 1953 3336 ad
1974 3292 2087 3334 huuc

1221 3355 1450 3408 pertineat.
1486 3357 1534 3408 Q.
1564 3356 1753 3398 Granius
1770 3366 1896 3409 quem
1916 3352 2086 3405 Lipsius

1222 3426 1317 3455 cum
1362 3416 1519 3455 ceteris
1573 3412 1813 3456 editoribus
1851 3410 2018 3462 intulit,
2061 3421 2086 3449 a

1219 3471 1366 3514 Tacito
1399 3486 1611 3530 nusquam
1643 3476 1932 3522 memoratur,
1982 3480 2084 3522 par-

1219 3532 1355 3574 ticula
1389 3539 1532 3575 autem
1566 3537 1664 3586 post
1692 3531 1893 3573 Pisonem
1934 3539 2085 3570 carere

1220 3594 1293 3635 vix
1325 3603 1569 3649 possumus.

2259 2966 2280 3054 'fist-sun
2266 2930 2280 2939 ¹.
