2280 4004
277 262 346 311 ao
1038 261 1333 306 ANNALIVM
1841 280 1881 311 a.
1914 279 1964 323 u,
1989 267 2111 323 θοι..

199 413 206 475 3
275 403 448 458 Gallos
485 404 786 456 confectum.
865 403 1116 456 Continua·
1147 405 1266 456 in'de
1308 421 1369 457 ae
1408 405 1508 457 fida
1543 419 1658 473 pax.
1731 407 1835 460 Iam
1871 409 2098 473 moribus

273 495 463 550 arti-bus
496 494 834 547 adfinitatibus
865 496 1055 547 nostris
1089 496 1247 561 mixti,
1285 512 1460 550 aurum
1498 503 1548 550 et
1569 514 1692 566 opes
1723 515 1843 553 suas
1871 501 2100 569 inferant

270 587 436 652 potius
476 600 622 651 quam
651 587 871 652 separati
905 587 1139 640 habeant.
1217 590 1414 655 Omnia,
1441 596 1610 657 patres
1647 593 1940 660 conscripti,
1968 595 2100 660 quae

271 687 408 727 nunc*
443 678 784 730 vetustissima
824 680 1129 746 creduntur,
1168 696 1302 733 nova
1339 683 1498 736 suere.
1570 684 1741 736 Plebei-
1774 685 2101 753 magistratus

234 783 259 823 ⁵
271 773 385 836 post
418 769 678 836 patriciOS,
716 771 877 822 Latini
913 777 1027 839 post
1058 769 1305 839 plebeiOS,
1349 780 1630 827 ceterarum
1664 776 2097 844 Italiae-,gentium

268 866 384 927 post
410 862 632 914 Latinos.
705 863 1050 916 Inveterascet
1079 865 1179 917 hoe
1211 881 1443 933 quoque3
1481 873 1531 920 et
1559 868 1695 934 quod
1731 868 1887 921 hodie
1921 882 2101 921 exem-

267 951 364 1018 plis
402 957 614 1018 tuemur,
654 953 787 1005 inter
825 955 1053 1021 exempla
1090 955 1214 1007 erit?
1310 958 1603 1011 Orationem
1637 958 1886 1025 principis>
1916 963 2183 1018 seeut025

207 1057 209 1060 ⁴
266 1047 461 1109 patrum
501 1045 763 1111 consulto,
819 1046 967 1112 primi
1002 1047 1169 1098 Aedui
1219 1054 1510 1101 senatorum
1551 1050 1604 1100 in
1638 1050 1766 1103 urbe
1807 1050 1891 1103 ius
1926 1051 2095 1118 adepti

236 1118 396 1187 sunt.
470 1136 648 1188 Datum
686 1137 737 1188 id
774 1138 973 1190 foederi
1011 1139 1233 1206 antique,
1270 1145 1319 1192 et
1346 1142 1462 1207 quia
1499 1141 1596 1194 soli
1625 1142 1882 1194 Gallorum
1914 1142 2096 1196 stater-

150 1211 161 1217 *
205 1227 438 1281 lenitatis
479 1243 664 1280 nomen
704 1244 815 1281 cum
854 1230 1040 1297 populo
1076 1227 1304 1284 Romano
1343 1238 1600 1299 usurpant.

405 1320 570 1371 Isdem
607 1321 785 1373 diebus
821 1322 873 1373 in
910 1338 1172 1374 numerum
1209 1324 1538 1390 patriciorum
1574 1325 2097 1388 ascivitcaesoe-,ve-

192 1463 199 1490 ἒ
264 1411 591 1464 busti-ssimum
631 1427 879 1480 quemque
919 1431 948 1466 e
982 1420 1178 1480 senatu,
1214 1420 1298 1467 aut
1334 1416 1514 1482 quibus
1552 1415 1678 1468 clari
1708 1416 2101 1483 parentesabs-

263 1508 406 1568 rant,
463 1504 639 1569 paucis
688 1505 787 1555 iam
820 1505 1032 1572 reliquis
1070 1507 1368 1558 familiarum
1408 1521 1532 1574 quas
1566 1507 1809 1560 Romulus
1846 1507 2093 1569 maiorum

188 1576 200 1599 ⁸
265 1599 315 1646 et
353 1595 537 1646 Lucius
578 1596 759 1648 Brutus
807 1598 1058 1649 minorum
1096 1599 1321 1665 gentium
1364 1598 1775 1665 appellaverant,
1835 1599 2097 1654 effiaustis

191 1699 250 1756 ,2⁵1
266 1685 415 1737 etiam
454 1701 579 1752 quas
617 1687 834 1738 dictator
872 1688 1064 1740 Caesar
1100 1689 1218 1756 lege
1254 1689 1431 1741 Cassia
1470 1695 1519 1741 et
1553 1690 1792 1756 princeps
1830 1689 2104 1758 Augustus-

261 1775 379 1843 lege
406 1777 589 1830 Saenia
623 1779 911 1846 sublegere.
987 1781 1239 1846 Laetaque
1267 1781 1396 1832 haec
1424 1782 1475 1831 in
1505 1797 1612 1833 rem
1639 1781 1891 1848 publicam
1924 1782 2093 1834 munia

191 1868 193 1871 ’
262 1867 415 1919 multo
451 1868 641 1935 gaudio
692 1870 923 1922 censoris
977 1870 1248 1922 inibantur.
1336 1873 1579 1924 Famosos
1631 1872 1834 1938 probris
1873 1875 2097 1940 quonam

260 1957 413 2036 modo
453 1964 631 2010 senatu
684 1960 961 2026 depelleret
1003 1962 1214 2028 aninS,
1275 1963 1444 2014 mitem
1500 1969 1549 2015 et
1593 1974 1777 2016 recens
1818 1968 2089 2031 repertam,

380 2135 421 2179 2.
457 2110 577 2191 affin.
613 2134 684 2178 Or.
805 2137 848 2179 3.
878 2150 949 2193 pc.
985 2151 1082 2179 cum
1115 2137 1193 2179 lin.
1227 2135 1307 2180 Ma.

262 2204 358 2236 cum
391 2195 467 2237 lin.
502 2194 583 2238 Ma.
646 2197 913 2252 usurpabant
932 2197 981 2240 B.
1050 2199 1120 2240 11.
1154 2198 1306 2238 ascivit
1332 2195 1412 2250 Ma,

265 2254 332 2297 1-5.
369 2255 506 2297 dictor
537 2255 617 2298 Ma.
749 2256 813 2299 16.
850 2258 973 2298 senia
1004 2255 1093 2298 Ma:

1433 2138 1474 2181 9.
1509 2139 1680 2194 faederi
1711 2137 1790 2182 Ma.
1899 2139 1968 2184 10.
2003 2139 2092 2183 PR.

1447 2210 1534 2239 non
1563 2199 1759 2241 adscivit.
1855 2199 1923 2242 14⁹.
1943 2199 1994 2242 L.
2012 2198 2092 2242 W.

1128 2257 1318 2299 correxit
1350 2257 1537 2311 Lipsius,
1647 2257 1737 2301 ΒΡ.
1772 2265 1869 2300 cum
1901 2258 1985 2302 line
2010 2257 2091 2302 Mn,

279 2394 282 2396 ’
353 2395 458 2452 Cap.
494 2398 564 2441 25.
625 2400 756 2455 primi
787 2398 927 2441 Aedui
956 2406 1133 2442 senato..

261 2470 358 2499 rum
389 2459 436 2498 in
470 2457 575 2499 urbe
607 2459 672 2499 ius
703 2460 846 2514 adepti
879 2468 1001 2502 sunt:
1045 2472 1131 2501 non

262 2519 461 2572 quemvis
496 2531 549 2558 ex
582 2519 744 2572 populo
775 2518 1024 2561 Aeduorum
1058 2533 1133 2561 se-

262 2582 458 2617 natorem
493 2576 731 2618 Romanum
766 2578 860 2618 lieri
895 2591 1024 2631 posse
1051 2592 1132 2632 pa-

260 2635 348 2676 tres
380 2634 645 2688 decrevere,
687 2637 763 2677 sed
806 2636 922 2677 sacto
956 2645 1132 2679 senatus

263 2694 463 2736 consulto
507 2693 762 2747 firmavere,
808 2702 854 2736 ut
895 2698 968 2750 qui
1020 2697 1134 2751 apud

261 2766 364 2795 suos
413 2754 690 2809 magistratus
737 2755 933 2797 obissent
993 2752 1134 2811 eoque

263 2814 486 2855 civitatem
532 2813 766 2855 Romanam
812 2816 1133 2869 impetrassent,

264 2874 394 2914 etiam
429 2871 481 2913 ad
516 2875 678 2913 curiam
712 2875 916 2916 urbanam
943 2876 1135 2929 aspirare

262 2938 458 2986 possent.
522 2931 592 2972 Ius
638 2940 887 2975 senatorum
935 2935 979 2975 in
1029 2934 1135 2975 urbe

263 2991 464 3033 omnibus
509 2989 714 3035 Comatae
759 2993 925 3034 Galliae
969 2994 1135 3047 primo-

263 3051 383 3093 ribus
437 3063 694 3093 concessum
753 3058 840 3094 est:
899 3053 977 3093 sed
1039 3066 1134 3093 cum

263 3110 438 3152 nonnisi
501 3116 643 3151 certus
702 3124 906 3154 numerus
969 3111 1136 3152 admitti

264 3174 438 3225 posset,
473 3168 729 3225 dignitatem
763 3178 1010 3213 senatorum
1043 3171 1136 3212 Ro-

264 3242 489 3284 manorum
533 3231 715 3282 primum
759 3231 902 3273 Aedui
951 3244 999 3272 re
1032 3243 1138 3273 vera

264 3286 411 3343 adepti
445 3294 559 3330 sunt.

355 3349 647 3402 fraternitatis
678 3362 858 3389 nomen:
893 3349 1008 3391 conf.
1041 3347 1133 3391 Cic.

265 3407 317 3448 ad
347 3407 498 3449 Famil.
538 3407 612 3449 VII
649 3409 715 3450 10.
752 3407 911 3449 Caesar
947 3408 996 3450 B.
1033 3408 1080 3451 G.
1117 3409 1134 3450 Ι

264 3467 335 3519 33.
400 3466 602 3508 Eumenii
655 3466 869 3523 Panegyr.
920 3468 973 3508 ad
1016 3466 1134 3509 Con-

263 3526 498 3578 stantinum
534 3540 570 3567 c.
606 3529 633 3569 2
668 3531 709 3567 et
732 3527 774 3568 3.
809 3526 989 3568 Diodor.
1014 3528 1132 3572 V25.

336 3584 494 3626 Lucius
515 3585 671 3626 Brutus
692 3586 903 3628 minorum
923 3589 1133 3642 yentium:

265 3643 381 3687 conf.
427 3643 521 3687 Liv.
564 3643 602 3687 11
646 3645 690 3698 1,
740 3646 813 3702 qui
857 3659 954 3689 cum
985 3647 1132 3692 Tacito

1221 2401 1453 2442 consentit.
1495 2399 1649 2442 Festus
1682 2414 1717 2442 s.
1753 2413 1797 2442 v.
1831 2400 1904 2455 qui
1928 2407 2091 2459 patres,

1220 2461 1291 2514 qut
1345 2461 1576 2516 conscripti
1636 2466 1678 2502 et
1735 2459 1994 2503 Plutarchus
2047 2463 2092 2503 in

1219 2519 1447 2561 Publicola
1463 2519 1685 2561 Valerium
1713 2518 1983 2562 Publicolam
2004 2521 2091 2562 mi·-

1219 2591 1348 2620 nores
1413 2585 1567 2634 gentes
1620 2579 1840 2635 allegasse
1898 2578 2088 2630 tradunt.

1221 2637 1287 2679 Cf.
1325 2637 1451 2678 Nieb.
1489 2638 1538 2679 H.
1574 2636 1623 2679 R.
1659 2644 1688 2679 t.
1722 2637 1739 2678 1
1771 2648 1871 2694 pag.
1905 2637 1994 2681 584
2023 2651 2088 2695 sq.

1221 2695 1287 2737 ed.
1322 2697 1364 2738 3.
1395 2695 1615 2751 'l'arquinii
1648 2696 1783 2738 Prisci
1818 2701 1973 2754 gentes
2004 2699 2091 2739 mi-

1219 2767 1349 2797 nores
1382 2768 1405 2796 a
1436 2755 1563 2797 Livio
1595 2755 1613 2796 Ι
1644 2757 1701 2799 35
1734 2761 1778 2797 et
1801 2755 2015 2799 Cicerone
2037 2756 2091 2799 de

1220 2815 1282 2856 Re
1316 2827 1356 2868 p.
1390 2814 1427 2855 11
1463 2816 1520 2859 20
1552 2821 1813 2858 memoratas
1859 2814 2090 2859 Cornelius

1221 2880 1294 2915 aut
1329 2875 1550 2929 ignoravit
1581 2881 1656 2917 aut
1677 2874 1865 2929 prudens
1890 2881 2091 2931 praeter-

1222 2935 1286 2985 iit,
1313 2933 1426 2987 quod
1454 2934 1618 2975 ordinis
1637 2935 1832 2990 iurisque
1855 2934 2093 2978 discrimen

1222 2994 1336 3033 inter
1369 2993 1604 3035 Romuleas
1644 3000 1797 3050 gentes
1833 3000 1877 3036 et
1908 2993 2090 3051 Tarqui-

1221 3053 1314 3093 nias
1349 3059 1422 3093 aut
1456 3053 1624 3094 nullum
1657 3054 1701 3094 in
1736 3052 1966 3095 annalibus
1998 3067 2090 3096 ase

1223 3111 1350 3152 lectis
1385 3111 1586 3152 traditum
1621 3118 1727 3165 erat,
1761 3117 1837 3154 aut
1861 3117 1981 3154 certe
2002 3124 2089 3154 non

1222 3170 1386 3211 diutius
1426 3171 1615 3212 obtinuit
1651 3184 1778 3226 quam
1817 3170 1960 3214 denuo
2004 3173 2091 3214 mi-

1221 3242 1351 3271 nores
1392 3237 1546 3286 gentes
1588 3243 1612 3271 a
1650 3230 1784 3271 Bruto
1818 3229 2088 3288 legerentur.

1222 3288 1467 3331 Discrimen
1500 3289 1726 3346 dignitatis
1760 3295 1803 3331 et
1824 3291 1929 3332 iuris
1957 3303 2089 3333 sena:-

1223 3354 1361 3390 torum
1405 3351 1477 3404 qui
1520 3363 1574 3391 ex
1605 3348 1842 3391 maioribus
1882 3349 2088 3406 gentibus

1222 3410 1385 3463 quique
1420 3423 1473 3450 ex
1505 3409 1744 3451 minoribus
1785 3409 1928 3464 attigit
1959 3420 2088 3450 acer-

1220 3470 1417 3523 rimeque
1450 3474 1706 3523 persecutus
1738 3473 1803 3509 est
1822 3466 2085 3510 Niebuhrius

1220 3527 1271 3568 H.
1293 3527 1342 3569 R.
1371 3533 1400 3568 t.
1426 3526 1528 3581 11p
1557 3527 1801 3579 129—-131,
1839 3525 1974 3569 134-
1985 3526 2084 3578 135,

1224 3586 1476 3638 198-201‚
1511 3588 1620 3641 210,
1653 3585 1754 3639 237,
1786 3583 1873 3631 328
1906 3591 1949 3628 et
1981 3558 2084 3640 329}

1219 3645 1306 3691 358
1339 3651 1382 3689 et
1413 3644 1514 3691 359.
