2280 4004
184 251 295 300 a'Gi
326 255 453 300 48η·
771 251 936 298 LIBER
965 249 1037 298 xl.
1090 250 1210 297 CA».
1234 254 1438 298 '33-36.
1952 248 2012 294 39

183 394 350 452 tellius
398 393 582 465 ignaro
629 392 871 463 propior:
938 393 1106 446 omnia
1157 389 1339 445 liberto
1386 392 1708 445 obediebant.
1781 385 2014 446 Pateiieri

188 491 389 546 domum
436 487 678 552 adulteri,
742 492 891 554 atque
926 485 1046 537 illuc
1090 484 1275 537 deduci
1310 485 1668 550 imperatorem
1703 483 1858 536 iubet.
1932 485 2014 536 Ac

184 582 396 649 primum
449 581 502 632 in
557 578 807 632 vestibulo
868 577 1090 646 effigiem
1141 577 1299 643 patris
1349 575 1459 630 Silii
1516 575 1747 628 consulto
1805 579 2011 628 senatus

188 673 425 725 abolitam
487 671 823 733 demonstrat,
889 673 1018 733 tum,
1086 666 1325 735 quicquid
1382 667 1567 718 avitum
1609 666 1897 721 Neronibus
1963 670 2014 718 et

185 763 380 828 DruSIS,
421 763 474 814 in
509 761 724 828 pretium
751 759 927 826 probri
957 758 1194 811 cessisse.
1268 758 1636 825 Incensumque
1671 762 1721 810 et
1753 758 1818 810 ad
1849 757 2053 810 minass

187 858 527 921 erumpentem
584 850 765 902 castris
822 850 1006 914 infert,
1070 852 1247 916 parata
1297 849 1535 900 contione
1585 847 1826 912 militum3
1880 848 2013 914 apud

187 947 733 1015 quos-praemonente
771 941 1014 994 Narcisso
1076 955 1238 1006 pauca
1308 940 1466 991 verba
1527 940 1674 992 fecit:
1743 954 1858 991 nam
1915 938 2013 991 etsi

183 1038 365 1108 iustum
406 1035 635 1088 dolorem
671 1033 836 1100 pudor
879 1032 1203 1098 impediebat.
1279 1031 1557 1083 Continuus
1593 1031 1779 1083 dehinc
1819 1031 2013 1083 cohor-

181 1128 302 1180 tium
341 1127 534 1179 clamor
565 1124 770 1176 nomina
805 1137 1010 1176 reorum
1049 1127 1098 1175 et
1134 1137 1326 1189 poenas
1353 1123 1710 1190 flagitantium
1748 1122 2012 1174 admotus-

183 1232 279 1288 que
317 1218 468 1273 Silius
505 1215 743 1269 tribunali
781 1230 885 1266 non
923 1213 1300 1277 defensionem,
1357 1227 1462 1264 non
1510 1228 1681 1265 moras
1733 1213 2008 1280 temptavit,
2029 1223 2077 1263 io

179 1316 442 1380 precatuS,
492 1314 547 1360 ut
592 1322 730 1359 mors
789 1306 1182 1359 acceleraretur.
1272 1304 1465 1356 Eadem
1517 1304 1801 1356 constantia
1843 1309 1894 1356 et
1927 1305 2014 1356 in-

181 1403 364 1456 lustres
402 1401 596 1468 equites
633 1401 889 1452 Romanos
926 1397 1139 1464 cupidos
1178 1401 1405 1448 maturae
1444 1396 1587 1448 necis
1627 1396 1763 1448 fecit.
1837 1396 1900 1447 Et
1925 1395 2015 1447 Ti-

181 1493 302 1545 tium
330 1491 594 1544 Proculum
626 1489 888 1542 cust-odem
923 1504 952 1540 a
981 1487 1115 1552 ,Silio
1138 1487 1446 1539 Messalinae
1476 1487 1645 1538 datum
1685 1491 1735 1538 et
1768 1486 2014 1537 indicium

183 1583 497 1647 offerentem,
521 1582 739 1634 Vettium
763 1579 1024 1633 Valentem
1051 1579 1360 1643 confessum,
1389 1583 1439 1629 et
1461 1577 1750 1643 Pompeium
1774 1577 2014 1629 Urbicum

181 1691 242 1727 ac
275 1674 530 1729 Saufeium
566 1674 787 1740 Trogum
835 1687 901 1725 ex
945 1669 1168 1722 consciis
1219 1669 1352 1721 tradi
1402 1669 1466 1720 ad
1505 1669 1804 1735 supplicium
1854 1668 2009 1720 iubet.
2030 1675 2079 1721 15

179 1765 394 1819 Decrius
450 1779 650 1832 quoque
706 1762 1071 1830 Calpurnianus
1124 1759 1335 1828 vigilum
1386 1759 1704 1826 praefectuS‚
1763 1758 2014 1825 Sulpicius

179 1856 337 1912 Rufus
390 1856 495 1908 ludi
554 1859 874 1923 procurator,
944 1853 1127 1905 Iuncus
1175 1850 1500 1919 Vergilianus
1566 1855 1775 1902 senator
1834 1849 2014 1901 eadem

95 1962 344 2015 36poena
382 1947 586 1999 adfecti.
674 1944 822 2000 Solus
858 1945 1081 1998 Mnester
1120 1943 1494 1995 cunctationem
1538 1941 1730 2006 attulit,
1774 1940 2015 1992 dilaniata

186 2043 331 2093 veste
398 2038 659 2091 clamitans
720 2036 974 2103 aspiceret
1032 2035 1301 2087 verberum
1349 2038 1527 2098 notaS,
1595 2031 2014 2084 reminisceretur

311 2173 355 2215 4.
399 2172 586 2215 habitum
620 2169 712 2214 Ma:
757 2182 989 2212 correxere
1020 2168 1213 2211 Faernus
1246 2173 1290 2209 et
1323 2165 1570 2208 chiffletius
1603 2164 1719 2220 apud
1749 2165 2012 2207 Broterium.

181 2233 222 2276 5.
261 2230 512 2289 ficiumma.
614 2231 656 2274 9.
688 2244 854 2286 paenas
885 2227 965 2272 Ma.
1071 2230 1138 2271 11.
1175 2227 1333 2284 'ir‘catus
1365 2224 1445 2268 Ma.
1554 2227 1623 2268 12.
1657 2225 1829 2266 romani
1861 2223 2014 2280 cupido

179 2299 346 2334 mature
389 2293 507 2333 necis
537 2290 620 2347 fuit
663 2289 756 2331 Ma:
808 2288 1082 2332 emendatum
1127 2289 1171 2328 in
1204 2287 1238 2329 G
1269 2292 1312 2328 et
1343 2285 1504 2327 ceteris
1538 2283 1664 2326 codd.
1805 2291 1846 2325 et
1877 2284 2016 2326 titium

181 2349 272 2404 Ma,
305 2358 344 2393 et
376 2351 520 2392 tioium
553 2349 611 2392 G:
644 2349 780 2405 vulgo
821 2349 984 2391 Titium.
1097 2348 1165 2390 15.
1195 2346 1421 2400 Saufeium
1451 2343 1652 2399 Lipsius:
1688 2341 1900 2397 saufelum
1931 2341 2013 2395 Ma,

180 2411 224 2451 in
259 2423 346 2466 quo
379 2410 556 2452 litterae
586 2410 603 2451 i
635 2415 678 2450 et
709 2410 724 2451 l
759 2414 860 2450 sunt
891 2406 1155 2459 simillimae,
1186 2405 1416 2460 saufellum
1450 2403 1497 2445 G.
1594 2403 1663 2446 16.
1697 2402 1889 2458 vigilium
1919 2400 2010 2443 Ma:

181 2469 355 2526 vigilum
388 2468 435 2512 G.
591 2469 661 2512 17.
692 2467 910 2524 uqilianus
941 2465 1007 2509 Ma
1050 2480 1147 2510 cum
1179 2463 1347 2507 lineola
1379 2475 1511 2518 super
1545 2462 1628 2504 litt.
1662 2476 1722 2514 u,
1756 2460 1801 2506 h.
1836 2474 1875 2505 e.
1909 2474 2010 2503 ver.-

180 2528 439 2586 uiryilt'anus
469 2527 518 2571 G.
642 2527 709 2571 18.
749 2541 897 2584 paena
927 2524 1008 2569 Ma.
1130 2525 1321 2568 Mnester
1353 2520 1434 2576 Ma,
1466 2528 1678 2564 menester
1712 2519 1763 2563 G.

271 2628 375 2684 Cap.
397 2629 469 2672 34.
528 2628 717 2671 instabat
745 2628 934 2683 quidem.-
968 2639 1053 2670 vo-

181 2688 263 2730 luit
309 2694 356 2729 ut
408 2688 670 2731 Messalinae
723 2688 987 2742 supplicium
1029 2700 1053 2728 a

181 2748 381 2803 principe
414 2747 666 2800 iuberetur,
714 2747 791 2788 sed
833 2747 876 2789 id
908 2748 1050 2800 ipsum

185 2807 253 2848 elo
290 2808 332 2847 ui
389 2808 554 2848 veritus
611 2805 948 2860 expostulabat,
1005 2810 1052 2845 ut

187 2871 259 2907 tan
292 2878 360 2907 em
391 2866 526 2907 verba
557 2867 725 2907 incerta
757 2866 949 2906 mitteret
970 2877 1051 2906 ve-

184 2937 366 2980 rumque
398 2925 530 2965 animi
562 2937 737 2966 sensum
770 2927 975 2978 aperiret.

274 2982 630 3038 clamitabatque:
669 2983 724 3025 cf.
760 2982 813 3024 ad
844 2983 861 3024 1
893 2983 964 3026 58.

287 3041 391 3096 Cap.
436 3042 507 3086 35.
572 3043 754 3098 effiqiem
789 3044 926 3099 patris
957 3040 1057 3083 Silii

189 3127 242 3133 -
285 3101 569 3143 demonstrat.-
617 3101 780 3155 duplici
827 3101 880 3143 de
925 3113 1055 3142 causa

189 3160 273 3201 hoc
306 3160 411 3202 facit
443 3159 638 3213 libertus,
671 3161 854 3214 primum
888 3166 936 3201 ut
967 3173 1049 3200 an-

188 3220 352 3275 tiquam
407 3219 556 3261 domus
598 3219 790 3262 Silianae
835 3218 1049 3261 maculam

189 3278 374 3333 principi
407 3277 688 3330 demonstret,
723 3285 810 3319 tum
836 3284 882 3318 ut
914 3278 1050 3319 filium

190 3343 339 3378 contra
370 3336 591 3378 decretum
624 3343 829 3388 senatus,
864 3338 936 3391 qui
970 3349 1052 3389 pa-

188 3398 266 3437 tris
309 3395 403 3438 Silii
456 3397 694 3438 maiestatis
746 3395 950 3450 postulati
985 3397 1051 3448 (v.

187 3456 246 3497 lv
292 3455 366 3511 ¹9)
415 3454 627 3510 imagines
667 3453 902 3496 abolendas
947 3466 1052 3494 cen-

189 3521 359 3567 suerat,
394 3513 505 3555 lianc
538 3515 772 3572 imaginem
804 3513 1055 3567 reposuisse

192 3575 506 3616 criminaretur.

276 3632 474 3676 inlustres
506 3631 662 3689 equites
691 3633 937 3678 Romanose
970 3642 1053 3674 no-

1138 2626 1256 2667 mina
1289 2636 1438 2666 eorum
1458 2623 1726 2674 reticentur3
1758 2619 1891 2675 paulo
1911 2625 2013 2676 post

1139 2686 1213 2741 qui
1244 2686 1548 2735 nominantur,
1593 2681 1670 2723 alii
1710 2686 1833 2734 sunt,
1877 2687 1921 2722 et
1968 2681 2015 2722 in

1138 2746 1191 2786 iis
1246 2749 1364 2786 certe
1414 2742 1549 2784 Titius
1603 2739 1815 2782 Proculus
1865 2739 2012 2781 oblato

1138 2804 1301 2854 indicio
1349 2814 1535 2856 poenam
1576 2801 1792 2842 vitaturus
1832 2800 2014 2843 minime

1138 2862 1320 2917 cupidus
1354 2861 1437 2903 fuit
1468 2867 1666 2903 maturae
1698 2860 1830 2902 necis.
1875 2858 2014 2900 Recte

1136 2924 1270 2979 igitur
1313 2920 1489 2964 codices
1538 2927 1577 2962 et
1612 2922 1694 2978 (τ.
1732 2920 1888 2976 etiam)
1943 2919 2013 2961 Ti-

1136 2983 1239 3023 tium
1272 2987 1356 3024 cet.

1212 3041 1418 3083 indicium
1451 3041 1724 3097 offerentem.-
1759 3037 1907 3080 oblato
1941 3037 2013 3077 in-

1141 3100 1257 3142 dicio
1291 3100 1593 3154 impunitatem
1625 3099 1709 3139 sibi
1740 3110 1892 3151 parare
1916 3101 2012 3137 stu-

1141 3158 1285 3201 debat.
1352 3158 1418 3199 Cf.
1465 3158 1522 3199 v1
1560 3158 1613 3200 3.·
1662 3169 1865 3198 summum
1908 3167 2012 3209 sup-

1129 3216 1309 3273 plicium
1340 3216 1676 3267 decernebatur,
1719 3215 1768 3256 m‘
1795 3215 2014 3269 professus

1133 3276 1338 3318 indicium
1364 3277 1492 3330 foret.
1558 3276 1610 3317 72
1644 3274 1718 3315 sed
1734 3272 1951 3314 Minucius
1974 3276 2014 3312 et

1133 3334 1346 3376 Servaeus
1356 3334 1548 3374 damnati
1556 3333 1765 3375 indicibus
1777 3343 2011 3373 accessere.

1248 3393 1352 3447 Cap.
1398 3393 1468 3435 36.
1534 3391 1748 3455 dilaniata
1795 3397 1907 3431 veste
1956 3415 2011 3422 --

1138 3453 1358 3494 verberum
1416 3458 1568 3493 notas:
1631 3453 1715 3492 iam
1775 3454 2012 3503 coeperant

1141 3514 1299 3567 exequi
1339 3511 1625 3565 supplicium,
1681 3522 1777 3551 cum
1820 3510 2012 3551 Mnester

1140 3571 1251 3614 haec
1291 3571 1619 3616 misericordiae
1665 3567 1908 3613 movendae
1942 3568 2011 3610 ia-

1141 3634 1290 3674 ctaret.
