2280 4004
229 281 258 315 ι
287 270 336 316 G·
371 272 444 318 55.
786 270 947 316 LIBER
979 269 1087 314 XIII.
1157 269 1261 314 Car.
1300 271 1485 315 12—13.
1963 271 2052 316 119

228 409 405 476 Neque
460 407 816 475 paenitentiam
859 409 946 460 filii
1000 413 1083 461 aut
1128 409 1410 461 satiet-atem
1458 409 1703 477 opperiri3
1767 415 2055 478 quantoque

234 501 467 554 foediora
524 501 893 567 exprobrabat,
952 502 1120 551 acrius
1177 501 1487 566 accendere,
1548 502 1714 554 donec
1766 503 1817 554 vi
1867 504 2055 556 amoris

233 592 470 644 subactus
514 596 723 643 exueret
769 591 1065 657 obsequium
1102 591 1153 640 in
1207 596 1416 643 matrem
1464 607 1621 659 seque
1661 594 1890 646 Senecae
1936 610 2057 660 per-

231 684 475 747 mitteret,
534 698 597 735 ex
635 684 776 733 cuius
813 682 1145 734 familiaribus
1181 684 1423 734 Annaeus
1461 685 1682 736 Serenus
1732 685 2055 737 simulatione

233 774 421 825 amoris
458 773 706 824 adversus
754 773 967 825 eandem
1019 772 1251 825 libertam
1291 774 1477 839 primas
1525 775 1867 828 adulescentis
1909 777 2094 843 cupi-⁶

232 864 377 916 dines
401 864 675 928 velaverat,
708 864 1110 930 praebuerat-que
1136 879 1338 929 nomen,
1367 870 1420 916 ut
1455 881 1583 931 quae
1612 867 1848 933 princeps
1887 867 2054 919 furtim

229 955 555 1008 mulierculae
590 955 867 1019 tribuebat,
928 955 1013 1006 ille
1054 955 1217 1021 palam
1257 956 1545 1023 largiretur.
1619 958 1739 1008 Tum
1773 958 2054 1026 Agrippina

228 1047 394 1108 uersis
433 1046 624 1097 artibus
662 1061 755 1112 per
785 1046 1127 1098 blandimenta
1162 1047 1394 1099 iuvenem
1433 1048 1663 1114 adgredi,
1702 1063 1846 1100 suum
1886 1049 2052 1115 potius

229 1136 514 1188 cubiculum
554 1153 615 1188 ac
651 1137 814 1188 sinum
855 1137 1041 1188 offerre
1091 1139 1426 1205 contegendis
1471 1153 1599 1204 quae
1634 1139 1793 1205 prima
1829 1145 1967 1191 aetas
2005 1145 2055 1191 et

228 1242 418 1280 summa
458 1227 659 1279 fortuna
705 1233 1013 1293 expeterent.
1088 1228 1218 1288 Quin
1261 1232 1309 1278 et
1350 1228 1601 1279 fatebatur
1650 1229 2051 1296 intempestivam
2070 1238 2118 1275 io

227 1318 578 1382 severitatem,
619 1322 668 1370 et
703 1333 908 1370 suarum
945 1333 1121 1385 opum,
1161 1333 1291 1384 quae
1330 1318 1463 1370 haud
1499 1319 1676 1385 procul
1713 1320 2052 1387 imperatoriis

230 1409 457 1474 aberant,
498 1409 671 1475 copias
714 1409 962 1474 tradebat,
1002 1415 1055 1460 ut
1089 1410 1242 1461 nimia
1279 1425 1441 1477 nuper
1479 1410 1771 1462 coercendo
1809 1411 1943 1476 filie,
1986 1412 2055 1465 ita

228 1515 426 1552 rursum
464 1500 861 1566 intemperanter
898 1500 1136 1553 demissa.
1211 1502 1351 1563 Quae
1380 1502 1586 1553 mutatio
1612 1517 1777 1568 neque
1799 1502 2055 1554 Neronem

229 1591 437 1656 fefellit,
478 1596 528 1643 et
561 1591 779 1658 proximi
824 1592 1100 1643 amicorum
1140 1592 1456 1657 metuebant,
1518 1593 1831 1659 orabant-que
1871 1608 2055 1644 cavere

349 1732 390 1774 1.
418 1733 698 1788 penitentiam
728 1731 809 1775 Ma.
873 1735 918 1777 2.
940 1733 1141 1789 faediora
1176 1732 1256 1775 Ma.
1333 1733 1589 1776 accenderet
1619 1733 1706 1776 Ma:
1741 1734 1775 1777 G
1804 1735 2055 1778 accendere.

225 1793 269 1836 3.
304 1798 500 1833 exsueret
526 1790 606 1834 Ma.
742 1805 867 1847 seque
899 1794 1091 1837 Senecae
1126 1792 1324 1847 Lipsius:
1357 1792 1425 1834 Ma
1462 1807 1587 1848 seque
1617 1807 1746 1847 nece,
1781 1793 2056 1837 Oxonienses

227 1851 515 1905 Sena-aeque,
551 1850 585 1892 G
610 1852 847 1906 senecique,
867 1852 945 1894 sed
974 1853 993 1893 i
1022 1854 1066 1893 in
1086 1865 1250 1904 rasura,
1284 1851 1519 1894 Rhenanus
1550 1854 1664 1894 coni.
1699 1867 1743 1895 se
1767 1855 2055 1908 Senecaeque.

227 1910 270 1953 6.
291 1908 526 1952 uelaberat
554 1909 634 1952 Ma.
730 1912 798 1954 10.
833 1912 1132 1967 intempestate
1163 1911 1253 1953 Ma:
1288 1917 1530 1953 correctum
1564 1913 1680 1953 inest
1712 1912 1759 1954 G.
1858 1914 1927 1956 12.
1961 1920 2057 1955 tra-

229 1969 384 2012 debant
413 1982 631 2024 supe-rscr.
664 1970 823 2012 litteris
856 1971 910 2013 ba
941 1971 1024 2013 litt.
1059 1979 1088 2014 t.
1123 1969 1201 2013 Ma.
1310 1971 1379 2014 14.
1413 1984 1566 2013 cavere
1597 1970 1679 2025 Ma,
1712 1973 1858 2014 caveri
1889 1971 1936 2014 G.

230 2103 482 2152 receptum:
529 2098 583 2140 ad
631 2099 938 2141 antecedentia
989 2100 1098 2142 Otho

229 2157 402 2212 familia
433 2157 653 2199 consulari
692 2158 956 2215 intelligitur
988 2166 1096 2202 erat.

228 2217 512 2259 Enuntiatum
529 2217 832 2260 secundarium
846 2219 977 2272 paulo
997 2218 1098 2260 lon-

230 2278 355 2333 gius„
408 2290 584 2330 quorum
642 2276 748 2318 Otho
796 2302 853 2308 —
899 2278 1100 2333 ambiqua

230 2342 413 2387 secreta,
446 2335 722 2377 interiectum
756 2342 822 2377 est
852 2337 906 2378 ad
938 2336 1095 2378 adule-

229 2395 452 2437 scentulos
475 2394 575 2436 illos
597 2395 841 2438 accuratius
856 2395 1098 2452 designan-

229 2454 322 2506 dos,
355 2454 456 2496 dein
489 2455 759 2510 praegressis
781 2454 994 2497 absolutis
1018 2455 1098 2497 ab-

229 2513 401 2565 lativis,
435 2513 606 2569 delapso
640 2513 835 2565 Nerone,
870 2520 1000 2570 atque
1034 2515 1099 2556 si.

227 2571 316 2616 mul
374 2573 599 2628 assumptis
646 2597 703 2604 -
767 2572 1099 2617 adulescentulis

229 2632 420 2682 decoris,
452 2631 747 2687 adiunguntur
779 2632 867 2673 alia
901 2632 1096 2676 eiusdem

262 2691 406 2733 eneris
438 2692 661 2735 enuntiata
692 2690 794 2744 duo,
827 2705 880 2733 ne
909 2692 1098 2734 seniori-

256 2764 304 2793 us
333 2775 389 2782 —-
415 2749 762 2802 adversantibus,
796 2755 886 2792 tum
917 2751 1098 2794 mulier..

230 2808 330 2851 cula
365 2835 411 2845 ο-
449 2809 661 2863 explente.
709 2808 903 2864 Egregie
932 2809 1098 2852 fallitur

231 2866 286 2909 ud
318 2866 360 2909 h.
394 2867 425 2912 l.
455 2866 703 2911 waltherus
735 2880 831 2909 cum
863 2871 1099 2910 sectatori..

232 2926 339 2971 bus:
372 2925 474 2971 vide
509 2927 604 2969 eius
634 2927 977 2969 annotationem.

324 2982 428 3038 Cap.
467 2985 534 3028 13.
597 2999 721 3039 seque
760 2986 955 3029 Senecae
991 3001 1097 3042 per-

232 3043 414 3087 mitteret
425 3056 440 3087 t
452 3043 624 3088 nimiam
638 3043 826 3088 hominis
839 3044 1097 3089 facilitatem

234 3102 383 3157 paucis
416 3103 609 3158 graviter
639 3103 820 3147 indicat.
853 3102 922 3147 cf.
940 3105 1037 3148 XlV
1056 3105 1096 3148 7.

327 3159 532 3206 Annam
573 3162 786 3205 Serenae.-
835 3169 927 3206 erat
966 3177 1098 3217 prae..

233 3219 377 3262 iectus
409 3219 608 3275 vigilum.
669 3220 836 3265 Plinius
866 3222 982 3265 xxu
1016 3222 1097 3265 47:

235 3278 406 3321 tertium
431 3291 564 3332 gertus
597 3279 715 3322 suilli
731 3279 905 3337 (fungi)
925 3281 1100 3325 venenis

234 3337 672 3381 accommodatissimi.
730 3338 933 3380 Familias
963 3353 1102 3395 nuper

235 3399 489 3440 interemere
530 3402 571 3439 et
609 3403 701 3438 toea
734 3398 956 3450 convivia,
1003 3398 1100 3439 An-

233 3468 391 3499 naeum
422 3456 629 3497 Serenum
655 3457 921 3511 praesectum
957 3457 1101 3498 Nero-

235 3516 304 3557 nis
334 3513 509 3570 vigilum
531 3519 572 3556 et
595 3514 784 3556 tribunos
807 3515 1101 3558 centuriones-

240 3587 332 3628 que.
395 3574 565 3619 Seneca
595 3574 636 3615 ei
668 3579 892 3628 superstet
923 3574 1023 3627 fuit,
1053 3579 1103 3616 ut

240 3630 380 3689 liquet
417 3646 473 3676 ex
512 3633 608 3675 ,eius
653 3631 792 3688 Epist.
833 3632 891 3676 63
928 3634 975 3686 §-
1020 3634 1099 3678 12:

1180 2100 1291 2143 haec
1323 2101 1398 2142 tibi
1428 2101 1593 2154 scr-ibo,
1639 2103 1676 2142 is
1715 2101 1786 2155 qui
1827 2101 2055 2144 Annaeum

1180 2160 1390 2202 Serenum
1421 2162 1688 2202 carissimum
1716 2160 1822 2202 mihi
1853 2167 1940 2202 tam
1969 2163 2053 2203 im-

1179 2219 1343 2260 modice
1372 2221 1482 2274 fievi,
1519 2227 1565 2261 ut
1596 2219 1706 2274 quod
1734 2220 1907 2262 minime
1928 2221 2054 2262 celim

1180 2279 1295 2319 inter
1327 2278 1521 2334 exempla
1551 2279 1630 2320 sim
1662 2293 1807 2320 eorum
1837 2293 1937 2333 quos
1972 2280 2051 2321 do-

1180 2336 1248 2378 lor
1260 2338 1375 2380 vicit.
1411 2338 1548 2379 Hodie
1570 2345 1712 2380 tamen
1732 2341 1895 2392 factum
1917 2353 2053 2380 meum

1181 2396 1335 2438 damno
1370 2403 1409 2439 et
1438 2396 1637 2453 intelleyo
1684 2398 1917 2439 maximam
1947 2399 2053 2440 milti

1181 2469 1357 2498 causam
1408 2457 1472 2499 sic
1520 2456 1694 2513 lugendi
1738 2457 1870 2512 fuisse
1885 2489 1896 2509 ,
1944 2458 2053 2512 quod

1178 2528 1397 2570 nunquam
1455 2517 1745 2571 cogitaveram
1799 2517 1911 2558 mori
1960 2530 2053 2558 eum

1180 2581 1281 2616 ante
1335 2588 1401 2616 me
1453 2588 1591 2630 posse.
1658 2576 1771 2616 vivo
1827 2576 2052 2630 inscripsit

1180 2634 1349 2677 Seneca
1399 2634 1556 2675 librum
1617 2635 1667 2676 de
1727 2633 2051 2689 Tranquillitate

1178 2693 1328 2746 animi,
1361 2693 1466 2735 item
1496 2693 1836 2748 disputationem
1871 2707 1952 2735 nec
1977 2695 2051 2735 in-

1178 2753 1338 2795 iuriam
1379 2766 1461 2794 nec
1502 2752 1803 2796 contumeliam
1852 2754 2050 2810 accipere

1179 2813 1427 2867 sapientem.

1268 2885 1388 2912 suum
1415 2871 1555 2926 potius
1580 2870 1817 2912 cubiculum
1837 2885 1892 2912 ac
1914 2871 2052 2913 sinum

1180 2929 1363 2984 offerre.-
1381 2934 1508 2971 caute
1531 2930 1785 2984 praeposuit
1798 2929 2050 2983 cubiculum,

1179 3001 1235 3029 ne
1269 2989 1388 3030 sinus
1422 3001 1650 3044 perperam
1683 2989 1738 3030 de
1770 2989 1938 3031 incesto
1958 2989 2050 3030 Ne-

1181 3048 1276 3088 roni
1311 3061 1335 3088 a
1366 3053 1503 3090 matre
1536 3047 1683 3089 oblato
1707 3047 2047 3103 intelligeretur.

1183 3105 1390 3156 Quamvis
1433 3107 1549 3147 enim
1593 3119 1648 3147 ne
1688 3106 1741 3146 ab
1790 3119 1842 3147 eo
1876 3106 2050 3160 quidem

1181 3164 1348 3220 flagitio
1392 3165 1476 3205 ista
1521 3163 1776 3205 abhorreret
1815 3163 1940 3218 (xlv
1982 3166 2050 3219 2),

1182 3235 1298 3263 nunc
1347 3228 1491 3264 tamen
1550 3222 1739 3262 nondum
1788 3221 1842 3262 ad
1899 3221 2051 3262 ultima

1183 3279 1396 3335 confugit.
1437 3281 1567 3321 Sinus
1599 3285 1665 3321 est
1695 3291 1781 3334 quo
1812 3280 1916 3335 quid
1947 3278 2051 3320 abs-

1183 3339 1384 3380 conditur
1423 3338 1706 3394 velaturque,
1750 3343 1797 3378 ut
1826 3339 1944 3379 sinus
1974 3340 2050 3393 fa-

1184 3411 1280 3439 mae
1311 3398 1364 3439 A.
1396 3398 1467 3441 30.

1274 3457 1537 3510 orabantque
1569 3468 1748 3496 cavere:
1788 3454 1888 3498 sine
1920 3466 2051 3496 causa

1186 3522 1359 3558 caveret
1389 3513 1696 3561 desiderabant
1730 3513 1966 3556 Rhenanus
2007 3520 2051 3555 et

1187 3574 1393 3618 Pichena.
1455 3572 1522 3617 cf.
1555 3572 1634 3618 ΧΠ
1663 3574 1746 3618 46:
1779 3579 1920 3614 monet
1954 3573 2050 3616 Ra-

1186 3633 1410 3681 damietam
1450 3633 1804 3690 oppuynationem
1839 3631 2048 3675 celerare.
