2280 4004
1835 338 1876 373 a.
1907 337 1954 374 ιι.
1980 313 2090 376 ΘΜ.

264 468 626 521 frumentariae
661 466 973 533 praefectum
1010 467 1323 534 Turranium,
1361 470 1476 534 post
1501 467 1704 521 Lusium
1730 469 1907 523 Getam
1939 483 2096 539 prae·—

263 559 477 612 torianis
503 557 787 625 impositum
817 564 1160 625 percontatur.
1220 560 1344 622 Quis
1370 560 1641 614 fatentibus
1669 562 1898 614 certatim
1935 562 2094 616 ceteri

265 651 716 716 circumstrepunt,
777 649 872 701 iret
903 650 954 701 in
992 655 1185 712 castra,
1241 651 1464 703 firmaret
1506 651 1795 718 praetorias
1834 638 2092 720 cohortes,

262 740 525 792 securitati
586 746 702 793 ante
756 756 903 808 quam
949 723 1208 795 vindictae
1246 742 1552 796 consuleret.
1627 743 1759 797 Satis
1797 748 1996 798 constat
2030 758 2094 798 eo

225 841 248 879 s
261 847 455 898 pavore
493 831 710 885 offusum
751 833 1039 899 Claudium,
1098 838 1152 885 ut
1190 834 1465 887 identidem
1503 835 1848 904 interrogaret
1884 851 1949 889 an
1985 836 2097 904 ipse

263 924 462 991 1mperii
513 930 724 991 potenS,
788 940 851 977 an
894 925 1046 980 Silius
1079 926 1305 992 privatus
1354 931 1507 980 esset.
1580 928 1649 979 At
1681 927 1955 980 Messalina
1991 941 2096 980 non

261 1016 390 1068 alias
426 1015 641 1068 solutior
678 1017 814 1083 luXU,
859 1018 1029 1069 adulto
1067 1022 1302 1070 autumno
1331 1019 1654 1071 simulacrum
1679 1018 1970 1072 vindemiae
2005 1030 2098 1087 per

263 1106 464 1158 domum
504 1108 810 1160 celebrabat.
888 1110 1069 1177 Urgeri
1116 1109 1288 1176 prela,
1343 1109 1503 1163 fluere
1556 1110 1729 1175 lacus3
1790 1115 1840 1163 et
1876 1102 2096 1163 feminae

259 1198 475 1265 pellibus
516 1200 781 1252 accinctae
819 1200 1140 1253 adsultabant
1186 1207 1240 1252 ut
1278 1202 1624 1254 sacrificantes
1663 1201 1747 1254 vel
1782 1200 2096 1255 insanientes

195 1304 245 1343 ιο
262 1293 520 1357 Bacchae3
581 1293 691 1359 ipsa
727 1294 869 1346 crine
906 1294 1041 1346 fluxo
1081 1294 1307 1361 thyrsum
1347 1295 1612 1361 quatiens,
1662 1294 1901 1362 iuxtaque
1942 1294 2096 1350 Silius

259 1383 453 1436 hedera
488 1385 718 1451 vinctus,
783 1402 967 1453 gerere
1019 1386 1325 1451 cothurnOS,
1384 1386 1556 1438 iacere
1610 1391 1788 1453 caput,
1842 1389 2098 1454 strepente

263 1477 453 1527 circum
489 1478 698 1543 procaci
750 1478 926 1528 chor0.
1016 1478 1202 1528 Ferunt
1237 1477 1454 1528 Vettium
1496 1477 1758 1528 Valentem
1794 1476 2008 1529 lascivia
2046 1475 2099 1528 in

260 1568 539 1634 praealtam
580 1568 814 1619 arborem
858 1568 1149 1632 connisum,
1198 1567 1630 1636 interrogantibus
1667 1567 1787 1634 quid
1825 1568 2098 1640 aspiceret,

264 1658 596 1724 respondisse
635 1663 982 1725 tempestatem
1022 1657 1083 1709 ab
1121 1658 1261 1711 Ostia
1302 1663 1562 1723 atrocem,
1609 1658 1721 1710 sive
1760 1659 2000 1726 coeperat
2039 1672 2099 1711 ea

198 1762 247 1800 1⁵
264 1749 483 1815 specieS,
521 1765 612 1801 seu
646 1749 778 1801 sorte
813 1749 955 1816 lapsa
985 1764 1088 1801 vox
1118 1749 1170 1799 in
1195 1749 1520 1816 praesagium
1546 1749 1713 1801 vertit.
1785 1749 1898 1801 Non
1925 1762 2101 1802 rumor
2114 1756 2185 1805 32

261 1841 475 1906 interea,
515 1840 606 1892 sed
649 1841 873 1907 undique
908 1841 1067 1891 nuntii
1105 1841 1363 1906 incedunt,
1405 1841 1488 1907 qui
1525 1856 1686 1908 gnara
1721 1839 1933 1892 Claudio
1971 1853 2101 1892 cun-

264 1936 343 1981 cta
393 1936 442 1982 et
494 1932 674 1982 venire
721 1936 1002 1997 promptum
1055 1931 1233 1982 ultioni
1285 1931 1560 1982 adferrent.
1635 1931 1794 1999 Igitur
1827 1931 2099 1984 Messalina

262 2020 586 2074 Lucullianos
638 2023 690 2073 in
730 2023 940 2088 hortOS,
1003 2023 1154 2075 Silius
1212 2023 1581 2075 dissimulando
1637 2006 1771 2075 metu
1823 2023 1887 2075 ad
1928 2022 2099 2076 muni-a

262 325 324 372 36
1012 317 1307 369 ANNAleM

380 2199 423 2242 2.
456 2198 667 2253 inpostum
699 2197 753 2239 M.
2010 2209 2103 2252 quas

261 2258 560 2311 superscripto
596 2257 743 2312 quibus
774 2254 853 2299 Ma.
1005 2257 1237 2312 fatentibus
1270 2255 1350 2309 Ma,
1383 2268 1471 2297 non
1503 2256 1788 2311 facientibus,
1822 2261 1870 2297 ut
1899 2261 2101 2298 narratur

261 2315 376 2371 apud
407 2316 674 2358 Bekkerum.
771 2317 948 2358 certium
967 2315 1047 2369 Ma,
1087 2318 1232 2358 licium
1266 2323 1474 2357 certatum
1508 2314 1556 2368 G,
1593 2322 1678 2357 tum
1710 2315 1907 2357 certatim
1937 2314 2101 2357 Puteo..

262 2375 403 2427 lanus,
438 2383 523 2417 tum
558 2381 821 2429 expunctum
850 2375 902 2416 ab
923 2375 1144 2418 Erne'stiO.
1218 2377 1258 2418 7.
1295 2382 1407 2418 auct.
1445 2374 1516 2417 Or.
1554 2375 1611 2416 cf.
1650 2375 1701 2417 11
1735 2376 1780 2417 4.
1815 2373 1850 2417 G
1880 2381 2100 2416 autumno.

259 2434 302 2476 8.
338 2435 584 2477 celebrabat
615 2434 695 2487 Ma,
728 2448 816 2476 non
851 2434 1051 2478 celebrat.
1122 2435 1278 2491 praela
1310 2433 1383 2477 Or.
1468 2435 1537 2477 10.
1569 2436 1664 2488 suso
1697 2433 1837 2477 Oxou.
1919 2435 1988 2476 11.
2024 2437 2102 2476 co}-

260 2501 410 2535 turnos
441 2493 524 2537 Ma.
619 2494 758 2550 capud
790 2493 906 2536 GMa.
997 2497 1064 2538 12.
1109 2495 1288 2537 Vettium
1320 2492 1399 2546 ma,
1433 2505 1521 2534 non
1562 2493 1764 2535 Vectium.
1861 2492 1928 2536 14.
1961 2492 2103 2535 hostia

259 2551 340 2593 Ma.
439 2555 506 2595 15.
543 2552 660 2594 lassa
692 2551 782 2594 Ma:
818 2553 851 2594 G
887 2553 1024 2609 lapsa.
1133 2555 1199 2596 17.
1235 2555 1445 2608 afferrent
1477 2551 1548 2594 Or.
1653 2552 1722 2594 18.
1753 2550 1989 2608 fuciliauos
2018 2550 2100 2605 Ma,

261 2610 513 2666 fucillianos
548 2611 603 2653 G:
642 2613 832 2653 correxit
864 2610 1122 2654 Beroaldus.
1216 2619 1329 2653 metu
1359 2610 1439 2664 Ma,
1471 2617 1625 2652 metum
1654 2610 1706 2652 Β.

881 2204 1117 2256 peontalur
1147 2196 1204 2238 G:
1233 2203 1456 2254 perennet.
1492 2195 1563 2239 Or.
1603 2196 1660 2239 cf.
1694 2195 1748 2238 ad
1778 2199 1808 2240 4
1841 2196 1910 2241 17.

265 2759 313 2794 ut
344 2752 450 2794 dicit
483 2752 706 2804 Heinsius,
741 2754 836 2795 sive
870 2752 930 2794 ibi
964 2764 1139 2808 quoque

262 2813 412 2866 abest,
448 2824 545 2854 cum
581 2811 777 2865 Ryckius
811 2818 979 2864 taceat,
1022 2818 1142 2853 certa

263 2873 519 2914 coniectura
543 2873 793 2913 restitutum
812 2871 1001 2913 videtur.
1034 2870 1142 2912 Nam

262 2944 348 2987 qno
412 2933 554 2971 minus
606 2931 880 2985 potissimum
943 2931 1142 2972 neutrius

268 2991 446 3047 generis
482 3002 580 3032 esse
615 2990 817 3031 credatur
860 2989 935 3045 (τὸ
980 2989 1142 3045 κράτι-

266 3065 381 3095 στον
413 3051 508 3093 τῶν
539 3048 777 3107 ἑταίρων),
811 3049 985 3091 obstant
1017 3048 1140 3090 Lati-

261 3110 377 3150 nitas
426 3115 470 3151 et
518 3120 622 3150 usus
665 3108 817 3151 Taciti.
878 3108 1141 3150 Provocavit

262 3168 514 3210 Waltherus
551 3167 605 3209 ad
636 3168 715 3210 XV
755 3169 810 3211 61
850 3168 922 3211 ubi
962 3168 1071 3209 haec
1113 3181 1142 3209 a

265 3228 434 3270 tribuno
482 3227 627 3269 relata
674 3235 795 3281 sunt,
854 3227 1056 3284 Poppaea
1103 3234 1141 3268 et

270 3287 479 3343 Tiyellino
515 3300 689 3339 coram,
724 3287 834 3341 quod
866 3294 962 3329 erat
997 3287 1140 3328 sae-vi-

263 3348 353 3388 enti
379 3347 572 3402 principi
610 3347 804 3387 intimum
836 3345 1141 3399 consiliorum,-

262 3411 354 3446 tum
388 3405 441 3446 ad
475 3404 521 3446 G.
556 3405 613 3447 35
646 3406 684 3446 si
713 3419 783 3446 res
809 3413 978 3461 poscat,
1012 3419 1141 3446 exer-

265 3466 387 3517 citus,
417 3463 650 3520 plurimum
680 3465 872 3506 virorum
914 3478 1142 3520 equorum-

266 3536 374 3577 que.-
424 3523 500 3564 sed
548 3522 628 3563 hos
680 3523 803 3565 locos
873 3524 986 3566 alius
1044 3536 1143 3566 esse

265 3582 443 3635 generis
478 3581 641 3622 clarum
675 3588 756 3625 est.
817 3581 986 3637 Nempe
1037 3583 1144 3625 inti-

262 3652 374 3679 mum
435 3639 599 3693 pendet
661 3654 685 3682 e
740 3653 853 3683 voce
921 3641 1146 3683 consilium

265 3709 404 3756 eaque
438 3711 493 3740 ex
527 3699 802 3743 consiliorum
843 3701 977 3746 facile
1017 3713 1144 3745 assu-

1225 2754 1356 2793 mitur
1411 2752 1513 2809 (der
1557 2757 1838 2794 verti-autesle
1883 2750 2098 2809 Beiram).

1228 2810 1462 2854 Plurimum
1504 2817 1648 2853 autem
1697 2817 1742 2853 et
1773 2810 2100 2867 significatione

1228 2876 1271 2912 et
1304 2884 1407 2913 casu
1439 2871 1711 2912 nominativo
1736 2869 1869 2912 facile
1890 2871 2101 2927 agnosci-

1228 2935 1296 2971 tur
1348 2932 1548 2987 regimen
1592 2943 1690 2973 esse
1731 2930 1925 2972 virorum
1969 2943 2101 2985 equo-

1227 3003 1416 3044 rumque.
1479 2989 1569 3032 Alii
1600 2989 1840 3046 potissimos
1869 2990 2100 3044 scripsere,

1227 3054 1274 3088 ut
1295 3062 1497 3104 quemque
1519 3049 1730 3091 adhibere
1747 3048 2100 3103 supersederent,

1225 3107 1304 3149 sed
1334 3120 1422 3149 non
1444 3107 1572 3149 simul
1600 3109 1841 3164 potissimos
1862 3108 2100 3150 amicorum

1226 3173 1408 3209 vocatos
1441 3180 1554 3219 esse,
1588 3167 1666 3209 sed
1695 3179 1829 3208 unum
1861 3172 1960 3221 post
1983 3166 2101 3209 alte-

1225 3239 1335 3278 rum,
1373 3227 1690 3282 subsequentia
1723 3225 1899 3270 docent.
1948 3225 2102 3282 ltaque

1227 3284 1359 3327 debet
1416 3299 1513 3327 esse
1573 3286 1837 3342 potissimum
1901 3298 2101 3340 quemque

1227 3345 1477 3387 amicorum.
1515 3358 1716 3400 quemque
1733 3343 1995 3387 vocabulum
2017 3342 2101 3384 ab-

1229 3411 1423 3458 sorptum
1489 3410 1556 3446 est
1617 3417 1696 3460 per
1760 3403 2099 3458 subsequentem

1229 3464 1445 3506 vocalem.

1322 3522 1466 3564 adulto
1499 3529 1700 3563 autumno
1732 3520 1820 3577 (bei
1842 3518 1976 3561 sehon
1995 3531 2100 3559 vor-

1230 3583 1475 3638 9erucktem
1522 3580 1745 3635 Herbste),
1789 3577 1832 3620 h.
1867 3591 1906 3620 e.
1948 3589 2100 3619 mense

1230 3640 1489 3692 Novembri3
1556 3652 1599 3681 v.
1653 3637 1707 3679 ad
1755 3635 1794 3678 11
1847 3637 1919 3681 23.
1981 3635 2101 3678 Haec

1231 3700 1368 3747 verba
1401 3710 1575 3743 causam
1609 3696 1849 3752 continent,
1884 3706 1960 3740 cur
1981 3695 2098 3743 Mes-
