2222 4022
261 271 440 319 XXXVI
1029 277 1298 323 PROOEMll

259 417 554 473 nascuntur.
630 422 944 474 Calidoniam
977 437 1101 473 vero
1138 422 1468 474 incolentibus
1511 422 1695 474 rutilae
1734 439 1932 489 comae,
1977 440 2096 476 cor-

254 527 393 578 pora
429 527 616 579 maqna
654 513 746 564 sed
773 512 944 579 fluida.
1021 514 1120 576 Qui
1180 515 1338 565 Gallis
1387 513 1498 564 sive
1533 514 1778 580 Hispanis
1815 515 2092 581 quibusque

258 603 581 654 attenduntur
619 604 869 655 assimiles
906 605 1302 666 (emendandum
1342 604 1619 686 quibusque
1651 605 2005 670 obtenduntur,
2045 612 2096 657 et

254 695 488 760 similes).
565 697 706 758 Quae
741 697 785 747 si
822 696 1152 768 conferantur
1188 712 1300 748 cum
1339 697 1462 764 ipsis
1509 698 1668 750 Taciti
1708 699 1988 766 Agricolae
2029 700 2092 751 12

254 790 304 839 et
341 788 402 839 11
439 787 611 839 verbis
639 793 698 853 ¹),
735 787 902 854 aliqua
942 803 1006 840 ex
1044 792 1186 854 parte
1224 789 1275 838 in
1305 788 1385 840 his
1423 788 1763 855 latitantibUS,
1819 790 2089 842 immutatis

252 878 464 930 mirifice
503 884 553 931 et
585 879 652 931 ita
683 879 874 945 auctis,
914 884 968 930 ut
1003 895 1156 932 verus
1192 886 1372 932 auctor
1393 881 1480 933 vix
1507 887 1830 949 agnoscatur,
1869 882 2089 934 dubitari

250 970 454 1037 nequit,
509 971 628 1037 quin
683 971 1022 1023 Cassiodorus
1059 972 1216 1023 Taciti
1254 972 1550 1040 Agricolam
1597 973 1758 1040 ipsum
1797 987 1900 1024 non
1939 973 2090 1025 adhi-

248 1062 441 1128 buerit,
481 1063 572 1115 sed
617 1063 767 1114 alium
805 1064 1104 1130 scriptorem
1142 1070 1346 1116 secutus
1384 1066 1474 1130 sit,
1534 1066 1618 1132 qui
1654 1065 1812 1117 relata
1849 1082 1878 1118 a
1912 1066 2087 1117 Tacito

251 1168 364 1205 cum
403 1154 516 1206 aliis
554 1155 933 1207 narrationibus
970 1156 1112 1207 varie
1153 1157 1400 1223 permixta
1439 1157 1752 1209 exhibuerat.

385 1246 600 1305 Posthac
637 1247 845 1314 longum
884 1247 1136 1314 altumque
1185 1247 1248 1299 de
1287 1248 1446 1299 Taciti
1485 1248 1627 1300 libris
1665 1248 1935 1300 silentium.
1998 1247 2086 1299 Ex
2101 1254 2170 1302 26

246 1337 897 1405 annalium'scriptoribUS,
950 1339 1034 1405 qui
1087 1338 1251 1390 media
1294 1344 1459 1391 aetate
1496 1340 1626 1407 apud
1677 1340 1829 1392 Italos
1866 1345 1916 1391 et
1954 1339 2086 1391 Ger-

244 1444 423 1482 manos
464 1430 625 1496 fuere,
665 1435 876 1497 excepto
914 1445 1035 1496 uno,
1073 1445 1222 1482 nemo
1244 1435 1263 1464 ²
1300 1431 1408 1483 eius
1445 1446 1651 1498 operum
1683 1432 1923 1499 reliquias
1958 1431 2085 1483 vidit

337 1626 375 1667 1.
430 1624 550 1668 Haec
590 1626 654 1668 sic
700 1638 748 1668 se
790 1624 978 1672 habent:
1028 1639 1117 1668 nox

243 1684 370 1726 clara
401 1692 441 1726 et
471 1693 663 1727 eoetrema
695 1687 956 1729 Britanniae
994 1694 1119 1742 parte

244 1744 396 1786 brevis.
440 1771 495 1778 —
543 1746 642 1788 Fert
686 1746 923 1788 Britannia
966 1760 1119 1787 aurum

240 1811 279 1845 et
296 1810 523 1859 arqentum
555 1812 593 1847 et
615 1804 708 1846 alia
724 1804 913 1858 metalla,
933 1806 1118 1862 pretium

237 1863 462 1906 victoriae.
514 1864 661 1920 qunit
692 1872 731 1907 et
764 1865 961 1907 Oceanus
992 1879 1115 1906 mar-

235 1924 398 1979 qarita.
446 1949 502 1957 —-
547 1949 602 1956 —
657 1923 805 1966 Solum
853 1951 908 1958 —
943 1926 1116 1981 patiens

228 1985 422 2039 frugum,
435 1983 680 2038 secundum.
722 1983 857 2026 Tarde
873 1986 1112 2038 mitescunt,

235 2042 318 2084 cito
357 2043 626 2099 proveniunt.
667 2068 724 2076 -
763 2044 940 2086 Rutilae
981 2045 1113 2087 Cale-

234 2101 408 2144 doniam
438 2102 724 2144 habitantium
758 2117 930 2156 comae,
967 2105 1115 2159 maqni

234 2169 355 2203 artus
398 2162 703 2205 Germanicam
747 2165 957 2219 oriqinent
988 2165 1114 2205 adse-

232 2228 399 2264 verant.
464 2221 655 2263 Silurum
716 2222 901 2265 colorati
958 2223 1111 2275 vultus,

233 2281 336 2322 torti
368 2279 617 2336 plerumque
670 2282 838 2333 crines,
888 2290 927 2324 et
970 2284 1113 2338 posita

233 2346 387 2381 contra
408 2340 622 2396 Hispania
642 2341 788 2382 Iberos
819 2349 983 2383 veteres
1015 2349 1111 2383 tra-

230 2400 381 2440 iecisse
418 2424 475 2432 —
503 2400 629 2452 fidem
670 2402 854 2455 faciunt.
919 2401 1112 2444 Proximi

233 2458 370 2500 Gallis
400 2465 439 2500 et
461 2458 620 2500 similes
649 2466 760 2501 sunt.
816 2459 940 2502 Adde
964 2462 1108 2505 c.10:

228 2531 362 2559 unum
411 2517 674 2571 addiderim,
721 2533 930 2573 nusquam
981 2520 1109 2563 latius

228 2577 445 2620 dominari
485 2592 629 2629 mare,
676 2578 850 2621 multum
891 2580 1109 2636 [luminum

226 2635 312 2678 hue
343 2644 468 2692 atque
501 2635 606 2679 illuc
635 2639 754 2692 ferre
792 2645 876 2681 cet.

315 2754 357 2797 2.
390 2752 528 2794 Erunt
559 2754 747 2797 fortasse
780 2756 853 2811 qui
885 2756 990 2797 mihi
1022 2769 1106 2811 op-

226 2818 396 2867 ponant
421 2812 742 2868 Freculphum,
793 2828 908 2856 nono
953 2816 1104 2858 seculo

225 2870 371 2913 medio
459 2874 714 2928 episcopum
782 2874 1104 2918 Lexoviensem

253 2930 482 2988 Lissieux)‚
516 2934 559 2973 in
583 2931 802 2974 Chronico
836 2947 915 2975 suo
948 2934 1014 2975 bis
1050 2949 1103 2977 ex

255 2989 462 3045 eperditis
494 2992 778 3033 Historiarum
814 2992 936 3034 libris
967 2993 1104 3036 Taciti

224 3049 360 3091 verba
403 3051 604 3093 attulisse
649 3054 776 3106 (tom.
823 3052 860 3096 ll
894 3051 971 3095 lib.
1005 3055 1033 3097 2
1063 3068 1100 3096 e.

222 3108 251 3152 6
283 3115 326 3150 et
370 3109 407 3151 11
445 3111 472 3153 3
513 3111 594 3167 3),
637 3111 752 3152 unde
795 3117 943 3165 pateat
984 3125 1100 3153 nono

223 3167 376 3210 seculo
410 3170 582 3226 integra
610 3171 809 3212 extitisse
828 3170 962 3212 Taciti
986 3173 1100 3213 scri-

221 3234 310 3281 pta.
351 3228 511 3270 Verum
545 3229 599 3271 ab
633 3243 684 3272 ea
702 3230 912 3284 opinione
941 3230 1099 3285 depel-

221 3286 385 3339 lemur‚
440 3288 704 3344 simulatque
748 3292 1098 3344 reputaverimus

221 3344 514 3400 Freculphum
545 3349 690 3402 priore
719 3348 818 3390 loco
840 3362 927 3390 non
956 3348 1096 3390 solum

220 3402 357 3446 Taciti
402 3406 534 3448 verba
585 3421 639 3449 ex
687 3407 817 3450 rebus
859 3409 1095 3450 Domitiani

221 3461 479 3517 deprompta
514 3471 557 3505 et
590 3480 627 3508 c.
649 3469 704 3510 22
733 3467 861 3509 liuius
881 3468 1094 3510 l'rooemii

220 3534 275 3563 ex
307 3521 463 3564 Oresio
496 3523 660 3576 relata,
705 3526 781 3567 sed
815 3533 952 3569 totum
985 3527 1095 3569 illud

220 3587 350 3636 caput
367 3587 537 3624 sextum
567 3588 610 3624 et
626 3585 886 3639 principium
901 3587 1092 3640 septimi,

219 3642 420 3698 exceptis
461 3642 661 3686 versibus
707 3645 860 3698 paucis
904 3658 1015 3701 quos
1047 3647 1092 3687 in

1152 2756 1320 2809 -118‚

1206 1627 1424 1682 principio
1475 1628 1589 1669 sexti
1637 1628 1791 1682 capitis
1848 1631 1981 1683 atque
2033 1628 2079 1669 in

1206 1687 1292 1728 fine
1329 1687 1492 1729 addidit
1524 1687 1702 1729 aliunde
1736 1692 1960 1742 sumptos,
1998 1701 2080 1730 ex-

1205 1746 1412 1800 cripsisse
1445 1761 1499 1788 ex
1533 1747 1675 1788 Orosii
1709 1746 1807 1788 libri
1845 1746 1918 1788 vll
1941 1761 1978 1789 c.
2007 1748 2075 1791 10.

1203 1804 1321 1847 Idem
1365 1805 1637 1861 Freculphus
1669 1804 1847 1848 alteram
1881 1804 2076 1849 Cornelii

1200 1864 1336 1908 Taciti
1384 1867 1651 1908 mentionem
1703 1865 1756 1908 ad
1795 1865 1975 1908 verbum
2022 1879 2076 1908 ex

1198 1923 1339 1966 Orosii
1374 1925 1485 1966 libro
1509 1924 1582 1967 Vll
1607 1939 1644 1967 e.
1670 1925 1723 1970 19
1755 1926 1798 1966 in
1825 1922 2074 1966 Chronicon

1196 1997 1320 2025 suum
1354 1985 1414 2026 ita
1445 1985 1635 2039 recepit,
1678 1991 1725 2026 nt
1755 1990 1893 2026 totum
1927 1983 2071 2027 Orosii

1198 2050 1325 2098 caput
1376 2045 1451 2097 19,
1502 2044 1705 2086 admixtis
1750 2043 1974 2086 nonnullis
2017 2057 2072 2086 ex

1194 2102 1406 2158 Eutropio
1440 2105 1590 2158 petitis
1622 2103 1853 2158 adoptarit.
1909 2103 1954 2145 Si
1987 2116 2071 2146 ve..

1195 2175 1287 2203 rum
1337 2169 1454 2205 esset
1494 2165 1611 2220 quod
1645 2163 1817 2217 Lipsius
1849 2161 1903 2204 ad
1933 2161 2069 2206 Taciti

1194 2221 1245 2263 H.
1285 2222 1320 2263 V
1352 2225 1379 2266 3
1410 2223 1562 2275 tradit,
1606 2236 1658 2264 ea
1689 2223 1824 2265 verba
1858 2223 1981 2264 citari
2015 2223 2068 2265 ab

1195 2280 1354 2323 Ottone
1390 2281 1693 2338 Frisingensi,
1731 2283 1805 2336 qui
1842 2281 2067 2323 historiam

1194 2353 1314 2382 suam
1341 2340 1510 2382 duobus
1555 2340 1678 2383 libris
1709 2340 1862 2382 seculo
1896 2340 2067 2383 duode-

1193 2401 1304 2441 cimo
1338 2403 1543 2455 scripsit,
1578 2413 1664 2441 non
1695 2401 1835 2454 ipsum
1871 2399 2063 2442 Tacitum

1191 2458 1268 2500 sed
1288 2459 1487 2502 Orosinm
1523 2458 1563 2515 (Ι
1594 2460 1670 2516 10)
1705 2459 1807 2501 huie
1840 2465 2063 2502 auctorem

1190 2518 1328 2561 fuisse
1351 2518 1685 2562 existimandum
1710 2524 1852 2572 esset;
1884 2519 1962 2561 sed
1980 2533 2064 2563 ve-

1189 2591 1282 2620 rum
1316 2592 1403 2620 non
1437 2585 1504 2621 est
1535 2577 1650 2633 quod
1678 2579 1868 2620 narravit
1891 2578 2062 2634 Lipsius

1189 2637 1402 2694 multique
1435 2638 1662 2693 pedisequi
1699 2644 1865 2680 temere
1892 2638 2062 2694 repeti-

1188 2704 1360 2751 verunt,
1396 2704 1439 2740 et
1458 2697 1558 2740 Otto
1584 2697 1878 2754 Frisingensis
1916 2711 2059 2754 neque

1370 2771 1498 2813 quem
1539 2757 1682 2798 locum
1715 2756 1886 2812 Lipsius
1918 2758 2061 2814 signi-

1187 2815 1360 2869 ficavit,
1411 2830 1553 2872 neque
1597 2815 1701 2857 alibi
1750 2816 1882 2858 ullam
1923 2815 2059 2859 'l‘aciti

1187 2877 1451 2918 mentionem
1485 2882 1558 2918 aut
1589 2874 1770 2917 verbum
1801 2876 1896 2918 eius
1929 2875 2060 2918 exhi-

1185 2934 1293 2978 buit.
1356 2935 1450 2977 Non
1482 2936 1622 2992 magis
1649 2934 1783 2976 Taciti
1818 2935 1953 2977 libros
1983 2948 2059 2978 se-

1185 2993 1285 3035 culo
1322 2995 1553 3036 undecimo
1608 3000 1798 3036 exeunte
1843 2993 2061 3037 lectitavit

1182 3052 1372 3095 Adamus
1402 3054 1676 3106 Bremensis,
1720 3065 1977 3108 quamquam
2011 3055 2055 3096 in

1184 3111 1313 3153 Gesta
1332 3113 1672 3169 numburgensis
1695 3111 1913 3154 ecclesiae
1942 3125 2056 3166 pon-

1181 3171 1344 3213 tificum
1379 3171 1395 3213 1
1429 3187 1466 3214 c.
1500 3171 1636 3215 6-8
1668 3170 1845 3227 (5-6)
1887 3173 2056 3226 recepit

1182 3243 1293 3286 quae
1314 3238 1483 3285 sumpta
1511 3237 1610 3273 sunt
1635 3244 1689 3272 ex
1713 3229 1850 3272 Taciti
1870 3231 2053 3272 Germa.

1181 3291 1257 3331 nia
1273 3304 1283 3331 :
1298 3304 1394 3331 nam
1414 3292 1508 3345 ipse
1523 3303 1600 3332 sua
1625 3304 1678 3331 ex
1698 3289 2050 3334 Translationes‚

1179 3349 1423 3391 Alexandri
1456 3352 1616 3404 scripta
1645 3348 1898 3391 aRuodolfo
1922 3362 2052 3404 quem

1179 3421 1404 3463 perperam
1416 3408 1681 3451 Einhardum
1701 3407 1908 3462 appellat,
1939 3408 2051 3448 hau-

1177 3469 1233 3509 sit
1278 3469 1436 3511 omnia.
1503 3469 1630 3510 Conf.
1679 3466 1839 3508 Pertzii
1893 3466 2050 3508 Monu-

1178 3534 1326 3570 menta
1374 3527 1630 3570 Germaniae
1676 3526 1884 3567 historica
1926 3529 1956 3566 t.
1990 3525 2048 3567 lx

1175 3599 1276 3644 pag.
1318 3587 1420 3631 285.
1483 3586 1633 3642 Neque
1686 3583 1822 3626 ullum
1873 3595 2046 3626 versum

1175 3659 1229 3687 ex
1284 3647 1460 3701 scriptis
1509 3645 1603 3688 eius
1655 3642 1808 3686 habuit
1861 3641 2046 3687 loannes
