2280 4004
110 823 503 879 30delationem
539 823 728 882 subire.

196 315 302 364 ao.
337 317 433 373 48,-

781 316 947 361 LIBER
977 316 1049 365 XI.
1112 315 1221 369 Cn.
1248 315 1443 369 228—31.
1958 316 2018 362 35

194 474 347 514 mone
376 460 656 528 praesciam
685 461 915 518 criminis·
934 465 983 513 et
1011 460 1326 515 accusatoris
1365 459 1586 517 faceret:
1617 457 1727 525 ipse
1761 457 1830 515 ad
1861 471 2020 513 occa-

196 551 372 603 siones
409 552 646 617 intentus,
681 551 836 619 longa
875 551 1004 618 apud
1044 551 1235 604 Ostiam
1274 549 1509 602 Caesaris
1546 564 1705 616 mora,
1748 548 1874 604 duas
1907 548 2022 615 pel-

196 641 352 708 liceS,
417 657 625 710 quarum
673 643 717 694 is
769 642 971 709 corpori
1006 641 1223 699 maxime
1262 642 1582 705 insueverat,

1645 639 1918 708 largitione
1959 654 2020 691 ac

194 732 476 800 promissis,
519 739 568 786 et
594 748 756 789 uxore
786 734 983 785 deiecta
1020 733 1128 799 plus
1163 734 1419 799 potentiae
1446 731 1767 797 ostentand0‚
1806 730 2022 798 perpulit

819 824 948 881 Exin
987 823 1253 890 Calpurnia
1303 823 1382 886 [id
1431 822 1598 888 pellici
1634 828 1879 888 nomen),

1933 821 2019 874 ubi
2034 833 2058 873 5

196 916 367 968 datum
404 919 686 980 secretum,
723 916 939 982 genibus
977 916 1211 968 Caesaris
1249 915 1513 980 provoluta
1554 915 1788 981 nupsisse
1822 915 2022 968 Messa-2-

191 1006 350 1066 linam
377 1005 501 1062 Silio
531 1005 796 1061 exclamat.

872 1005 1026 1058 Simul
1057 1006 1390 1071 Cleopatram,
1433 1020 1562 1071 quae
1585 1005 1719 1060 idem
1753 1005 2023 1071 opperiens

193 1097 457 1161 adstabat,
537 1111 601 1147 an
656 1095 990 1162 comperisset
1055 1097 1361 1164 interrogat,
1428 1100 1576 1162 atque
1633 1095 1717 1147 illa
1771 1095 2024 1147 adnuente

193 1188 321 1241 cieri
342 1188 645 1240 ⁴Narcissum
682 1187 916 1252 postulat.

1011 1187 1058 1237 Is
1096 1187 1297 1239 veniam
1349 1187 1402 1237 in
1452 1186 1776 1252 praeteritum
1827 1190 2022 1252 petenS,

193 1275 332 1345 quod
373 1275 420 1328 ei
462 1276 536 1327 cis
578 1276 802 1340 Vettios,
867 1274 941 1328 cis
978 1274 1197 1329 Plautios
1235 1274 1685 1340 dissimulavisset,
1750 1291 1847 1327 nec
1887 1292 2088 1332 nuncio

194 1366 444 1420 adulteria
494 1365 807 1419 obiecturum
853 1366 948 1431 ait,
1004 1367 1189 1417 nedum
1238 1366 1447 1417 servitia
1496 1370 1545 1418 et
1595 1371 1794 1418 ceteros
1860 1366 2026 1418 fortu-

195 1471 293 1508 nae
329 1460 534 1524 paratus
583 1459 895 1523 reposceret.

994 1455 1264 1506 Frueretur
1314 1455 1466 1506 immo
1516 1455 1624 1521 his,
1682 1462 1731 1509 et
1785 1457 2030 1511 redderet

195 1561 406 1601 uxorem
438 1551 791 1613 rumperetque
821 1545 1017 1598 tabulas
1051 1545 1316 1612 nuptiales.

1411 1545 1513 1598 ‘An
1552 1547 1836 1601 discidium’
1868 1549 2031 1615 inquit

187 1626 345 1704 ‘tuum
390 1638 566 1695 nosti?
633 1639 759 1691 Nam
807 1637 1179 1690 matrimonium
1225 1637 1333 1691 Silii
1388 1638 1514 1690 vidit
1560 1639 1772 1706 populus
1833 1645 1884 1692 et
1941 1655 2030 1692 se·-

197 1735 343 1787 natus
383 1735 432 1782 et
492 1729 671 1794 miles3
730 1746 792 1781 ac
836 1730 887 1780 ni
924 1745 1143 1796 propere
1184 1729 1326 1797 agiS,
1378 1734 1516 1784 tenet
1552 1730 1729 1784 urbem
1780 1731 2024 1784 maritus!
2042 1739 2091 1778 ¹⁵

114 1829 180 1878 31
192 1822 320 1879 Tum
356 1821 671 1891 potissimum
723 1835 971 1888 quemque
1024 1820 1301 1872 amicorum
1359 1825 1535 1885 vocat3
1591 1821 1906 1888 primumque
1951 1822 2030 1874 rei

323 1977 360 2019 1.
394 1981 668 2017 accusatores
696 1973 777 2017 Ma.

195 2028 298 2093 'pori
326 2033 415 2077 1³.
447 2034 695 2091 corporibus
727 2034 778 2075 B.

873 1977 915 2019 2.
950 1974 1131 2016 hostiam
1163 1975 1324 2016 cesaris
1348 1972 1428 2016 Ma.

1518 1974 1677 2029 pelices
1708 1973 1788 2016 Ma.
1851 1975 1894 2017 3.
1930 1988 2032 2017 cor-

865 2035 908 2077 4.
938 2035 1132 2090 potentia
1163 2047 1232 2075 eos
1262 2033 1464 2088 tepeando
1496 2032 1577 2086 Ma,
1604 2034 1797 2089 potentia
1829 2046 1903 2075 eas
1934 2041 2032 2076 ten-

204 2094 334 2136 tando
367 2092 415 2136 G.
502 2093 687 2149 perculit
718 2091 807 2135 Ma.
842 2094 1032 2134 correxit
1064 2093 1344 2134 Puteolanus.
1439 2093 1481 2133 5.
1518 2094 1629 2134 emim
1657 2105 1708 2147 pr
1739 2090 1820 2134 Ma.
1898 2092 2034 2148 pelici

202 2152 284 2202 Ma.
405 2151 447 2201 6.
495 2152 672 2208 qenibus
714 2153 918 2194 Caesaris
958 2150 1219 2204 GM³‚11011
1263 2152 1466 2192 Caesaris
1502 2165 1598 2206 qen.
1720 2151 1764 2194 8.
1811 2164 1915 2197 ann.
1949 2150 2030 2193 Ma.

208 2213 276 2256 10.
312 2212 353 2253 ei
402 2211 463 2252 cis
496 2212 665 2254 uelticis
700 2209 866 2268 plautio
900 2209 990 2252 Ma.
1044 2210 1292 2253 emendavit
1325 2209 1584 2253 Gronovius.
1659 2213 1662 2215 ’
1748 2209 2036 2252 dimulavisset

205 2269 284 2315 Μ’.
408 2270 476 2312 11.
507 2270 662 2312 nedum
694 2270 859 2313 editor:
894 2270 1068 2312 codices
1100 2284 1154 2312 ne
1186 2270 1366 2312 domum.
1491 2271 1559 2312 12.
1593 2269 1661 2323 iis,
1698 2269 1773 2311 sed
1786 2269 2030 2315 Ernestius.

209 2331 293 2399 13..
311 2329 534 2399 discidium
565 2332 673 2388 (non
703 2330 940 2386 dissidium)
973 2328 1056 2373 Ma.

200 2395 476 2446 potissimum.

296 2510 451 2555 nedum
481 2534 538 2542 -—
569 2515 836 2567 reposceret:
868 2510 993 2552 vafer
1017 2509 1076 2551 li-

205 2569 356 2612 bertus
387 2569 596 2624 paulatim
631 2570 864 2627 insurgens
884 2569 1077 2627 indignis

208 2629 327 2671 addit
368 2627 641 2684 indigniora,
689 2635 732 2670 et
778 2630 959 2671 crimina
990 2641 1077 2670 non

207 2687 383 2745 singula
403 2693 621 2739 recenset,
656 2688 785 2729 immo
811 2690 934 2744 quasi
959 2687 1078 2730 aliud

208 2752 344 2803 agens
378 2753 423 2790 et
454 2747 611 2790 iudicis
643 2753 788 2800 partes
819 2747 1077 2789 assimulans

208 2807 435 2861 inopinato
450 2807 622 2860 premit,
637 2811 684 2848 ut
704 2807 893 2847 animum
908 2805 1078 2848 Claudii

209 2864 495 2908 admiratione
552 2870 596 2906 et
649 2870 828 2918 stupore
885 2865 1078 2919 impleat.

209 2922 450 2965 'l'heodioce
475 2923 799 2977 interpreteris:
826 2923 940 2966 auch
960 2924 1081 2965 moue

211 2996 261 3024 er
284 2983 390 3034 ,idm
407 2981 525 3024 nicht
542 2982 800 3025 Rhebi-eche
824 2986 1079 3039 conversan,

211 3040 472 3096 yaesebweiye
526 3041 625 3083 dass
684 3055 732 3083 er
782 3041 947 3083 mmm
993 3042 1084 3083 uml

211 3100 428 3155 mundym
486 3100 686 3155 Hofstaae
741 3101 1083 3155 suffickforderu

213 3157 349 3200 sonte.
399 3156 484 3200 Sed
516 3165 563 3201 nt
592 3158 706 3202 iia-ec
734 3161 953 3202 sententia
979 3173 1083 3202 sana

215 3223 261 3259 et
291 3218 404 3260 iusta
435 3218 651 3271 prodiret,
692 3218 804 3260 falsa
852 3225 998 3262 antem
1043 3224 1087 3259 et

215 3288 350 3330 prave
379 3275 433 3318 de
460 3275 558 3318 loeo
589 3283 851 3330 moveretur,
875 3289 952 3331 pro
983 3276 1087 3319 vul-

215 3340 320 3391 gato
357 3347 413 3377 ue
444 3334 609 3377 domum
638 3334 962 3377 rescribendum
996 3341 1088 3376 erat

214 3393 395 3436 nedum.-
423 3393 596 3435 domum
629 3395 742 3436 euim
763 3393 899 3435 Silius
922 3406 946 3435 a
968 3394 1086 3435 Mes..

218 3452 358 3495 salina
390 3464 477 3492 non
513 3458 759 3506 acceperat,
793 3451 870 3494 sed
900 3451 1012 3494 haec
1042 3453 1085 3494 in

219 3511 320 3555 Silii
355 3510 527 3553 domum
558 3523 711 3553 servos
752 3510 960 3563 libertos,
1010 3523 1091 3564 pa..

219 3575 338 3613 mm
389 3570 598 3624 principis
652 3568 933 3611 transtulerat
973 3570 1090 3626 (cap.

226 3630 331 3685 22),
380 3628 570 3685 denique
604 3630 697 3683 ipsa
729 3629 783 3670 ad
812 3627 937 3671 illum
974 3637 1092 3670 nova

208 3688 389 3730 -eoninx
427 3689 658 3731 transierat
699 3691 761 3745 (c.
801 3688 857 3733 27
901 3692 945 3730 et
992 3687 1090 3747 35).

1211 2330 1278 2372 16.
1307 2329 1571 2387 potissimum
1603 2342 1802 2385 quemque
1833 2328 1896 2373 A:
1932 2327 2035 2373 GMa

1160 2511 1199 2552 A
1219 2509 1367 2551 'Facito
1401 2521 1487 2551 non
1509 2507 1711 2552 dissentit
1728 2509 1811 2555 Dio
1840 2508 2032 2566 Cassius,

1163 2569 1262 2612 dum
1296 2569 1367 2611 LX
1402 2570 1456 2612 31
1491 2569 1667 2611 scribit:
1702 2572 1860 2616 οἰκιαν
1901 2570 2029 2628 αὐτῷ

1165 2627 1298 2684 (Silio
1330 2627 1587 2685 Messalina)
1610 2622 1885 2698 βασιλικην
1927 2632 2035 2688 ἐχα-

1166 2693 1347 2747 oleato,
1381 2690 1539 2731 πάντα
1568 2704 1625 2731 τα
1656 2689 1913 2747 τιμιώτατα
1940 2705 2036 2735 των

1166 2749 1247 2791 τοῦ
1278 2748 1520 2791 Κλαυδίου
1560 2750 1806 2802 κειμηλίων
1841 2761 2034 2817 συμφρ-

1166 2807 1353 2860 ρήσασα
1387 2809 1435 2855 ἐς
1464 2806 1636 2860 αὐτήν.
1676 2806 1887 2863 intelligit
1920 2809 2036 2848 enim

1166 2865 1339 2906 domum
1384 2865 1481 2908 Silii
1522 2865 1785 2907 Messalinae
1833 2866 1960 2907 donis
1991 2868 2036 2907 in

1165 2926 1329 2980 regiam
1350 2924 1619 2978 opulentiam
1645 2925 1842 2966 ditatam.
1880 2924 2037 2973 Forma

1165 2984 1333 3025 domum
1364 2997 1419 3025 ex
1452 2983 1548 3024 dum
1578 2990 1679 3026 nata
1712 2989 1794 3036 est,
1830 2995 1882 3026 eo
1921 2983 2037 3039 quod

1167 3042 1369 3084 librarius
1394 3044 1438 3083 in
1462 3043 1557 3084 dum
1572 3042 1738 3098 aliquid
1763 3049 1893 3083 notae
1912 3055 2036 3084 eom-

1167 3102 1420 3155 pendiariae
1453 3115 1500 3142 se
1533 3100 1684 3143 videre
1717 3101 1908 3154 putabat.

1252 3161 1329 3201 ‘aa
1362 3160 1594 3201 discidium'
1627 3160 1765 3212 inquit
1796 3158 1925 3200 ‘tuum
1954 3170 2038 3198 uo-

1175 3217 1277 3259 sti?'
1309 3218 1352 3262 h.
1388 3231 1427 3260 e.
1458 3231 1511 3258 an
1543 3223 1616 3258 tua
1646 3216 1871 3259 voluntate
1903 3216 2040 3257 disci..

1177 3276 1293 3317 dium
1326 3277 1486 3317 factum
1522 3276 1624 3319 est?
1675 3275 1788 3317 Oder
1817 3276 1958 3316 weisst
1986 3274 2043 3315 du

1174 3348 1244 3376 um
1262 3334 1384 3375 deine
1396 3333 1757 3389 Ekeaecheiduny?
1789 3334 1880 3375 Hoc
1900 3335 2040 3387 ipsum

1176 3406 1251 3435 cur
1265 3392 1506 3434 verisimile
1523 3392 1605 3434 sibi
1623 3392 1837 3444 videatur,
1849 3404 2042 3446 sequen-

1175 3451 1291 3493 tibus
1324 3451 1545 3506 eloquitur
1571 3451 1767 3493 libertus.
1800 3451 1921 3493 Bene
1945 3461 2043 3492 mo-

1174 3510 1271 3551 nuit
1302 3510 1567 3552 Waltherus.

1267 3567 1370 3622 Cap.
1403 3569 1476 3611 31.
1534 3569 1798 3625 potissimum
1843 3581 2045 3623 quemque

1176 3629 1438 3670 amicerum.-
1482 3641 1680 3683 uicemque
1712 3630 1756 3669 in
1793 3629 1954 3670 ceteris
1985 3627 2045 3669 li-

1177 3688 1268 3732 bris
1309 3687 1515 3733 omissum
1554 3688 1653 3733 sive
1700 3689 1744 3730 in
1782 3687 1822 3732 A
1868 3686 2045 3745 legitur,
