2280 4004
194 308 306 379 ac.
328 310 413 356 14.
435 346 440 350 .
804 307 970 358 mssER'
997 310 1031 356 1.
1096 312 1204 357 cn.
1237 313 1427 357 36-38.

1957 305 2016 354 48

195 473 403 514 cessere
445 460 670 527 quintani
719 460 1268 530 unetvicesimanique,
1321 459 1488 511 donec
1521 457 1685 509 isdem
1723 455 1776 508 in
1809 454 2018 509 aestivis

198 557 458 625 contracta
516 568 581 605 ex
629 552 818 605 viatico
872 552 1147 604 amicorum
1205 551 1475 618 ipsiusque,
1520 546 1756 601 Caesaris
1803 546 2019 615 pecunia
2229 544 2250 585 '-

196 642 591 710 persolveretur.
662 643 873 694 Primam
906 658 968 694 ac
993 643 1287 694 vicesimam
1305 641 1541 709 legiones
1569 638 1788 691 Caecina
1823 637 2020 704 legatus

199 735 251 785 in
291 735 544 786 civitatem
570 734 810 786 Ubiorum
846 735 1064 800 reduxit,
1102 734 1234 801 turpi
1273 733 1492 801 agmine,
1531 747 1642 782 cum
1671 729 1781 782 fisci
1822 727 1887 781 de
1924 728 2022 781 im·-

197 830 436 892 peratore
470 826 599 891 rapti
641 826 773 877 inter
808 827 954 896 signa
994 827 1224 895 interque
1263 825 1457 894 aquilas
1493 824 1816 877 veherentur.
1892 820 2060 872 Ger-⁵

199 916 428 969 manicus
474 918 788 986 superiorem
842 918 906 971 ad
956 919 1232 971 exercitum
1275 917 1570 984 profectus,
1649 912 1925 968 secundam
1974 916 2024 965 et

116 1042 118 1044 »
199 1000 399 1062 tertiam
435 1009 697 1062 decumam
735 1015 785 1062 et
815 1015 1008 1062 sextam
1029 1010 1292 1061 decumam
1329 1008 1563 1075 legiones
1599 1006 1724 1057 nihil
1764 1008 2023 1057 cunctatas

201 1105 523 1154 sacramento
585 1101 763 1168 adigit.
870 1099 1329 1163 Quartadecumani
1389 1099 1590 1165 paulum
1643 1097 2023 1148 dubitaverant:

200 1192 414 1258 pecunia
453 1197 502 1243 et
541 1193 716 1244 missio
757 1193 982 1259 quamvis
1020 1206 1124 1242 non
1164 1190 1505 1258 flagitantibus
1547 1189 1715 1240 oblata
1751 1192 1843 1239 est.

339 1283 406 1335 At
442 1284 494 1333 in
517 1284 735 1335 Chaucis
775 1288 1077 1349 coeptavere
1110 1281 1412 1334 seditionem
1442 1278 2092 1355 praesis}iUQQgitaWPEJ‘)

201 1373 452 1425 vexillarii
490 1375 801 1427 discordium
840 1374 1128 1443 legionum,
1188 1379 1237 1427 et
1270 1373 1529 1442 praesenti
1566 1372 1779 1423 duorum
1820 1370 2029 1422 militum

202 1466 448 1532 supplicio
483 1467 682 1535 paulum
703 1467 927 1533 repressi
964 1471 1094 1518 sunt.
1150 1466 1372 1518 Iusserat
1395 1465 1444 1515 id
1476 1463 1707 1518 Mennius
1744 1468 2030 1516 castrorum

201 1556 506 1624 praesectuS‚
546 1558 684 1610 bono
709 1558 872 1627 magis
911 1557 1140 1624 exemplo
1178 1569 1326 1624 quam
1360 1569 1612 1608 concesso
1642 1555 1770 1606 iure.
1831 1553 2030 1607 Deinde

116 1276 188 1325 38

326 1722 365 1762 1.
389 1721 663 1774 quintaniunt
694 1721 1087 1775 etuicessimanique
1106 1720 1146 1762 M
1169 1721 1275 1776 (non
1296 1719 1781 1773 untetvicesimanique).
1833 1717 1954 1759 istem
1975 1715 2030 1759 M.
2079 1767 2083 1770 ζ

207 1780 249 1833 3.
282 1780 547 1822 vicessimam
565 1780 620 1821 M.
681 1780 724 1823 8.
759 1780 1130 1834 quartadecimani
1150 1792 1264 1821 nunc
1286 1780 1341 1821 M.
1409 1779 1477 1824 10.
1501 1781 1564 1834 at]
1601 1777 1657 1821 ad
1680 1777 1734 1822 Μ.
1801 1777 1868 1819 12.
1903 1775 2032 1818 Men-

206 1839 323 1895 nius]
357 1838 543 1880 fortasse
576 1839 661 1881 fuit
694 1839 908 1881 Maenius.
973 1838 1175 1881 Mennius
1214 1838 1361 1880 nullus
1401 1838 1515 1892 apud
1557 1836 1812 1888 Gruterum,
1863 1833 2033 1879 Menius

207 1909 319 1940 unus
351 1911 393 1955 p.
416 1898 475 1945 40
507 1899 556 1943 7:
591 1898 652 1942 M.
672 1898 844 1942 Ennius
869 1899 1077 1943 Heinsius
1109 1899 1315 1952 coniecit,
1349 1910 1500 1955 parum
1532 1896 1835 1953 probabiliter.

207 2043 368 2088 vexilla
412 2043 669 2086 delectorum
716 2057 769 2084 ex
816 2043 991 2099 Illyrico
1040 2052 1080 2086 et

210 2103 415 2159 Aeqypto,
446 2104 477 2143 i.
505 2117 543 2144 e.
578 2103 848 2159 legionarios
881 2102 1081 2145 delectos

213 2175 267 2203 cx
299 2162 477 2216 illyrico
512 2168 555 2203 et
585 2162 805 2218 Aegypto.
869 2162 921 2203 H.
942 2160 980 2202 ΙΙ
1005 2163 1080 2205 18:

1163 2043 1327 2099 ligeret.
1405 2043 1457 2084 A.
1495 2042 1574 2085 18:
1619 2041 1933 2095 contractisque
1968 2039 2033 2082 le.-

1161 2104 1336 2158 9ionum
1364 2101 1531 2143 vexillis
1574 2109 1613 2143 et
1645 2101 1815 2142 modica
1844 2100 2036 2141 aurilio-

1163 2175 1258 2203 rum
1288 2175 1433 2204 manu.
1493 2161 1745 2217 Legionarii
1778 2162 1862 2201 iam
1897 2173 2035 2201 exau..

214 2227 376 2262 certum
407 2227 502 2262 erat
534 2222 782 2277 Spurinnae
817 2245 873 2252 —
903 2221 1084 2263 necdum

212 2280 376 2322 venisse
401 2279 636 2322 Caecinam
654 2304 711 2313 --
727 2294 808 2322 nec
843 2280 921 2322 tris
945 2294 1082 2336 prae-

214 2339 348 2381 torias
387 2338 580 2381 cohortes
621 2346 659 2382 et
689 2338 805 2381 mille
833 2338 1084 2382 vexillarios

216 2398 437 2453 (delectos
480 2412 504 2439 e
549 2398 753 2455 legione)
797 2412 892 2440 cum
932 2400 1084 2454 paucis

215 2458 419 2512 equitibus
439 2465 642 2499 veterano
665 2459 874 2499 eaeercitui
899 2458 1081 2500 obicere.

217 2530 254 2558 c.
303 2517 384 2559 24:
441 2517 595 2559 tertiae
647 2517 850 2559 decumae
906 2516 1085 2574 leyicnis

216 2574 417 2617 vexillum
455 2577 547 2633 (ein
579 2576 977 2631 Fahnleinshaufen
1008 2577 1085 2619 der

219 2635 348 2676 13een
370 2634 566 2694 Leyion),
593 2642 792 2690 quattuor
821 2636 1086 2680 aua-iliorum

219 2693 411 2735 cohortes
444 2701 484 2736 et
514 2696 733 2750 quinqenti
767 2695 940 2749 equites.
1003 2695 1083 2738 66:

218 2752 498 2794 Bedriacensi
526 2755 621 2796 acie
652 2753 892 2795 vexillariis
922 2762 1086 2796 tantum

214 2810 376 2866 pulsis,
410 2813 523 2853 vires
553 2813 733 2868 legionis
762 2826 850 2853 non
880 2813 1083 2869 adfuisse.

217 2869 303 2912 83:
345 2869 456 2925 leyio
486 2879 607 2912 sea-ta
642 2879 682 2913 et
715 2871 916 2913 tredecim
945 2873 1085 2914 vezil-

219 2926 428 2969 lariorum
445 2929 579 2970 milia.
625 2931 705 2973 892
729 2937 929 2983 quattuor
949 2931 1086 2986 legio-

220 2998 323 3035 num
352 2988 522 3041 aquilae
554 3002 634 3043 per
664 2991 871 3043 frontem,
917 2991 1088 3032 totidem

222 3044 343 3085 circa
361 3060 384 3087 e
403 3046 637 3102 legionibus
651 3047 750 3089 aliis
765 3047 940 3090 vexilla.
976 3051 1085 3093 100:

220 3103 379 3145 vexilla
407 3114 599 3160 quartae,
637 3113 782 3148 sextae
814 3107 1015 3149 decumae
1047 3117 1087 3150 et

221 3163 392 3216 quintae
423 3165 624 3207 decumae
654 3165 892 3221 hythmum,
936 3167 1009 3208 ubi
1042 3181 1084 3209 v.

221 3227 367 3263 annot.
463 3224 513 3265 Η.
558 3224 613 3266 ln
657 3227 737 3268 22:
786 3239 880 3266 cum
919 3226 1087 3267 cea-illis

221 3293 361 3321 nonae
417 3284 709 3337 secundaeque
763 3289 803 3324 et
861 3285 1087 3325 vicesimae

224 3339 575 3381 Britannicarum
631 3341 856 3395 legionum.
952 3342 1087 3383 Iidem

221 3396 440 3438 vexillarii
477 3400 604 3439 trium
636 3400 989 3441 Britannicarum
1022 3401 1087 3440 le-

220 3458 393 3511 9iomun
417 3457 515 3498 Η.11
538 3460 620 3500 100
641 3458 916 3510 appellantur
935 3465 977 3499 ct
992 3459 1039 3499 Η.
1054 3458 1089 3498 ΙΙ

222 3516 275 3558 57
309 3530 329 3555 e
348 3516 601 3557 Britannico
636 3515 799 3557 delectu
828 3524 921 3556 octo
952 3516 1086 3557 milia.

223 3574 274 3615 H.
297 3573 352 3615 ln
376 3574 461 3617 48:
491 3583 537 3617 ut
569 3574 818 3617 vaccatarias
850 3589 871 3615 e
905 3575 1088 3630 leyioni—

224 3633 296 3675 bus
338 3634 417 3690 (εἴ.
460 3649 498 3676 c.
531 3636 592 3678 50
629 3649 650 3676 e
695 3633 930 3690 leyionibus
970 3634 1087 3690 lecti)

225 3691 448 3750 ducemque
488 3694 678 3739 Virdium
710 3695 921 3751 yeminum
938 3719 992 3728 --
1011 3695 1087 3737 de·-

1166 2222 1322 2262 ctorati
1354 2220 1433 2262 sed
1450 2220 1529 2262 sub
1550 2220 1717 2262 vexillo
1734 2219 1895 2261 retenti
1930 2220 2034 2260 item

1164 2287 1265 2322 sunt
1302 2279 1547 2331 vexillarii,
1605 2279 1683 2321 sed
1725 2279 1770 2320 hi
1813 2280 2035 2332 proprium

1165 2352 1306 2398 genus
1331 2339 1662 2382 vexillariorum
1681 2340 1943 2395 (veteranos)
1965 2337 2036 2379 ef-

1165 2399 1331 2452 ficiunt,
1365 2398 1419 2440 de
1453 2411 1538 2454 quo
1572 2398 1745 2439 locutus
1780 2403 1846 2439 est
1863 2396 2036 2438 Tacitus

1164 2458 1182 2500 I
1204 2459 1285 2503 26:
1318 2472 1372 2500 ne
1403 2459 1599 2500 veterani
1629 2457 1703 2499 sub
1724 2455 1879 2499 vexillo
1901 2456 2036 2498 habe-

1165 2525 1331 2560 rentur.
1399 2517 1481 2560 36:
1515 2517 1796 2559 exauctorari
1830 2517 1900 2570 qui
1933 2529 2038 2558 sena

1166 2578 1280 2619 dena
1290 2577 1507 2632 fecissent,
1520 2591 1575 2619 ac
1588 2577 1769 2618 retineri
1777 2575 1851 2617 sub
1863 2575 2036 2618 vexillo.

1164 2636 1249 2680 39:
1297 2637 1571 2691 veterani-que
1618 2650 1756 2692 nuper
1804 2636 1922 2678 missi
1964 2634 2038 2678 sub

1166 2695 1322 2738 vexillo
1349 2695 1608 2737 hiemabant.
1656 2695 1712 2736 ΙΙΙ
1735 2696 1814 2739 21:
1839 2693 2040 2736 veaeittum

1166 2764 1468 2798 veteranorum
1485 2769 1572 2796 non
1599 2755 1781 2811 amplius
1805 2754 2037 2809 quinqenti.

1170 2814 1437 2857 Vexillarios
1471 2830 1523 2856 ex
1544 2814 1785 2856 cohortibus
1806 2813 2039 2869 praetoriis

1169 2874 1427 2916 offendimus
1461 2874 1511 2916 H.
1529 2873 1684 2918 11121:
1711 2873 2040 2930 praetorianum

1167 2933 1369 2975 vexillum
1376 2934 1619 2989 proximum
1644 2933 1863 2985 tertianis,·
1880 2930 2041 2974 vex-illa

1171 2994 1353 3047 equitum
1381 2994 1659 3034 nominantur
1703 2992 1754 3034 H.
1778 2991 1815 3033 ll
1839 2994 1907 3043 11,
1928 2990 2038 3033 adeo

1168 3051 1391 3093 vexillarii
1435 3066 1455 3092 e
1498 3051 1739 3093 cohortibus
1771 3051 2038 3106 (sociorum)

1170 3111 1221 3152 ll.
1256 3110 1312 3151 111
1343 3112 1385 3162 6,
1420 3112 1549 3152 etiam
1584 3112 1674 3152 n.1
1707 3112 1763 3153 70
1791 3111 2039 3166 praemissis

1170 3195 1222 3201 —
1274 3170 1583 3210 Germanorum
1620 3169 1788 3210 vexillis
1832 3183 1926 3209 cum
1966 3167 2040 3209 ala

1170 3226 1362 3279 Petrina,
1396 3228 1615 3282 iidemque
1641 3228 1740 3268 lecti
1759 3242 1782 3268 e
1800 3226 2040 3268 cohortibus

1171 3284 1222 3325 H.
1240 3284 1277 3326 11
1298 3287 1366 3337 14,
1392 3292 1612 3339 postremo
1633 3285 1833 3327 veoeillum
1855 3286 2040 3326 tironum

1169 3342 1295 3385 1178.
1359 3344 1510 3398 Neque
1543 3357 1648 3385 vere
1670 3357 1814 3399 neque
1847 3343 2039 3386 dilucide

1171 3401 1225 3441 de
1259 3402 1500 3442 vexillariis
1524 3404 1726 3455 exposuit
1747 3403 1916 3457 Lipsius
1951 3409 2038 3444 tuni

1172 3459 1224 3499 ‹le
1258 3460 1410 3500 Militia
1444 3461 1566 3502 Rom.
1602 3461 1615 3501 Ι
1648 3462 1677 3503 8
1709 3469 1752 3502 et
1788 3463 1822 3504 V
1849 3462 1914 3513 19,
1949 3469 2037 3503 tuni

1172 3517 1225 3557 ad
1256 3517 1390 3559 Taciti
1422 3520 1614 3561 Annales
1647 3519 1663 3560 1
1701 3522 1766 3573 17,
1802 3535 1928 3577 quein
1964 3535 2037 3562 sc-

1173 3582 1296 3618 cutus
1311 3577 1533 3620 Walchius
1557 3579 1610 3620 ad
1629 3581 1879 3634 Agricolam
1891 3586 1950 3637 (c.
1970 3580 2040 3634 18)

1170 3646 1265 3678 rem
1294 3648 1459 3690 perse
1498 3650 1584 3679 non
1617 3639 1844 3683 difficilem
1883 3639 2036 3694 dispu-

1169 3694 1298 3737 tando
1331 3696 1580 3751 impeditam
1612 3698 1735 3741 fecit.
