<?xml version="1.0" encoding="UTF-8"?>
<!DOCTYPE html PUBLIC "-//W3C//DTD XHTML 1.0 Transitional//EN"
    "http://www.w3.org/TR/xhtml1/DTD/xhtml1-transitional.dtd">
<html xmlns="http://www.w3.org/1999/xhtml" xml:lang="en" lang="en">
 <head>
  <title>
</title>
<meta http-equiv="Content-Type" content="text/html;charset=utf-8" />
  <meta name='ocr-system' content='tesseract 3.04.00' />
  <meta name='ocr-capabilities' content='ocr_page ocr_carea ocr_par ocr_line ocrx_word'/>
</head>
<body>
  <div class='ocr_page' id='page_1' title='image "./operaadcodicesan01taciuoft_0207.png"; bbox 0 0 2280 4004; ppageno 0'>
   <div class='ocr_carea' id='block_1_1' title="bbox 219 268 2044 321">
    <p class='ocr_par' dir='ltr' id='par_1_1' title="bbox 219 268 2044 321">
     <span class='ocr_line' id='line_1_1' title="bbox 219 268 2044 321; baseline 0.002 -4"><span class='ocrx_word' id='word_1_1' title='bbox 219 283 251 317; x_wconf 84' lang='lat' dir='ltr'><strong>a·</strong></span> <span class='ocrx_word' id='word_1_2' title='bbox 275 268 325 316; x_wconf 86' lang='lat' dir='ltr'><strong>C.</strong></span> <span class='ocrx_word' id='word_1_3' title='bbox 362 272 457 315; x_wconf 66' lang='lat'><strong>17.‹</strong></span> <span class='ocrx_word' id='word_1_4' title='bbox 812 271 979 315; x_wconf 88' lang='lat' dir='ltr'>LIBER</span> <span class='ocrx_word' id='word_1_5' title='bbox 1007 269 1060 316; x_wconf 92' lang='lat'><strong>11.</strong></span> <span class='ocrx_word' id='word_1_6' title='bbox 1124 271 1230 316; x_wconf 73' lang='lat' dir='ltr'><strong>CAP.</strong></span> <span class='ocrx_word' id='word_1_7' title='bbox 1261 273 1455 318; x_wconf 58' lang='lat'><strong>⁴43—46.</strong></span> <span class='ocrx_word' id='word_1_8' title='bbox 1954 270 2044 321; x_wconf 70' lang='lat'><strong>129</strong></span> 
     </span>
    </p>
   </div>
   <div class='ocr_carea' id='block_1_2' title="bbox 216 411 2087 844">
    <p class='ocr_par' dir='ltr' id='par_1_2' title="bbox 216 411 2087 844">
     <span class='ocr_line' id='line_1_2' title="bbox 219 411 2049 479; baseline 0.002 -17"><span class='ocrx_word' id='word_1_9' title='bbox 219 411 339 463; x_wconf 91' lang='lat' dir='ltr'><strong>olim</strong></span> <span class='ocrx_word' id='word_1_10' title='bbox 377 412 507 478; x_wconf 89' lang='lat' dir='ltr'><strong>apud</strong></span> <span class='ocrx_word' id='word_1_11' title='bbox 545 412 857 477; x_wconf 89' lang='lat' dir='ltr'><strong>Germanos,</strong></span> <span class='ocrx_word' id='word_1_12' title='bbox 904 413 1050 479; x_wconf 88' lang='lat' dir='ltr'><strong>vagis</strong></span> <span class='ocrx_word' id='word_1_13' title='bbox 1091 413 1378 464; x_wconf 87' lang='lat' dir='ltr'><strong>incursibus</strong></span> <span class='ocrx_word' id='word_1_14' title='bbox 1430 417 1513 464; x_wconf 92' lang='lat' dir='ltr'><strong>aut</strong></span> <span class='ocrx_word' id='word_1_15' title='bbox 1557 412 1797 465; x_wconf 89' lang='lat' dir='ltr'><strong>disiectas</strong></span> <span class='ocrx_word' id='word_1_16' title='bbox 1830 427 1923 479; x_wconf 87' lang='lat' dir='ltr'><strong>per</strong></span> <span class='ocrx_word' id='word_1_17' title='bbox 1957 429 2049 465; x_wconf 62' lang='lat' dir='ltr'><strong>ca—</strong></span> 
     </span>
     <span class='ocr_line' id='line_1_3' title="bbox 219 503 2047 571; baseline 0.002 -18"><span class='ocrx_word' id='word_1_18' title='bbox 219 507 415 554; x_wconf 90' lang='lat' dir='ltr'><strong>tervas:</strong></span> <span class='ocrx_word' id='word_1_19' title='bbox 468 504 648 570; x_wconf 90' lang='lat' dir='ltr'><strong>quippe</strong></span> <span class='ocrx_word' id='word_1_20' title='bbox 686 503 840 570; x_wconf 91' lang='lat' dir='ltr'><strong>longa</strong></span> <span class='ocrx_word' id='word_1_21' title='bbox 879 503 1149 556; x_wconf 90' lang='lat' dir='ltr'><strong>adversum</strong></span> <span class='ocrx_word' id='word_1_22' title='bbox 1188 519 1283 555; x_wconf 91' lang='lat' dir='ltr'><strong>nos</strong></span> <span class='ocrx_word' id='word_1_23' title='bbox 1321 504 1497 556; x_wconf 88' lang='lat' dir='ltr'><strong>militia</strong></span> <span class='ocrx_word' id='word_1_24' title='bbox 1533 504 1864 556; x_wconf 84' lang='lat' dir='ltr'>insueverant</span> <span class='ocrx_word' id='word_1_25' title='bbox 1901 506 2047 571; x_wconf 88' lang='lat' dir='ltr'><strong>sequi</strong></span> 
     </span>
     <span class='ocr_line' id='line_1_4' title="bbox 218 593 2047 662; baseline 0.002 -19"><span class='ocrx_word' id='word_1_26' title='bbox 218 593 383 660; x_wconf 88' lang='lat' dir='ltr'><strong>signa,</strong></span> <span class='ocrx_word' id='word_1_27' title='bbox 423 594 663 645; x_wconf 90' lang='lat' dir='ltr'><strong>subsidiis</strong></span> <span class='ocrx_word' id='word_1_28' title='bbox 687 594 891 658; x_wconf 88' lang='lat' dir='ltr'><strong>firmari,</strong></span> <span class='ocrx_word' id='word_1_29' title='bbox 932 595 1065 646; x_wconf 89' lang='lat' dir='ltr'><strong>dicta</strong></span> <span class='ocrx_word' id='word_1_30' title='bbox 1101 596 1458 662; x_wconf 85' lang='lat' dir='ltr'><strong>imperat-orum</strong></span> <span class='ocrx_word' id='word_1_31' title='bbox 1486 596 1737 661; x_wconf 88' lang='lat' dir='ltr'><strong>accipere.</strong></span> <span class='ocrx_word' id='word_1_32' title='bbox 1810 596 1888 647; x_wconf 90' lang='lat' dir='ltr'><strong>Ac</strong></span> <span class='ocrx_word' id='word_1_33' title='bbox 1927 601 2047 647; x_wconf 91' lang='lat' dir='ltr'><strong>tunc</strong></span> 
     </span>
     <span class='ocr_line' id='line_1_5' title="bbox 216 685 2044 752; baseline 0.002 -18"><span class='ocrx_word' id='word_1_34' title='bbox 216 685 475 735; x_wconf 87' lang='lat' dir='ltr'><strong>Arminius</strong></span> <span class='ocrx_word' id='word_1_35' title='bbox 514 699 643 750; x_wconf 89' lang='lat' dir='ltr'><strong>equo</strong></span> <span class='ocrx_word' id='word_1_36' title='bbox 684 685 985 737; x_wconf 76' lang='lat' dir='ltr'><strong>collustrans</strong></span> <span class='ocrx_word' id='word_1_37' title='bbox 1029 691 1208 737; x_wconf 90' lang='lat' dir='ltr'><strong>cuncta</strong></span> <span class='ocrx_word' id='word_1_38' title='bbox 1231 726 1244 751; x_wconf 92' lang='lat'><strong>,</strong></span> <span class='ocrx_word' id='word_1_39' title='bbox 1285 692 1338 737; x_wconf 92' lang='lat' dir='ltr'><strong>ut</strong></span> <span class='ocrx_word' id='word_1_40' title='bbox 1375 701 1603 752; x_wconf 88' lang='lat' dir='ltr'><strong>quosque</strong></span> <span class='ocrx_word' id='word_1_41' title='bbox 1638 686 1883 738; x_wconf 88' lang='lat' dir='ltr'><strong>advectus</strong></span> <span class='ocrx_word' id='word_1_42' title='bbox 1920 692 2044 752; x_wconf 86' lang='lat' dir='ltr'><strong>erat,</strong></span> 
     </span>
     <span class='ocr_line' id='line_1_6' title="bbox 216 775 2087 844; baseline 0.002 -19"><span class='ocrx_word' id='word_1_43' title='bbox 216 775 549 841; x_wconf 84' lang='lat' dir='ltr'><strong>reciperatam</strong></span> <span class='ocrx_word' id='word_1_44' title='bbox 591 775 902 841; x_wconf 88' lang='lat' dir='ltr'><strong>libertatem,</strong></span> <span class='ocrx_word' id='word_1_45' title='bbox 959 777 1236 828; x_wconf 86' lang='lat' dir='ltr'><strong>trucidatas</strong></span> <span class='ocrx_word' id='word_1_46' title='bbox 1276 777 1540 844; x_wconf 81' lang='lat' dir='ltr'><strong>legioneS,</strong></span> <span class='ocrx_word' id='word_1_47' title='bbox 1594 777 1756 843; x_wconf 90' lang='lat' dir='ltr'><strong>spolia</strong></span> <span class='ocrx_word' id='word_1_48' title='bbox 1796 777 1960 829; x_wconf 90' lang='lat' dir='ltr'><strong>adhuc</strong></span> <span class='ocrx_word' id='word_1_49' title='bbox 2000 783 2087 837; x_wconf 80' lang='lat' dir='ltr'><strong>et5</strong></span> 
     </span>
    </p>
   </div>
   <div class='ocr_carea' id='block_1_3' title="bbox 216 865 2048 940">
    <p class='ocr_par' dir='ltr' id='par_1_3' title="bbox 216 865 2048 940">
     <span class='ocr_line' id='line_1_7' title="bbox 216 865 2048 940; baseline 0.003 -25"><span class='ocrx_word' id='word_1_50' title='bbox 216 865 314 917; x_wconf 88' lang='lat' dir='ltr'><strong>tela</strong></span> <span class='ocrx_word' id='word_1_51' title='bbox 353 867 592 940; x_wconf 75' lang='lat' dir='ltr'><strong>Romanis</strong></span> <span class='ocrx_word' id='word_1_52' title='bbox 633 867 839 933; x_wconf 89' lang='lat' dir='ltr'><strong>derepta</strong></span> <span class='ocrx_word' id='word_1_53' title='bbox 877 869 928 918; x_wconf 92' lang='lat' dir='ltr'><strong>in</strong></span> <span class='ocrx_word' id='word_1_54' title='bbox 957 869 1187 920; x_wconf 88' lang='lat' dir='ltr'><strong>manibus</strong></span> <span class='ocrx_word' id='word_1_55' title='bbox 1224 868 1490 920; x_wconf 90' lang='lat' dir='ltr'><strong>multorum</strong></span> <span class='ocrx_word' id='word_1_56' title='bbox 1518 870 1824 934; x_wconf 76' lang='lat' dir='ltr'><strong>ostentabat,</strong></span> <span class='ocrx_word' id='word_1_57' title='bbox 1872 875 2048 921; x_wconf 87' lang='lat' dir='ltr'><strong>contra</strong></span> 
     </span>
    </p>
   </div>
   <div class='ocr_carea' id='block_1_4' title="bbox 217 958 2114 1390">
    <p class='ocr_par' dir='ltr' id='par_1_4' title="bbox 217 958 2114 1390">
     <span class='ocr_line' id='line_1_8' title="bbox 217 958 2050 1028; baseline 0.002 -20"><span class='ocrx_word' id='word_1_58' title='bbox 217 958 451 1027; x_wconf 69' lang='lat' dir='ltr'><strong>fugacem</strong></span> <span class='ocrx_word' id='word_1_59' title='bbox 489 959 856 1010; x_wconf 89' lang='lat' dir='ltr'><strong>Maroboduum</strong></span> <span class='ocrx_word' id='word_1_60' title='bbox 893 960 1176 1026; x_wconf 82' lang='lat' dir='ltr'><strong>appellanS,</strong></span> <span class='ocrx_word' id='word_1_61' title='bbox 1226 961 1534 1026; x_wconf 86' lang='lat' dir='ltr'><strong>proeliorum</strong></span> <span class='ocrx_word' id='word_1_62' title='bbox 1573 967 1858 1028; x_wconf 82' lang='lat' dir='ltr'><strong>expertem,</strong></span> <span class='ocrx_word' id='word_1_63' title='bbox 1915 962 2050 1012; x_wconf 87' lang='lat' dir='ltr'><strong>Her-—</strong></span> 
     </span>
     <span class='ocr_line' id='line_1_9' title="bbox 220 1048 2047 1118; baseline 0.003 -20"><span class='ocrx_word' id='word_1_64' title='bbox 220 1048 399 1115; x_wconf 72' lang='lat' dir='ltr'><strong>cymae</strong></span> <span class='ocrx_word' id='word_1_65' title='bbox 447 1048 653 1101; x_wconf 89' lang='lat' dir='ltr'><strong>latebris</strong></span> <span class='ocrx_word' id='word_1_66' title='bbox 709 1050 1004 1114; x_wconf 82' lang='lat' dir='ltr'><strong>defensum3</strong></span> <span class='ocrx_word' id='word_1_67' title='bbox 1062 1067 1122 1102; x_wconf 89' lang='lat' dir='ltr'><strong>ac</strong></span> <span class='ocrx_word' id='word_1_68' title='bbox 1172 1066 1292 1102; x_wconf 88' lang='lat' dir='ltr'><strong>mox</strong></span> <span class='ocrx_word' id='word_1_69' title='bbox 1337 1067 1427 1116; x_wconf 90' lang='lat' dir='ltr'><strong>per</strong></span> <span class='ocrx_word' id='word_1_70' title='bbox 1475 1052 1607 1102; x_wconf 88' lang='lat' dir='ltr'><strong>dona</strong></span> <span class='ocrx_word' id='word_1_71' title='bbox 1665 1057 1712 1102; x_wconf 88' lang='lat' dir='ltr'><strong>et</strong></span> <span class='ocrx_word' id='word_1_72' title='bbox 1761 1052 2047 1118; x_wconf 84' lang='lat' dir='ltr'><strong>legationes</strong></span> 
     </span>
     <span class='ocr_line' id='line_1_10' title="bbox 217 1139 2048 1207; baseline 0.003 -19"><span class='ocrx_word' id='word_1_73' title='bbox 217 1139 459 1204; x_wconf 88' lang='lat' dir='ltr'><strong>petivisse</strong></span> <span class='ocrx_word' id='word_1_74' title='bbox 491 1140 689 1204; x_wconf 85' lang='lat' dir='ltr'><strong>foedus,</strong></span> <span class='ocrx_word' id='word_1_75' title='bbox 727 1141 1040 1206; x_wconf 85' lang='lat' dir='ltr'><strong>proditorem</strong></span> <span class='ocrx_word' id='word_1_76' title='bbox 1076 1141 1288 1206; x_wconf 84' lang='lat' dir='ltr'><strong>patriae,</strong></span> <span class='ocrx_word' id='word_1_77' title='bbox 1330 1142 1595 1193; x_wconf 89' lang='lat' dir='ltr'><strong>satellitem</strong></span> <span class='ocrx_word' id='word_1_78' title='bbox 1621 1143 1873 1207; x_wconf 82' lang='lat' dir='ltr'><strong>CaesariS,</strong></span> <span class='ocrx_word' id='word_1_79' title='bbox 1913 1142 2048 1194; x_wconf 90' lang='lat' dir='ltr'><strong>haud</strong></span> 
     </span>
     <span class='ocr_line' id='line_1_11' title="bbox 217 1228 2114 1298; baseline 0.004 -20"><span class='ocrx_word' id='word_1_80' title='bbox 217 1228 381 1280; x_wconf 91' lang='lat' dir='ltr'><strong>minus</strong></span> <span class='ocrx_word' id='word_1_81' title='bbox 434 1229 647 1281; x_wconf 81' lang='lat' dir='ltr'><strong>infensis</strong></span> <span class='ocrx_word' id='word_1_82' title='bbox 701 1231 880 1282; x_wconf 90' lang='lat' dir='ltr'><strong>animis</strong></span> <span class='ocrx_word' id='word_1_83' title='bbox 935 1231 1301 1282; x_wconf 85' lang='lat' dir='ltr'><strong>exturbandum</strong></span> <span class='ocrx_word' id='word_1_84' title='bbox 1344 1247 1490 1298; x_wconf 89' lang='lat' dir='ltr'><strong>quam</strong></span> <span class='ocrx_word' id='word_1_85' title='bbox 1528 1234 1714 1283; x_wconf 90' lang='lat' dir='ltr'><strong>Varum</strong></span> <span class='ocrx_word' id='word_1_86' title='bbox 1756 1233 2048 1294; x_wconf 86' lang='lat' dir='ltr'><strong>Quintilium</strong></span> <span class='ocrx_word' id='word_1_87' title='bbox 2068 1247 2114 1287; x_wconf 69' lang='lat' dir='ltr'><strong>io</strong></span> 
     </span>
     <span class='ocr_line' id='line_1_12' title="bbox 217 1319 2048 1390; baseline 0.003 -20"><span class='ocrx_word' id='word_1_88' title='bbox 217 1319 581 1371; x_wconf 82' lang='lat' dir='ltr'><strong>interfecerint.</strong></span> <span class='ocrx_word' id='word_1_89' title='bbox 667 1321 1016 1373; x_wconf 88' lang='lat' dir='ltr'><strong>Meminissent</strong></span> <span class='ocrx_word' id='word_1_90' title='bbox 1081 1323 1234 1373; x_wconf 93' lang='lat' dir='ltr'><strong>modo</strong></span> <span class='ocrx_word' id='word_1_91' title='bbox 1303 1328 1376 1374; x_wconf 90' lang='lat' dir='ltr'><strong>tot</strong></span> <span class='ocrx_word' id='word_1_92' title='bbox 1431 1323 1740 1389; x_wconf 89' lang='lat' dir='ltr'><strong>proeliorum</strong></span> <span class='ocrx_word' id='word_1_93' title='bbox 1757 1342 1770 1387; x_wconf 87' lang='lat'>;</span> <span class='ocrx_word' id='word_1_94' title='bbox 1837 1339 2048 1390; x_wconf 90' lang='lat' dir='ltr'><strong>quorum</strong></span> 
     </span>
    </p>
   </div>
   <div class='ocr_carea' id='block_1_5' title="bbox 133 1412 2049 1570">
    <p class='ocr_par' dir='ltr' id='par_1_5' title="bbox 133 1412 2049 1570">
     <span class='ocr_line' id='line_1_13' title="bbox 200 1412 2048 1480; baseline 0.002 -19"><span class='ocrx_word' id='word_1_95' title='bbox 200 1415 429 1476; x_wconf 83' lang='lat' dir='ltr'><strong>eventu,</strong></span> <span class='ocrx_word' id='word_1_96' title='bbox 491 1416 538 1462; x_wconf 93' lang='lat' dir='ltr'><strong>et</strong></span> <span class='ocrx_word' id='word_1_97' title='bbox 583 1412 644 1462; x_wconf 91' lang='lat' dir='ltr'><strong>ad</strong></span> <span class='ocrx_word' id='word_1_98' title='bbox 692 1417 1000 1478; x_wconf 90' lang='lat' dir='ltr'><strong>postremum</strong></span> <span class='ocrx_word' id='word_1_99' title='bbox 1048 1414 1223 1464; x_wconf 89' lang='lat' dir='ltr'><strong>eiectis</strong></span> <span class='ocrx_word' id='word_1_100' title='bbox 1271 1415 1545 1478; x_wconf 90' lang='lat' dir='ltr'><strong>Romanis,</strong></span> <span class='ocrx_word' id='word_1_101' title='bbox 1610 1415 1733 1466; x_wconf 88' lang='lat' dir='ltr'><strong>satis</strong></span> <span class='ocrx_word' id='word_1_102' title='bbox 1782 1415 2048 1480; x_wconf 88' lang='lat' dir='ltr'><strong>probatum</strong></span> 
     </span>
     <span class='ocr_line' id='line_1_14' title="bbox 133 1503 2049 1570; baseline 0.002 -17"><span class='ocrx_word' id='word_1_103' title='bbox 133 1503 374 1567; x_wconf 79' lang='lat' dir='ltr'><strong>46penes</strong></span> <span class='ocrx_word' id='word_1_104' title='bbox 410 1507 552 1554; x_wconf 89' lang='lat' dir='ltr'><strong>utros</strong></span> <span class='ocrx_word' id='word_1_105' title='bbox 588 1518 780 1555; x_wconf 89' lang='lat' dir='ltr'><strong>summa</strong></span> <span class='ocrx_word' id='word_1_106' title='bbox 817 1503 936 1554; x_wconf 88' lang='lat' dir='ltr'><strong>belli</strong></span> <span class='ocrx_word' id='word_1_107' title='bbox 976 1504 1142 1558; x_wconf 87' lang='lat' dir='ltr'><strong>suerit.</strong></span> <span class='ocrx_word' id='word_1_108' title='bbox 1215 1505 1392 1570; x_wconf 89' lang='lat' dir='ltr'><strong>Neque</strong></span> <span class='ocrx_word' id='word_1_109' title='bbox 1429 1505 1771 1556; x_wconf 88' lang='lat' dir='ltr'><strong>Maroboduus</strong></span> <span class='ocrx_word' id='word_1_110' title='bbox 1811 1507 2049 1557; x_wconf 87' lang='lat' dir='ltr'><strong>iactantia</strong></span> 
     </span>
    </p>
   </div>
   <div class='ocr_carea' id='block_1_6' title="bbox 218 1592 2113 1933">
    <p class='ocr_par' dir='ltr' id='par_1_6' title="bbox 218 1592 2113 1933">
     <span class='ocr_line' id='line_1_15' title="bbox 219 1592 2046 1662; baseline 0.003 -20"><span class='ocrx_word' id='word_1_111' title='bbox 219 1592 296 1643; x_wconf 91' lang='lat' dir='ltr'><strong>sui</strong></span> <span class='ocrx_word' id='word_1_112' title='bbox 325 1597 408 1642; x_wconf 89' lang='lat' dir='ltr'><strong>aut</strong></span> <span class='ocrx_word' id='word_1_113' title='bbox 435 1593 638 1659; x_wconf 90' lang='lat' dir='ltr'><strong>probris</strong></span> <span class='ocrx_word' id='word_1_114' title='bbox 674 1595 726 1643; x_wconf 91' lang='lat' dir='ltr'><strong>in</strong></span> <span class='ocrx_word' id='word_1_115' title='bbox 763 1594 958 1645; x_wconf 86' lang='lat' dir='ltr'><strong>hostem</strong></span> <span class='ocrx_word' id='word_1_116' title='bbox 995 1594 1295 1658; x_wconf 84' lang='lat' dir='ltr'><strong>abstinebat,</strong></span> <span class='ocrx_word' id='word_1_117' title='bbox 1327 1595 1419 1646; x_wconf 90' lang='lat' dir='ltr'><strong>sed</strong></span> <span class='ocrx_word' id='word_1_118' title='bbox 1449 1596 1821 1662; x_wconf 84' lang='lat' dir='ltr'><strong>Inguiomerum</strong></span> <span class='ocrx_word' id='word_1_119' title='bbox 1850 1601 2046 1661; x_wconf 86' lang='lat' dir='ltr'><strong>tenenS,</strong></span> 
     </span>
     <span class='ocr_line' id='line_1_16' title="bbox 218 1683 2113 1754; baseline 0.003 -21"><span class='ocrx_word' id='word_1_120' title='bbox 218 1683 304 1735; x_wconf 92' lang='lat' dir='ltr'><strong>illo</strong></span> <span class='ocrx_word' id='word_1_121' title='bbox 343 1684 395 1734; x_wconf 92' lang='lat' dir='ltr'><strong>in</strong></span> <span class='ocrx_word' id='word_1_122' title='bbox 436 1699 652 1750; x_wconf 89' lang='lat' dir='ltr'><strong>corpore</strong></span> <span class='ocrx_word' id='word_1_123' title='bbox 690 1685 845 1736; x_wconf 80' lang='lat' dir='ltr'><strong>dec-us</strong></span> <span class='ocrx_word' id='word_1_124' title='bbox 886 1700 1035 1736; x_wconf 90' lang='lat' dir='ltr'><strong>omne</strong></span> <span class='ocrx_word' id='word_1_125' title='bbox 1060 1685 1449 1750; x_wconf 78' lang='lat' dir='ltr'><strong>Cheruscorum,</strong></span> <span class='ocrx_word' id='word_1_126' title='bbox 1480 1685 1612 1736; x_wconf 92' lang='lat' dir='ltr'><strong>illius</strong></span> <span class='ocrx_word' id='word_1_127' title='bbox 1650 1686 1878 1738; x_wconf 91' lang='lat' dir='ltr'><strong>consiliis</strong></span> <span class='ocrx_word' id='word_1_128' title='bbox 1903 1692 2046 1754; x_wconf 89' lang='lat' dir='ltr'><strong>gesta</strong></span> <span class='ocrx_word' id='word_1_129' title='bbox 2065 1702 2113 1739; x_wconf 78' lang='lat'><strong>¹5</strong></span> 
     </span>
     <span class='ocr_line' id='line_1_17' title="bbox 221 1775 2050 1840; baseline 0.001 -15"><span class='ocrx_word' id='word_1_130' title='bbox 221 1788 349 1839; x_wconf 87' lang='lat' dir='ltr'><strong>quae</strong></span> <span class='ocrx_word' id='word_1_131' title='bbox 386 1789 631 1840; x_wconf 89' lang='lat' dir='ltr'><strong>prospere</strong></span> <span class='ocrx_word' id='word_1_132' title='bbox 666 1775 972 1838; x_wconf 86' lang='lat' dir='ltr'><strong>ceciderint,</strong></span> <span class='ocrx_word' id='word_1_133' title='bbox 1011 1775 1314 1826; x_wconf 89' lang='lat' dir='ltr'><strong>testabatur:</strong></span> <span class='ocrx_word' id='word_1_134' title='bbox 1368 1776 1643 1827; x_wconf 87' lang='lat' dir='ltr'><strong>vecordem</strong></span> <span class='ocrx_word' id='word_1_135' title='bbox 1679 1777 1962 1827; x_wconf 91' lang='lat' dir='ltr'><strong>Arminium</strong></span> <span class='ocrx_word' id='word_1_136' title='bbox 2000 1782 2050 1828; x_wconf 89' lang='lat' dir='ltr'><strong>et</strong></span> 
     </span>
     <span class='ocr_line' id='line_1_18' title="bbox 218 1865 2048 1933; baseline 0.001 -18"><span class='ocrx_word' id='word_1_137' title='bbox 218 1879 387 1916; x_wconf 85' lang='lat' dir='ltr'><strong>rerum</strong></span> <span class='ocrx_word' id='word_1_138' title='bbox 426 1865 654 1916; x_wconf 88' lang='lat' dir='ltr'><strong>nescium</strong></span> <span class='ocrx_word' id='word_1_139' title='bbox 690 1865 905 1916; x_wconf 89' lang='lat' dir='ltr'><strong>alienam</strong></span> <span class='ocrx_word' id='word_1_140' title='bbox 946 1865 1162 1931; x_wconf 85' lang='lat' dir='ltr'><strong>gloriam</strong></span> <span class='ocrx_word' id='word_1_141' title='bbox 1201 1865 1253 1915; x_wconf 92' lang='lat' dir='ltr'><strong>in</strong></span> <span class='ocrx_word' id='word_1_142' title='bbox 1290 1880 1346 1917; x_wconf 92' lang='lat' dir='ltr'><strong>se</strong></span> <span class='ocrx_word' id='word_1_143' title='bbox 1387 1865 1619 1931; x_wconf 86' lang='lat' dir='ltr'><strong>trahere,</strong></span> <span class='ocrx_word' id='word_1_144' title='bbox 1669 1867 1905 1933; x_wconf 89' lang='lat' dir='ltr'><strong>quoniam</strong></span> <span class='ocrx_word' id='word_1_145' title='bbox 1945 1871 2048 1918; x_wconf 88' lang='lat' dir='ltr'><strong>tres</strong></span> 
     </span>
    </p>
   </div>
   <div class='ocr_carea' id='block_1_7' title="bbox 154 2007 244 2024">
    <p class='ocr_par' dir='ltr' id='par_1_7' title="bbox 154 2007 244 2024">
     <span class='ocr_line' id='line_1_19' title="bbox 154 2007 244 2024; baseline 0 0"><span class='ocrx_word' id='word_1_146' title='bbox 154 2019 159 2024; x_wconf 91' lang='lat'><strong>.</strong></span> <span class='ocrx_word' id='word_1_147' title='bbox 186 2007 244 2024; x_wconf 37' lang='grc' dir='ltr'>ψ</span> 
     </span>
    </p>
   </div>
   <div class='ocr_carea' id='block_1_8' title="bbox 0 1954 2046 2034">
    <p class='ocr_par' dir='ltr' id='par_1_8' title="bbox 0 1954 2046 2034">
     <span class='ocr_line' id='line_1_20' title="bbox 0 1954 2046 2034; baseline 0.001 -29"><span class='ocrx_word' id='word_1_148' title='bbox 0 1954 167 2034; x_wconf 26' lang='lat' dir='ltr'><strong>2²&amp;st*</strong></span> <span class='ocrx_word' id='word_1_149' title='bbox 194 1970 407 2019; x_wconf 31' lang='lat' dir='ltr'><strong>,vacuas</strong></span> <span class='ocrx_word' id='word_1_150' title='bbox 447 1956 679 2023; x_wconf 90' lang='lat' dir='ltr'><strong>legiones</strong></span> <span class='ocrx_word' id='word_1_151' title='bbox 710 1961 759 2007; x_wconf 86' lang='lat' dir='ltr'><strong>et</strong></span> <span class='ocrx_word' id='word_1_152' title='bbox 799 1956 978 2007; x_wconf 90' lang='lat' dir='ltr'><strong>ducem</strong></span> <span class='ocrx_word' id='word_1_153' title='bbox 1017 1956 1210 2007; x_wconf 83' lang='lat' dir='ltr'><strong>fraudis</strong></span> <span class='ocrx_word' id='word_1_154' title='bbox 1246 1959 1478 2023; x_wconf 87' lang='lat' dir='ltr'><strong>ignarum</strong></span> <span class='ocrx_word' id='word_1_155' title='bbox 1514 1957 1726 2022; x_wconf 86' lang='lat' dir='ltr'><strong>perfidia</strong></span> <span class='ocrx_word' id='word_1_156' title='bbox 1770 1958 2046 2023; x_wconf 89' lang='lat' dir='ltr'><strong>deceperit,</strong></span> 
     </span>
    </p>
   </div>
   <div class='ocr_carea' id='block_1_9' title="bbox 4 2043 2044 2117">
    <p class='ocr_par' dir='ltr' id='par_1_9' title="bbox 4 2043 2044 2117">
     <span class='ocr_line' id='line_1_21' title="bbox 4 2043 2044 2117; baseline 0.004 -27"><span class='ocrx_word' id='word_1_157' title='bbox 4 2045 26 2090; x_wconf 72' lang='grc' dir='ltr'><em>ί</em></span> <span class='ocrx_word' id='word_1_158' title='bbox 55 2043 198 2117; x_wconf 43' lang='lat'><strong>&amp;³⁴³</strong></span> <span class='ocrx_word' id='word_1_159' title='bbox 219 2060 401 2112; x_wconf 88' lang='lat' dir='ltr'><strong>magna</strong></span> <span class='ocrx_word' id='word_1_160' title='bbox 435 2062 545 2096; x_wconf 93' lang='lat' dir='ltr'><strong>cum</strong></span> <span class='ocrx_word' id='word_1_161' title='bbox 585 2046 730 2097; x_wconf 87' lang='lat' dir='ltr'><strong>clade</strong></span> <span class='ocrx_word' id='word_1_162' title='bbox 767 2046 1068 2097; x_wconf 84' lang='lat' dir='ltr'><strong>Germaniae</strong></span> <span class='ocrx_word' id='word_1_163' title='bbox 1108 2051 1156 2097; x_wconf 91' lang='lat' dir='ltr'><strong>et</strong></span> <span class='ocrx_word' id='word_1_164' title='bbox 1187 2047 1467 2113; x_wconf 88' lang='lat' dir='ltr'><strong>ignominia</strong></span> <span class='ocrx_word' id='word_1_165' title='bbox 1506 2063 1614 2112; x_wconf 91' lang='lat' dir='ltr'><strong>sua,</strong></span> <span class='ocrx_word' id='word_1_166' title='bbox 1654 2063 1764 2098; x_wconf 93' lang='lat' dir='ltr'><strong>cum</strong></span> <span class='ocrx_word' id='word_1_167' title='bbox 1805 2049 2044 2113; x_wconf 86' lang='lat' dir='ltr'><strong>coniunx,</strong></span> 
     </span>
    </p>
   </div>
   <div class='ocr_carea' id='block_1_10' title="bbox 0 2125 139 2158">
    <p class='ocr_par' dir='ltr' id='par_1_10' title="bbox 0 2125 139 2158">
     <span class='ocr_line' id='line_1_22' title="bbox 0 2125 139 2158; baseline 0 -14"><span class='ocrx_word' id='word_1_168' title='bbox 0 2125 72 2158; x_wconf 46' lang='lat'><strong>2207.</strong></span> <span class='ocrx_word' id='word_1_169' title='bbox 113 2130 139 2144; x_wconf 75' lang='lat' dir='ltr'><strong>vr</strong></span> 
     </span>
    </p>
   </div>
   <div class='ocr_carea' id='block_1_11' title="bbox 220 2136 2113 2297">
    <p class='ocr_par' dir='ltr' id='par_1_11' title="bbox 220 2136 2113 2297">
     <span class='ocr_line' id='line_1_23' title="bbox 224 2136 2113 2200; baseline 0.002 -14"><span class='ocrx_word' id='word_1_170' title='bbox 224 2151 334 2200; x_wconf 87' lang='lat' dir='ltr'><strong>cum</strong></span> <span class='ocrx_word' id='word_1_171' title='bbox 389 2136 517 2187; x_wconf 88' lang='lat' dir='ltr'><strong>filius</strong></span> <span class='ocrx_word' id='word_1_172' title='bbox 566 2137 673 2188; x_wconf 91' lang='lat' dir='ltr'><strong>eius</strong></span> <span class='ocrx_word' id='word_1_173' title='bbox 721 2137 980 2188; x_wconf 85' lang='lat' dir='ltr'><strong>servitium</strong></span> <span class='ocrx_word' id='word_1_174' title='bbox 1029 2136 1192 2187; x_wconf 88' lang='lat' dir='ltr'><strong>adhuc</strong></span> <span class='ocrx_word' id='word_1_175' title='bbox 1247 2137 1479 2188; x_wconf 84' lang='lat' dir='ltr'><strong>tolerent.</strong></span> <span class='ocrx_word' id='word_1_176' title='bbox 1555 2138 1622 2188; x_wconf 91' lang='lat' dir='ltr'><strong>At</strong></span> <span class='ocrx_word' id='word_1_177' title='bbox 1671 2153 1727 2189; x_wconf 90' lang='lat' dir='ltr'><strong>se</strong></span> <span class='ocrx_word' id='word_1_178' title='bbox 1777 2138 2113 2190; x_wconf 65' lang='lat' dir='ltr'><strong>duodecimae</strong></span> 
     </span>
     <span class='ocr_line' id='line_1_24' title="bbox 220 2226 2050 2297; baseline 0.002 -20"><span class='ocrx_word' id='word_1_179' title='bbox 220 2226 506 2294; x_wconf 89' lang='lat' dir='ltr'><strong>legionibus</strong></span> <span class='ocrx_word' id='word_1_180' title='bbox 556 2229 759 2294; x_wconf 84' lang='lat' dir='ltr'><strong>petitum</strong></span> <span class='ocrx_word' id='word_1_181' title='bbox 810 2227 939 2279; x_wconf 90' lang='lat' dir='ltr'><strong>duce</strong></span> <span class='ocrx_word' id='word_1_182' title='bbox 975 2228 1177 2279; x_wconf 86' lang='lat' dir='ltr'><strong>Tiberio</strong></span> <span class='ocrx_word' id='word_1_183' title='bbox 1232 2229 1489 2279; x_wconf 89' lang='lat' dir='ltr'><strong>inlibatam</strong></span> <span class='ocrx_word' id='word_1_184' title='bbox 1529 2229 1892 2281; x_wconf 91' lang='lat' dir='ltr'><strong>Germanorum</strong></span> <span class='ocrx_word' id='word_1_185' title='bbox 1931 2230 2050 2297; x_wconf 89' lang='lat' dir='ltr'><strong>glo-</strong></span> 
     </span>
    </p>
   </div>
   <div class='ocr_carea' id='block_1_12' title="bbox 222 2393 2049 2568">
    <p class='ocr_par' dir='ltr' id='par_1_12' title="bbox 222 2393 2049 2568">
     <span class='ocr_line' id='line_1_25' title="bbox 340 2393 2049 2452; baseline 0 -17"><span class='ocrx_word' id='word_1_186' title='bbox 340 2394 378 2435; x_wconf 90' lang='lat'><strong>1.</strong></span> <span class='ocrx_word' id='word_1_187' title='bbox 413 2401 515 2450; x_wconf 82' lang='lat' dir='ltr'><strong>apul</strong></span> <span class='ocrx_word' id='word_1_188' title='bbox 546 2394 599 2435; x_wconf 91' lang='lat' dir='ltr'><strong>M.</strong></span> <span class='ocrx_word' id='word_1_189' title='bbox 658 2401 904 2449; x_wconf 82' lang='lat' dir='ltr'><strong>pec.!eruas</strong></span> <span class='ocrx_word' id='word_1_190' title='bbox 937 2393 1002 2435; x_wconf 90' lang='lat' dir='ltr'><strong>M:</strong></span> <span class='ocrx_word' id='word_1_191' title='bbox 1037 2394 1226 2434; x_wconf 80' lang='lat' dir='ltr'><strong>correxit</strong></span> <span class='ocrx_word' id='word_1_192' title='bbox 1256 2393 1513 2436; x_wconf 78' lang='lat' dir='ltr'><strong>Beroaldus.</strong></span> <span class='ocrx_word' id='word_1_193' title='bbox 1577 2395 1618 2436; x_wconf 88' lang='grc'><strong>3.</strong></span> <span class='ocrx_word' id='word_1_194' title='bbox 1653 2408 1706 2435; x_wconf 89' lang='lat' dir='ltr'><strong>ac</strong></span> <span class='ocrx_word' id='word_1_195' title='bbox 1737 2402 1838 2436; x_wconf 81' lang='lat' dir='ltr'><strong>tunc</strong></span> <span class='ocrx_word' id='word_1_196' title='bbox 1869 2394 1904 2436; x_wconf 88' lang='lat' dir='ltr'><strong>M</strong></span> <span class='ocrx_word' id='word_1_197' title='bbox 1943 2394 2049 2452; x_wconf 87' lang='lat' dir='ltr'><strong>(non</strong></span> 
     </span>
     <span class='ocr_line' id='line_1_26' title="bbox 222 2451 2047 2510; baseline 0.002 -17"><span class='ocrx_word' id='word_1_198' title='bbox 222 2459 262 2494; x_wconf 83' lang='lat' dir='ltr'><strong>et</strong></span> <span class='ocrx_word' id='word_1_199' title='bbox 292 2455 426 2504; x_wconf 79' lang='lat' dir='ltr'><strong>lunc).</strong></span> <span class='ocrx_word' id='word_1_200' title='bbox 504 2455 545 2495; x_wconf 79' lang='lat'><strong>4.</strong></span> <span class='ocrx_word' id='word_1_201' title='bbox 583 2453 692 2495; x_wconf 87' lang='lat' dir='ltr'><strong>conl.</strong></span> <span class='ocrx_word' id='word_1_202' title='bbox 729 2453 782 2494; x_wconf 94' lang='lat' dir='ltr'><strong>M.</strong></span> <span class='ocrx_word' id='word_1_203' title='bbox 881 2454 947 2496; x_wconf 81' lang='lat'><strong>12.</strong></span> <span class='ocrx_word' id='word_1_204' title='bbox 983 2451 1127 2494; x_wconf 82' lang='lat' dir='ltr'><strong>electis</strong></span> <span class='ocrx_word' id='word_1_205' title='bbox 1159 2454 1214 2495; x_wconf 92' lang='lat' dir='ltr'><strong>M.</strong></span> <span class='ocrx_word' id='word_1_206' title='bbox 1317 2454 1384 2495; x_wconf 88' lang='grc'><strong>15.</strong></span> <span class='ocrx_word' id='word_1_207' title='bbox 1415 2468 1503 2495; x_wconf 83' lang='lat' dir='ltr'><strong>oms</strong></span> <span class='ocrx_word' id='word_1_208' title='bbox 1536 2466 1631 2494; x_wconf 90' lang='lat' dir='ltr'><strong>cum</strong></span> <span class='ocrx_word' id='word_1_209' title='bbox 1664 2454 1741 2495; x_wconf 92' lang='lat' dir='ltr'><strong>lin.</strong></span> <span class='ocrx_word' id='word_1_210' title='bbox 1777 2457 1957 2510; x_wconf 88' lang='lat' dir='ltr'><strong>(omnes)</strong></span> <span class='ocrx_word' id='word_1_211' title='bbox 1993 2456 2047 2496; x_wconf 83' lang='lat' dir='ltr'><strong>M.</strong></span> 
     </span>
     <span class='ocr_line' id='line_1_27' title="bbox 226 2510 1966 2568; baseline 0.001 -15"><span class='ocrx_word' id='word_1_212' title='bbox 226 2510 293 2553; x_wconf 89' lang='grc'><strong>16.</strong></span> <span class='ocrx_word' id='word_1_213' title='bbox 327 2511 488 2554; x_wconf 82' lang='lat' dir='ltr'><strong>caecid.</strong></span> <span class='ocrx_word' id='word_1_214' title='bbox 523 2513 576 2554; x_wconf 90' lang='lat' dir='ltr'><strong>M.</strong></span> <span class='ocrx_word' id='word_1_215' title='bbox 637 2526 756 2554; x_wconf 82' lang='lat' dir='ltr'><strong>vaec.</strong></span> <span class='ocrx_word' id='word_1_216' title='bbox 793 2512 844 2554; x_wconf 87' lang='lat' dir='ltr'><strong>M.</strong></span> <span class='ocrx_word' id='word_1_217' title='bbox 909 2511 976 2554; x_wconf 87' lang='lat'><strong>19.</strong></span> <span class='ocrx_word' id='word_1_218' title='bbox 1011 2513 1234 2567; x_wconf 84' lang='lat' dir='ltr'><strong>i9nomina</strong></span> <span class='ocrx_word' id='word_1_219' title='bbox 1265 2512 1319 2554; x_wconf 88' lang='lat' dir='ltr'><strong>M.</strong></span> <span class='ocrx_word' id='word_1_220' title='bbox 1380 2514 1451 2556; x_wconf 85' lang='lat'><strong>20.</strong></span> <span class='ocrx_word' id='word_1_221' title='bbox 1483 2511 1595 2567; x_wconf 80' lang='lat' dir='ltr'><strong>lilios</strong></span> <span class='ocrx_word' id='word_1_222' title='bbox 1627 2512 1682 2555; x_wconf 91' lang='lat' dir='ltr'><strong>M.</strong></span> <span class='ocrx_word' id='word_1_223' title='bbox 1744 2516 1807 2568; x_wconf 90' lang='lat' dir='ltr'><strong>se]</strong></span> <span class='ocrx_word' id='word_1_224' title='bbox 1843 2514 1881 2554; x_wconf 87' lang='lat' dir='ltr'><strong>si</strong></span> <span class='ocrx_word' id='word_1_225' title='bbox 1914 2513 1966 2556; x_wconf 90' lang='lat' dir='ltr'><strong>M.</strong></span> 
     </span>
    </p>
   </div>
   <div class='ocr_carea' id='block_1_13' title="bbox 225 2650 1093 3173">
    <p class='ocr_par' dir='ltr' id='par_1_13' title="bbox 225 2650 1093 3173">
     <span class='ocr_line' id='line_1_28' title="bbox 225 2650 1090 2693; baseline -0.001 -1"><span class='ocrx_word' id='word_1_226' title='bbox 225 2663 397 2693; x_wconf 84' lang='lat' dir='ltr'><strong>causam</strong></span> <span class='ocrx_word' id='word_1_227' title='bbox 445 2650 652 2692; x_wconf 87' lang='lat' dir='ltr'><strong>indicant.</strong></span> <span class='ocrx_word' id='word_1_228' title='bbox 718 2650 917 2692; x_wconf 88' lang='lat' dir='ltr'><strong>Germani</strong></span> <span class='ocrx_word' id='word_1_229' title='bbox 977 2652 1090 2692; x_wconf 90' lang='lat' dir='ltr'><strong>enim</strong></span> 
     </span>
     <span class='ocr_line' id='line_1_29' title="bbox 225 2710 1093 2764; baseline 0 -13"><span class='ocrx_word' id='word_1_230' title='bbox 225 2715 404 2751; x_wconf 86' lang='lat' dir='ltr'><strong>externo</strong></span> <span class='ocrx_word' id='word_1_231' title='bbox 436 2716 553 2751; x_wconf 88' lang='lat' dir='ltr'><strong>metu</strong></span> <span class='ocrx_word' id='word_1_232' title='bbox 584 2710 711 2751; x_wconf 87' lang='lat' dir='ltr'><strong>vacui</strong></span> <span class='ocrx_word' id='word_1_233' title='bbox 744 2723 792 2751; x_wconf 93' lang='lat' dir='ltr'><strong>se</strong></span> <span class='ocrx_word' id='word_1_234' title='bbox 824 2711 906 2764; x_wconf 92' lang='lat' dir='ltr'><strong>ipsi</strong></span> <span class='ocrx_word' id='word_1_235' title='bbox 946 2710 1093 2751; x_wconf 87' lang='lat' dir='ltr'><strong>laces-</strong></span> 
     </span>
     <span class='ocr_line' id='line_1_30' title="bbox 225 2767 1093 2821; baseline -0.001 -11"><span class='ocrx_word' id='word_1_236' title='bbox 225 2781 321 2810; x_wconf 87' lang='lat' dir='ltr'><strong>sere</strong></span> <span class='ocrx_word' id='word_1_237' title='bbox 380 2768 600 2821; x_wconf 83' lang='lat' dir='ltr'><strong>sotebant,</strong></span> <span class='ocrx_word' id='word_1_238' title='bbox 662 2767 760 2809; x_wconf 85' lang='lat' dir='ltr'><strong>aliis</strong></span> <span class='ocrx_word' id='word_1_239' title='bbox 816 2769 892 2810; x_wconf 87' lang='lat' dir='ltr'><strong>alii</strong></span> <span class='ocrx_word' id='word_1_240' title='bbox 951 2771 1093 2810; x_wconf 85' lang='lat' dir='ltr'><strong>causis</strong></span> 
     </span>
     <span class='ocr_line' id='line_1_31' title="bbox 226 2826 1092 2883; baseline 0.001 -16"><span class='ocrx_word' id='word_1_241' title='bbox 226 2827 408 2869; x_wconf 78' lang='lat' dir='ltr'><strong>incitati.</strong></span> <span class='ocrx_word' id='word_1_242' title='bbox 466 2826 571 2867; x_wconf 90' lang='lat' dir='ltr'><strong>Eius</strong></span> <span class='ocrx_word' id='word_1_243' title='bbox 602 2826 707 2867; x_wconf 89' lang='lat' dir='ltr'><strong>belli</strong></span> <span class='ocrx_word' id='word_1_244' title='bbox 742 2827 855 2881; x_wconf 90' lang='lat' dir='ltr'><strong>quod</strong></span> <span class='ocrx_word' id='word_1_245' title='bbox 887 2833 975 2867; x_wconf 83' lang='lat' dir='ltr'><strong>tum</strong></span> <span class='ocrx_word' id='word_1_246' title='bbox 1010 2841 1092 2883; x_wconf 84' lang='lat' dir='ltr'><strong>ge-</strong></span> 
     </span>
     <span class='ocr_line' id='line_1_32' title="bbox 225 2885 1090 2939; baseline 0 -14"><span class='ocrx_word' id='word_1_247' title='bbox 225 2885 399 2926; x_wconf 83' lang='lat' dir='ltr'><strong>rebatur</strong></span> <span class='ocrx_word' id='word_1_248' title='bbox 413 2898 541 2926; x_wconf 87' lang='lat' dir='ltr'><strong>causa</strong></span> <span class='ocrx_word' id='word_1_249' title='bbox 563 2886 606 2925; x_wconf 90' lang='lat' dir='ltr'><strong>in</strong></span> <span class='ocrx_word' id='word_1_250' title='bbox 624 2885 907 2926; x_wconf 77' lang='lat' dir='ltr'><strong>aemulatione</strong></span> <span class='ocrx_word' id='word_1_251' title='bbox 924 2885 1090 2939; x_wconf 81' lang='lat' dir='ltr'><strong>9loriae</strong></span> 
     </span>
     <span class='ocr_line' id='line_1_33' title="bbox 228 2941 1091 2985; baseline 0.001 -1"><span class='ocrx_word' id='word_1_252' title='bbox 228 2943 325 2984; x_wconf 82' lang='lat' dir='ltr'><strong>fuit.</strong></span> <span class='ocrx_word' id='word_1_253' title='bbox 388 2941 630 2984; x_wconf 87' lang='lat' dir='ltr'><strong>Germanici</strong></span> <span class='ocrx_word' id='word_1_254' title='bbox 664 2943 809 2984; x_wconf 86' lang='lat' dir='ltr'><strong>dicas:</strong></span> <span class='ocrx_word' id='word_1_255' title='bbox 848 2944 937 2984; x_wconf 85' lang='lat' dir='ltr'><strong>und</strong></span> <span class='ocrx_word' id='word_1_256' title='bbox 975 2958 1091 2985; x_wconf 72' lang='lat' dir='ltr'><strong>moa:-</strong></span> 
     </span>
     <span class='ocr_line' id='line_1_34' title="bbox 229 2999 1088 3056; baseline 0.002 -14"><span class='ocrx_word' id='word_1_257' title='bbox 229 2999 392 3042; x_wconf 79' lang='lat' dir='ltr'><strong>damals</strong></span> <span class='ocrx_word' id='word_1_258' title='bbox 443 3015 519 3042; x_wconf 79' lang='lat' dir='ltr'><strong>aus</strong></span> <span class='ocrx_word' id='word_1_259' title='bbox 570 3002 783 3056; x_wconf 78' lang='lat' dir='ltr'><strong>Wetleiser</strong></span> <span class='ocrx_word' id='word_1_260' title='bbox 822 3017 893 3043; x_wconf 82' lang='lat' dir='ltr'><strong>um</strong></span> <span class='ocrx_word' id='word_1_261' title='bbox 935 3003 1088 3044; x_wconf 77' lang='lat' dir='ltr'><strong>Rukm.</strong></span> 
     </span>
     <span class='ocr_line' id='line_1_35' title="bbox 229 3058 1090 3114; baseline 0.002 -14"><span class='ocrx_word' id='word_1_262' title='bbox 229 3059 398 3114; x_wconf 86' lang='lat' dir='ltr'><strong>Quippe</strong></span> <span class='ocrx_word' id='word_1_263' title='bbox 456 3058 663 3102; x_wconf 86' lang='lat' dir='ltr'><strong>Cherusci</strong></span> <span class='ocrx_word' id='word_1_264' title='bbox 718 3061 897 3102; x_wconf 87' lang='lat' dir='ltr'><strong>multum</strong></span> <span class='ocrx_word' id='word_1_265' title='bbox 950 3061 1090 3103; x_wconf 86' lang='lat' dir='ltr'><strong>laudis</strong></span> 
     </span>
     <span class='ocr_line' id='line_1_36' title="bbox 228 3118 1091 3173; baseline 0.001 -13"><span class='ocrx_word' id='word_1_266' title='bbox 228 3125 486 3173; x_wconf 86' lang='lat' dir='ltr'><strong>pepererant</strong></span> <span class='ocrx_word' id='word_1_267' title='bbox 519 3119 561 3159; x_wconf 90' lang='lat' dir='ltr'><strong>in</strong></span> <span class='ocrx_word' id='word_1_268' title='bbox 594 3118 723 3161; x_wconf 88' lang='lat' dir='ltr'><strong>bellis</strong></span> <span class='ocrx_word' id='word_1_269' title='bbox 755 3120 981 3161; x_wconf 86' lang='lat' dir='ltr'><strong>adversum</strong></span> <span class='ocrx_word' id='word_1_270' title='bbox 1000 3121 1091 3162; x_wconf 88' lang='lat' dir='ltr'><strong>Ro-</strong></span> 
     </span>
    </p>
   </div>
   <div class='ocr_carea' id='block_1_14' title="bbox 1175 2650 2050 3175">
    <p class='ocr_par' dir='ltr' id='par_1_14' title="bbox 1175 2650 2050 3001">
     <span class='ocr_line' id='line_1_37' title="bbox 1178 2650 2050 2709; baseline 0.002 -17"><span class='ocrx_word' id='word_1_271' title='bbox 1178 2652 1386 2707; x_wconf 87' lang='lat' dir='ltr'><strong>iungitur,</strong></span> <span class='ocrx_word' id='word_1_272' title='bbox 1401 2656 1448 2692; x_wconf 87' lang='lat' dir='ltr'><strong>ut</strong></span> <span class='ocrx_word' id='word_1_273' title='bbox 1460 2650 1519 2692; x_wconf 94' lang='lat' dir='ltr'><strong>IV</strong></span> <span class='ocrx_word' id='word_1_274' title='bbox 1535 2652 1591 2695; x_wconf 81' lang='lat'><strong>52</strong></span> <span class='ocrx_word' id='word_1_275' title='bbox 1604 2665 1613 2692; x_wconf 80' lang='lat' dir='ltr'><strong><em>z</em></strong></span> <span class='ocrx_word' id='word_1_276' title='bbox 1628 2651 1662 2692; x_wconf 85' lang='lat' dir='ltr'><strong><em>A</em></strong></span> <span class='ocrx_word' id='word_1_277' title='bbox 1668 2653 1871 2708; x_wconf 76' lang='lat' dir='ltr'><strong>yrippina</strong></span> <span class='ocrx_word' id='word_1_278' title='bbox 1885 2665 2050 2709; x_wconf 80' lang='lat' dir='ltr'><strong>semper</strong></span> 
     </span>
     <span class='ocr_line' id='line_1_38' title="bbox 1181 2711 2049 2768; baseline 0.001 -17"><span class='ocrx_word' id='word_1_279' title='bbox 1181 2718 1328 2763; x_wconf 71' lang='lat' dir='ltr'><strong>atroce,</strong></span> <span class='ocrx_word' id='word_1_280' title='bbox 1376 2718 1460 2752; x_wconf 82' lang='lat' dir='ltr'><strong>tum</strong></span> <span class='ocrx_word' id='word_1_281' title='bbox 1493 2718 1531 2751; x_wconf 79' lang='lat' dir='ltr'><strong>et</strong></span> <span class='ocrx_word' id='word_1_282' title='bbox 1560 2711 1750 2766; x_wconf 80' lang='lat' dir='ltr'><strong>periculo</strong></span> <span class='ocrx_word' id='word_1_283' title='bbox 1780 2713 2049 2768; x_wconf 79' lang='lat' dir='ltr'><strong>propinquae</strong></span> 
     </span>
     <span class='ocr_line' id='line_1_39' title="bbox 1180 2769 2049 2824; baseline 0.002 -14"><span class='ocrx_word' id='word_1_284' title='bbox 1180 2783 1379 2811; x_wconf 87' lang='lat' dir='ltr'><strong>accensa.</strong></span> <span class='ocrx_word' id='word_1_285' title='bbox 1443 2769 1540 2810; x_wconf 83' lang='lat' dir='ltr'>XIII</span> <span class='ocrx_word' id='word_1_286' title='bbox 1575 2771 1651 2812; x_wconf 80' lang='lat'><strong>13:</strong></span> <span class='ocrx_word' id='word_1_287' title='bbox 1685 2770 1947 2824; x_wconf 81' lang='lat' dir='ltr'><strong>orabantque</strong></span> <span class='ocrx_word' id='word_1_288' title='bbox 1970 2785 2049 2812; x_wconf 84' lang='lat' dir='ltr'><strong>ca-</strong></span> 
     </span>
     <span class='ocr_line' id='line_1_40' title="bbox 1176 2827 2048 2885; baseline 0.003 -17"><span class='ocrx_word' id='word_1_289' title='bbox 1176 2843 1274 2869; x_wconf 75' lang='lat' dir='ltr'><strong>vere</strong></span> <span class='ocrx_word' id='word_1_290' title='bbox 1288 2829 1469 2869; x_wconf 79' lang='lat' dir='ltr'><strong>insidias</strong></span> <span class='ocrx_word' id='word_1_291' title='bbox 1486 2827 1676 2869; x_wconf 84' lang='lat' dir='ltr'><strong>mulieris</strong></span> <span class='ocrx_word' id='word_1_292' title='bbox 1693 2843 1858 2885; x_wconf 80' lang='lat' dir='ltr'><strong>semper</strong></span> <span class='ocrx_word' id='word_1_293' title='bbox 1874 2831 2048 2882; x_wconf 80' lang='lat' dir='ltr'><strong>atrocis,</strong></span> 
     </span>
     <span class='ocr_line' id='line_1_41' title="bbox 1178 2885 2050 2943; baseline 0.003 -16"><span class='ocrx_word' id='word_1_294' title='bbox 1178 2894 1262 2927; x_wconf 86' lang='lat' dir='ltr'><strong>tum</strong></span> <span class='ocrx_word' id='word_1_295' title='bbox 1296 2894 1335 2928; x_wconf 83' lang='lat' dir='ltr'><strong>et</strong></span> <span class='ocrx_word' id='word_1_296' title='bbox 1363 2887 1519 2942; x_wconf 73' lang='lat' dir='ltr'><strong>falsae.</strong></span> <span class='ocrx_word' id='word_1_297' title='bbox 1560 2885 1660 2929; x_wconf 89' lang='lat' dir='ltr'><strong>XIV</strong></span> <span class='ocrx_word' id='word_1_298' title='bbox 1687 2888 1771 2930; x_wconf 86' lang='lat'><strong>61:</strong></span> <span class='ocrx_word' id='word_1_299' title='bbox 1805 2902 1912 2943; x_wconf 84' lang='lat' dir='ltr'><strong>quae</strong></span> <span class='ocrx_word' id='word_1_300' title='bbox 1937 2902 2050 2930; x_wconf 90' lang='lat' dir='ltr'><strong>sem-</strong></span> 
     </span>
     <span class='ocr_line' id='line_1_42' title="bbox 1175 2946 1910 3001; baseline 0.004 -16"><span class='ocrx_word' id='word_1_301' title='bbox 1175 2960 1254 3001; x_wconf 87' lang='lat' dir='ltr'><strong>per</strong></span> <span class='ocrx_word' id='word_1_302' title='bbox 1286 2946 1404 2998; x_wconf 87' lang='lat' dir='ltr'><strong>odio,</strong></span> <span class='ocrx_word' id='word_1_303' title='bbox 1439 2954 1523 2987; x_wconf 84' lang='lat' dir='ltr'><strong>tum</strong></span> <span class='ocrx_word' id='word_1_304' title='bbox 1556 2953 1594 2988; x_wconf 80' lang='lat' dir='ltr'><strong>et</strong></span> <span class='ocrx_word' id='word_1_305' title='bbox 1623 2954 1734 2988; x_wconf 86' lang='lat' dir='ltr'><strong>melu</strong></span> <span class='ocrx_word' id='word_1_306' title='bbox 1769 2955 1910 2989; x_wconf 77' lang='lat' dir='ltr'><strong>atrox.</strong></span> 
     </span>
    </p>

    <p class='ocr_par' dir='ltr' id='par_1_15' title="bbox 1180 3003 2050 3175">
     <span class='ocr_line' id='line_1_43' title="bbox 1276 3003 2050 3061; baseline 0.004 -15"><span class='ocrx_word' id='word_1_307' title='bbox 1276 3003 1379 3058; x_wconf 85' lang='lat' dir='ltr'><strong>Cap.</strong></span> <span class='ocrx_word' id='word_1_308' title='bbox 1431 3005 1504 3047; x_wconf 76' lang='lat'><strong>45.</strong></span> <span class='ocrx_word' id='word_1_309' title='bbox 1580 3007 1820 3061; x_wconf 79' lang='lat' dir='ltr'><strong>Hercyniae</strong></span> <span class='ocrx_word' id='word_1_310' title='bbox 1876 3007 2050 3049; x_wconf 83' lang='lat' dir='ltr'><strong>latebris</strong></span> 
     </span>
     <span class='ocr_line' id='line_1_44' title="bbox 1181 3063 2050 3117; baseline 0.005 -14"><span class='ocrx_word' id='word_1_311' title='bbox 1181 3063 1422 3117; x_wconf 75' lang='lat' dir='ltr'><strong>defensum.-</strong></span> <span class='ocrx_word' id='word_1_312' title='bbox 1472 3064 1588 3105; x_wconf 82' lang='lat' dir='ltr'><strong>conl&#39;.</strong></span> <span class='ocrx_word' id='word_1_313' title='bbox 1639 3065 1791 3107; x_wconf 81' lang='lat' dir='ltr'><strong>Strabo</strong></span> <span class='ocrx_word' id='word_1_314' title='bbox 1838 3065 1915 3106; x_wconf 86' lang='lat' dir='ltr'><strong>Vll</strong></span> <span class='ocrx_word' id='word_1_315' title='bbox 1960 3067 1979 3107; x_wconf 89' lang='lat'>1</span> <span class='ocrx_word' id='word_1_316' title='bbox 2023 3067 2050 3107; x_wconf 89' lang='lat'><strong>3</strong></span> 
     </span>
     <span class='ocr_line' id='line_1_45' title="bbox 1180 3122 1823 3175; baseline 0.002 -12"><span class='ocrx_word' id='word_1_317' title='bbox 1180 3135 1221 3175; x_wconf 90' lang='lat' dir='ltr'><strong>p.</strong></span> <span class='ocrx_word' id='word_1_318' title='bbox 1256 3122 1356 3165; x_wconf 84' lang='lat'><strong>290.</strong></span> <span class='ocrx_word' id='word_1_319' title='bbox 1424 3122 1622 3163; x_wconf 87' lang='lat' dir='ltr'><strong>Velleius</strong></span> <span class='ocrx_word' id='word_1_320' title='bbox 1653 3123 1690 3163; x_wconf 89' lang='lat'><strong>11</strong></span> <span class='ocrx_word' id='word_1_321' title='bbox 1726 3124 1823 3166; x_wconf 86' lang='grc'><strong>108.</strong></span> 
     </span>
    </p>
   </div>
   <div class='ocr_carea' id='block_1_15' title="bbox 224 3178 1100 3705">
    <p class='ocr_par' dir='ltr' id='par_1_16' title="bbox 224 3178 1100 3705">
     <span class='ocr_line' id='line_1_46' title="bbox 228 3178 1093 3235; baseline 0.002 -17"><span class='ocrx_word' id='word_1_322' title='bbox 228 3189 376 3218; x_wconf 84' lang='lat' dir='ltr'><strong>manos</strong></span> <span class='ocrx_word' id='word_1_323' title='bbox 402 3178 624 3220; x_wconf 81' lang='lat' dir='ltr'><strong>toleratis:</strong></span> <span class='ocrx_word' id='word_1_324' title='bbox 659 3178 790 3220; x_wconf 87' lang='lat' dir='ltr'><strong>Suevi</strong></span> <span class='ocrx_word' id='word_1_325' title='bbox 826 3181 961 3235; x_wconf 89' lang='lat' dir='ltr'><strong>igitur</strong></span> <span class='ocrx_word' id='word_1_326' title='bbox 985 3193 1093 3221; x_wconf 88' lang='lat' dir='ltr'><strong>ean-</strong></span> 
     </span>
     <span class='ocr_line' id='line_1_47' title="bbox 229 3234 1096 3292; baseline 0.002 -16"><span class='ocrx_word' id='word_1_327' title='bbox 229 3234 324 3276; x_wconf 91' lang='lat' dir='ltr'><strong>dem</strong></span> <span class='ocrx_word' id='word_1_328' title='bbox 349 3236 420 3277; x_wconf 86' lang='lat' dir='ltr'><strong>vel</strong></span> <span class='ocrx_word' id='word_1_329' title='bbox 441 3238 644 3278; x_wconf 86' lang='lat' dir='ltr'><strong>maiorem</strong></span> <span class='ocrx_word' id='word_1_330' title='bbox 665 3236 847 3292; x_wconf 85' lang='lat' dir='ltr'><strong>gloriam</strong></span> <span class='ocrx_word' id='word_1_331' title='bbox 865 3238 1096 3292; x_wconf 83' lang='lat' dir='ltr'><strong>sperabant</strong></span> 
     </span>
     <span class='ocr_line' id='line_1_48' title="bbox 229 3293 1095 3346; baseline 0.002 -12"><span class='ocrx_word' id='word_1_332' title='bbox 229 3307 276 3334; x_wconf 86' lang='lat' dir='ltr'><strong>se</strong></span> <span class='ocrx_word' id='word_1_333' title='bbox 309 3293 470 3335; x_wconf 83' lang='lat' dir='ltr'><strong>laturos</strong></span> <span class='ocrx_word' id='word_1_334' title='bbox 504 3308 622 3346; x_wconf 87' lang='lat' dir='ltr'><strong>esse,</strong></span> <span class='ocrx_word' id='word_1_335' title='bbox 667 3295 703 3335; x_wconf 85' lang='lat' dir='ltr'><strong>si</strong></span> <span class='ocrx_word' id='word_1_336' title='bbox 737 3294 981 3338; x_wconf 88' lang='lat' dir='ltr'><strong>Cheruscos</strong></span> <span class='ocrx_word' id='word_1_337' title='bbox 1015 3297 1095 3337; x_wconf 89' lang='lat' dir='ltr'><strong>de-</strong></span> 
     </span>
     <span class='ocr_line' id='line_1_49' title="bbox 228 3353 1096 3396; baseline 0.002 -2"><span class='ocrx_word' id='word_1_338' title='bbox 228 3353 455 3394; x_wconf 87' lang='lat' dir='ltr'><strong>vicissent.</strong></span> <span class='ocrx_word' id='word_1_339' title='bbox 519 3353 643 3394; x_wconf 82' lang='lat' dir='ltr'><strong>Conf.</strong></span> <span class='ocrx_word' id='word_1_340' title='bbox 688 3353 744 3394; x_wconf 91' lang='lat'><strong>111</strong></span> <span class='ocrx_word' id='word_1_341' title='bbox 798 3355 877 3396; x_wconf 86' lang='lat'><strong>18:</strong></span> <span class='ocrx_word' id='word_1_342' title='bbox 926 3363 965 3396; x_wconf 84' lang='lat' dir='ltr'><strong>et</strong></span> <span class='ocrx_word' id='word_1_343' title='bbox 1012 3362 1096 3395; x_wconf 75' lang='lat' dir='ltr'><strong>lum</strong></span> 
     </span>
     <span class='ocr_line' id='line_1_50' title="bbox 224 3410 1096 3469; baseline 0.002 -18"><span class='ocrx_word' id='word_1_344' title='bbox 224 3410 388 3467; x_wconf 84' lang='lat' dir='ltr'><strong>pudore</strong></span> <span class='ocrx_word' id='word_1_345' title='bbox 419 3411 636 3453; x_wconf 79' lang='lat' dir='ltr'><strong>absolutae</strong></span> <span class='ocrx_word' id='word_1_346' title='bbox 676 3410 911 3453; x_wconf 85' lang='lat' dir='ltr'><strong>Plancinae</strong></span> <span class='ocrx_word' id='word_1_347' title='bbox 938 3413 1096 3469; x_wconf 90' lang='lat' dir='ltr'><strong>placa-</strong></span> 
     </span>
     <span class='ocr_line' id='line_1_51' title="bbox 230 3469 1097 3514; baseline 0.001 -4"><span class='ocrx_word' id='word_1_348' title='bbox 230 3469 369 3512; x_wconf 80' lang='lat' dir='ltr'><strong>bilior.</strong></span> <span class='ocrx_word' id='word_1_349' title='bbox 425 3470 484 3511; x_wconf 93' lang='lat' dir='ltr'><strong>IV</strong></span> <span class='ocrx_word' id='word_1_350' title='bbox 516 3471 603 3514; x_wconf 80' lang='lat'><strong>28:</strong></span> <span class='ocrx_word' id='word_1_351' title='bbox 638 3471 690 3511; x_wconf 86' lang='lat' dir='ltr'><strong>ab</strong></span> <span class='ocrx_word' id='word_1_352' title='bbox 723 3470 850 3513; x_wconf 75' lang='lat' dir='ltr'><strong>exilio</strong></span> <span class='ocrx_word' id='word_1_353' title='bbox 887 3478 1097 3513; x_wconf 80' lang='lat' dir='ltr'><strong>retractus</strong></span> 
     </span>
     <span class='ocr_line' id='line_1_52' title="bbox 229 3528 1099 3584; baseline 0.002 -16"><span class='ocrx_word' id='word_1_354' title='bbox 229 3528 467 3584; x_wconf 80' lang='lat' dir='ltr'><strong>inluvieque</strong></span> <span class='ocrx_word' id='word_1_355' title='bbox 516 3544 569 3571; x_wconf 91' lang='lat' dir='ltr'><strong>ac</strong></span> <span class='ocrx_word' id='word_1_356' title='bbox 621 3529 817 3583; x_wconf 80' lang='lat' dir='ltr'><strong>squalore</strong></span> <span class='ocrx_word' id='word_1_357' title='bbox 865 3530 1020 3571; x_wconf 77' lang='lat' dir='ltr'><strong>obsims</strong></span> <span class='ocrx_word' id='word_1_358' title='bbox 1060 3537 1099 3570; x_wconf 77' lang='lat' dir='ltr'><strong>el</strong></span> 
     </span>
     <span class='ocr_line' id='line_1_53' title="bbox 231 3588 1100 3644; baseline 0 -16"><span class='ocrx_word' id='word_1_359' title='bbox 231 3594 317 3629; x_wconf 79' lang='lat' dir='ltr'><strong>tum</strong></span> <span class='ocrx_word' id='word_1_360' title='bbox 355 3596 510 3631; x_wconf 80' lang='lat' dir='ltr'><strong>catena</strong></span> <span class='ocrx_word' id='word_1_361' title='bbox 555 3590 719 3630; x_wconf 75' lang='lat' dir='ltr'><strong>vinctus</strong></span> <span class='ocrx_word' id='word_1_362' title='bbox 764 3595 905 3644; x_wconf 79' lang='lat' dir='ltr'><strong>paler.</strong></span> <span class='ocrx_word' id='word_1_363' title='bbox 967 3588 1100 3630; x_wconf 82' lang='lat' dir='ltr'><strong>Aliud</strong></span> 
     </span>
     <span class='ocr_line' id='line_1_54' title="bbox 235 3646 1100 3705; baseline 0 -14"><span class='ocrx_word' id='word_1_364' title='bbox 235 3652 300 3691; x_wconf 82' lang='lat' dir='ltr'><strong>est</strong></span> <span class='ocrx_word' id='word_1_365' title='bbox 328 3653 414 3690; x_wconf 76' lang='lat' dir='ltr'><strong>tum</strong></span> <span class='ocrx_word' id='word_1_366' title='bbox 452 3655 521 3690; x_wconf 79' lang='lat' dir='ltr'><strong>et.-</strong></span> <span class='ocrx_word' id='word_1_367' title='bbox 571 3660 624 3691; x_wconf 91' lang='lat' dir='ltr'><strong>eo</strong></span> <span class='ocrx_word' id='word_1_368' title='bbox 674 3661 835 3691; x_wconf 85' lang='lat' dir='ltr'><strong>novum</strong></span> <span class='ocrx_word' id='word_1_369' title='bbox 878 3647 981 3705; x_wconf 91' lang='lat' dir='ltr'><strong>quid</strong></span> <span class='ocrx_word' id='word_1_370' title='bbox 1020 3646 1100 3691; x_wconf 82' lang='lat' dir='ltr'><strong>ad-</strong></span> 
     </span>
    </p>
   </div>
   <div class='ocr_carea' id='block_1_16' title="bbox 317 3747 518 3787">
    <p class='ocr_par' dir='ltr' id='par_1_17' title="bbox 317 3747 518 3787">
     <span class='ocr_line' id='line_1_55' title="bbox 317 3747 518 3787; baseline -0.01 0"><span class='ocrx_word' id='word_1_371' title='bbox 317 3747 466 3787; x_wconf 68' lang='lat' dir='ltr'><strong>Tacitus</strong></span> <span class='ocrx_word' id='word_1_372' title='bbox 491 3749 518 3787; x_wconf 88' lang='lat'><strong>1.</strong></span> 
     </span>
    </p>
   </div>
   <div class='ocr_carea' id='block_1_17' title="bbox 1178 3180 2054 3697">
    <p class='ocr_par' dir='ltr' id='par_1_18' title="bbox 1178 3180 2049 3292">
     <span class='ocr_line' id='line_1_56' title="bbox 1267 3180 2049 3235; baseline 0 -15"><span class='ocrx_word' id='word_1_373' title='bbox 1267 3195 1347 3235; x_wconf 91' lang='lat' dir='ltr'><strong>per</strong></span> <span class='ocrx_word' id='word_1_374' title='bbox 1379 3180 1493 3221; x_wconf 73' lang='lat' dir='ltr'><strong>(lona</strong></span> <span class='ocrx_word' id='word_1_375' title='bbox 1525 3188 1564 3221; x_wconf 84' lang='lat' dir='ltr'><strong>et</strong></span> <span class='ocrx_word' id='word_1_376' title='bbox 1593 3181 1825 3235; x_wconf 70' lang='lat' dir='ltr'><strong>leqationes</strong></span> <span class='ocrx_word' id='word_1_377' title='bbox 1852 3181 2049 3235; x_wconf 85' lang='lat' dir='ltr'><strong>petivisse</strong></span> 
     </span>
     <span class='ocr_line' id='line_1_57' title="bbox 1178 3237 2046 3292; baseline 0.002 -14"><span class='ocrx_word' id='word_1_378' title='bbox 1178 3239 1353 3292; x_wconf 78' lang='lat' dir='ltr'><strong>foedus:</strong></span> <span class='ocrx_word' id='word_1_379' title='bbox 1387 3252 1429 3279; x_wconf 89' lang='lat' dir='ltr'><strong>v.</strong></span> <span class='ocrx_word' id='word_1_380' title='bbox 1463 3238 1499 3278; x_wconf 90' lang='lat' dir='ltr'><strong>II</strong></span> <span class='ocrx_word' id='word_1_381' title='bbox 1530 3239 1601 3281; x_wconf 80' lang='lat'><strong>26.</strong></span> <span class='ocrx_word' id='word_1_382' title='bbox 1649 3239 1845 3279; x_wconf 83' lang='lat' dir='ltr'><strong>Velleius</strong></span> <span class='ocrx_word' id='word_1_383' title='bbox 1878 3239 1914 3278; x_wconf 89' lang='lat' dir='ltr'><strong>ll</strong></span> <span class='ocrx_word' id='word_1_384' title='bbox 1949 3237 2046 3280; x_wconf 85' lang='lat'><strong>109.</strong></span> 
     </span>
    </p>

    <p class='ocr_par' dir='ltr' id='par_1_19' title="bbox 1181 3295 2052 3574">
     <span class='ocr_line' id='line_1_58' title="bbox 1269 3295 2050 3350; baseline 0 -14"><span class='ocrx_word' id='word_1_385' title='bbox 1269 3295 1372 3349; x_wconf 83' lang='lat' dir='ltr'><strong>Gap.</strong></span> <span class='ocrx_word' id='word_1_386' title='bbox 1407 3295 1479 3338; x_wconf 79' lang='grc'><strong>46.</strong></span> <span class='ocrx_word' id='word_1_387' title='bbox 1540 3295 1656 3337; x_wconf 81' lang='lat' dir='ltr'><strong>illius</strong></span> <span class='ocrx_word' id='word_1_388' title='bbox 1700 3296 1888 3337; x_wconf 80' lang='lat' dir='ltr'><strong>consiliis</strong></span> <span class='ocrx_word' id='word_1_389' title='bbox 1931 3303 2050 3350; x_wconf 68' lang='lat' dir='ltr'><strong>qesta</strong></span> 
     </span>
     <span class='ocr_line' id='line_1_59' title="bbox 1181 3355 2050 3408; baseline 0.001 -14"><span class='ocrx_word' id='word_1_390' title='bbox 1181 3368 1287 3407; x_wconf 84' lang='lat' dir='ltr'><strong>quae</strong></span> <span class='ocrx_word' id='word_1_391' title='bbox 1295 3368 1500 3408; x_wconf 85' lang='lat' dir='ltr'><strong>prospere</strong></span> <span class='ocrx_word' id='word_1_392' title='bbox 1515 3355 1747 3397; x_wconf 79' lang='lat' dir='ltr'><strong>ceciderint</strong></span> <span class='ocrx_word' id='word_1_393' title='bbox 1759 3370 1772 3394; x_wconf 92' lang='lat'><strong>.·</strong></span> <span class='ocrx_word' id='word_1_394' title='bbox 1786 3356 2050 3395; x_wconf 82' lang='lat' dir='ltr'><strong>contrarium</strong></span> 
     </span>
     <span class='ocr_line' id='line_1_60' title="bbox 1182 3412 2051 3464; baseline 0.001 -12"><span class='ocrx_word' id='word_1_395' title='bbox 1182 3425 1278 3452; x_wconf 87' lang='lat' dir='ltr'><strong>esse</strong></span> <span class='ocrx_word' id='word_1_396' title='bbox 1311 3425 1459 3453; x_wconf 86' lang='lat' dir='ltr'><strong>verum</strong></span> <span class='ocrx_word' id='word_1_397' title='bbox 1492 3414 1584 3464; x_wconf 86' lang='lat' dir='ltr'><strong>ipsc</strong></span> <span class='ocrx_word' id='word_1_398' title='bbox 1606 3412 1678 3454; x_wconf 91' lang='lat' dir='ltr'><strong>hic</strong></span> <span class='ocrx_word' id='word_1_399' title='bbox 1700 3418 1849 3454; x_wconf 88' lang='lat' dir='ltr'><strong>noster</strong></span> <span class='ocrx_word' id='word_1_400' title='bbox 1868 3419 2051 3454; x_wconf 76' lang='lat' dir='ltr'><strong>testatur</strong></span> 
     </span>
     <span class='ocr_line' id='line_1_61' title="bbox 1182 3469 2052 3514; baseline 0.003 -4"><span class='ocrx_word' id='word_1_401' title='bbox 1182 3470 1199 3510; x_wconf 93' lang='lat'>1</span> <span class='ocrx_word' id='word_1_402' title='bbox 1242 3469 1315 3512; x_wconf 86' lang='lat'><strong>68.</strong></span> <span class='ocrx_word' id='word_1_403' title='bbox 1437 3484 1530 3511; x_wconf 80' lang='lat' dir='ltr'><strong>cum</strong></span> <span class='ocrx_word' id='word_1_404' title='bbox 1580 3473 1768 3513; x_wconf 76' lang='lat' dir='ltr'><strong>coniunoe</strong></span> <span class='ocrx_word' id='word_1_405' title='bbox 1807 3497 1864 3504; x_wconf 92' lang='lat'>—</span> <span class='ocrx_word' id='word_1_406' title='bbox 1911 3472 2052 3514; x_wconf 74' lang='lat' dir='ltr'><strong>adhuc</strong></span> 
     </span>
     <span class='ocr_line' id='line_1_62' title="bbox 1184 3528 1904 3574; baseline 0.006 -6"><span class='ocrx_word' id='word_1_407' title='bbox 1184 3528 1389 3570; x_wconf 78' lang='lat' dir='ltr'><strong>colerent.-</strong></span> <span class='ocrx_word' id='word_1_408' title='bbox 1422 3541 1464 3570; x_wconf 81' lang='grc' dir='ltr'><strong>ν.</strong></span> <span class='ocrx_word' id='word_1_409' title='bbox 1499 3536 1646 3572; x_wconf 86' lang='lat' dir='ltr'><strong>annot.</strong></span> <span class='ocrx_word' id='word_1_410' title='bbox 1681 3531 1733 3572; x_wconf 87' lang='lat' dir='ltr'><strong>ad</strong></span> <span class='ocrx_word' id='word_1_411' title='bbox 1764 3530 1800 3572; x_wconf 89' lang='grc' dir='ltr'><strong>ΙΙ</strong></span> <span class='ocrx_word' id='word_1_412' title='bbox 1836 3531 1904 3574; x_wconf 91' lang='grc'><strong>10.</strong></span> 
     </span>
    </p>

    <p class='ocr_par' dir='ltr' id='par_1_20' title="bbox 1184 3588 2054 3697">
     <span class='ocr_line' id='line_1_63' title="bbox 1270 3588 2054 3646; baseline 0.001 -17"><span class='ocrx_word' id='word_1_413' title='bbox 1270 3594 1315 3629; x_wconf 81' lang='lat' dir='ltr'><strong>at</strong></span> <span class='ocrx_word' id='word_1_414' title='bbox 1332 3602 1376 3629; x_wconf 88' lang='lat' dir='ltr'><strong>se</strong></span> <span class='ocrx_word' id='word_1_415' title='bbox 1397 3588 1615 3631; x_wconf 84' lang='lat' dir='ltr'><strong>duodecim</strong></span> <span class='ocrx_word' id='word_1_416' title='bbox 1630 3590 1864 3646; x_wconf 69' lang='lat' dir='ltr'><strong>leqionibus</strong></span> <span class='ocrx_word' id='word_1_417' title='bbox 1879 3590 2054 3646; x_wconf 79' lang='lat' dir='ltr'><strong>petitum</strong></span> 
     </span>
     <span class='ocr_line' id='line_1_64' title="bbox 1184 3648 2049 3697; baseline 0.002 -7"><span class='ocrx_word' id='word_1_418' title='bbox 1184 3649 1508 3692; x_wconf 48' lang='lat' dir='ltr'><strong>*servavissu</strong></span> <span class='ocrx_word' id='word_1_419' title='bbox 1532 3648 1731 3693; x_wconf 87' lang='lat' dir='ltr'><strong>Velleius</strong></span> <span class='ocrx_word' id='word_1_420' title='bbox 1751 3648 2049 3697; x_wconf 54' lang='lat'><strong>11109-110.</strong></span> 
     </span>
    </p>
   </div>
   <div class='ocr_carea' id='block_1_18' title="bbox 1692 3728 1724 3784">
    <p class='ocr_par' dir='ltr' id='par_1_21' title="bbox 1692 3728 1724 3784">
     <span class='ocr_line' id='line_1_65' title="bbox 1692 3728 1724 3784; baseline 0 0"><span class='ocrx_word' id='word_1_421' title='bbox 1692 3728 1724 3784; x_wconf 87' lang='lat'>9</span> 
     </span>
    </p>
   </div>
  </div>
 </body>
</html>
