2280 4004
22 0 267 80 ..asna-te,
337 18 399 62 ‘Ca
420 9 597 68 Curam«
615 5 724 72 [ζῇ
782 15 861 61 cz..
923 33 984 64 M
1013 1 1096 68 Q

64 104 134 187 Οἳ
157 96 435 186 filgfftzttfffffflsff
484 144 498 148 -

174 307 200 338 a
231 292 279 338 C.
312 297 384 340 24.

733 295 896 339 LIBER
927 296 1003 338 lv.
1068 295 1173 338 CAr.
1211 295 1398 338 16-19,

1134 27 1175 65 οὗ(
1188 38 1208 55 Ρ
1262 0 1317 99 l(
1389 0 1523 57 &Kisa-³¹⁶⁴.
1551 11 1595 44 [a.
1690 13 1719 37 θ’
1758 0 1838 69 ffffim
1855 25 1874 39 ,s
1912 0 1927 35 ζ’

1183 60 1192 68 «
1274 63 1278 75 Ἴ,
1386 60 1395 71 ‚
1589 63 1591 65 Ι

1906 289 1992 335 254

175 437 470 502 abnuerent,
499 436 698 487 modice
726 436 979 502 perstricti
1020 436 1230 497 (etenim
1270 448 1387 500 pars
1417 447 1599 500 magna
1638 447 1666 482 e
1699 429 1995 498 propinquis

175 528 331 596 ipsius
360 532 443 578 aut
469 527 719 594 primores
745 527 960 578 civitatis
992 531 1161 591 erant)
1185 544 1195 576 z
1237 529 1458 576 ceterum
1485 524 1536 573 in
1561 527 1739 575 senatu
1765 521 1994 574 oratione

175 619 366 670 monuit
412 619 463 668 in
509 623 765 684 posterum
814 633 879 668 ne
930 618 1040 683 quis
1095 617 1307 668 mobiles
1358 614 1755 668 adulescentium
1797 613 1993 666 animos

173 710 505 778 praematuris
569 709 850 762 honoribus
913 709 976 759 ad
1045 709 1334 774 superbiam
1394 706 1674 760 extolleret.

167 802 356 883 ,quippe
395 800 637 865 Seianm,
690 800 1055 866 incusabatque
1114 799 1367 850 diductam
1430 798 1710 861 civitatem,
1766 801 1820 847 ut
1858 795 2035 849 civilis

1774 704 1995 769 Instabat

174 891 337 955 bello;
387 906 503 943 esse
542 892 625 957 qui
663 906 719 943 se
753 892 967 958 partium
1005 891 1319 959 Agrippinae
1354 893 1556 953 vocent,
1598 904 1658 939 ac
1694 887 1746 938 ni
1781 887 1997 938 resista-

176 987 271 1048 tur3
312 982 424 1035 fore
460 983 648 1049 pluris3
702 997 867 1053 neque
906 982 1039 1033 aliud
1077 981 1342 1049 gliscentis
1381 979 1674 1032 discordiae
1716 979 1995 1031 remedium

95 1084 160 1133 18
176 1089 322 1141 quam
370 1075 414 1126 si
459 1089 586 1125 unus
626 1074 816 1126 alterve
853 1073 1068 1127 maxime
1119 1071 1335 1138 prompti
1381 1071 1813 1123 subverterentur.

177 1179 328 1217 causa
367 1164 543 1217 Gaium
579 1165 754 1218 Silium
793 1170 841 1216 et
879 1165 1058 1215 Titium
1097 1163 1335 1217 Sabinum
1375 1161 1687 1229 adgreditur.

1889 1070 1996 1130 Qua

1760 1160 1998 1214 Amicitia

2034 0 2151 57 fimf

177 1255 463 1309 Germanici
500 1256 790 1324 perniciosa
826 1256 1041 1323 utrique,
1083 1255 1206 1308 Silio
1237 1259 1285 1306 et
1322 1254 1457 1321 quod
1492 1253 1713 1320 ingentis
1746 1252 1998 1304 exercitus
2020 1267 2067 1310 io

121 1336 125 1340 ’
175 1353 365 1415 septem
425 1363 518 1415 per
574 1362 734 1400 annos
789 1347 1114 1411 moderator,
1185 1346 1444 1414 partisque
1493 1344 1623 1412 apud
1679 1342 2000 1396 Germaniam

176 1438 557 1509 triumphalibus
592 1438 938 1492 Sacroviriani
986 1438 1106 1489 belli
1154 1438 1348 1501 victor,
1413 1440 1598 1502 quanto
1638 1435 1831 1486 maiore
1866 1435 2001 1486 mole

176 1527 482 1594 procideret,
518 1529 628 1595 plus
667 1529 952 1580 formidinis
981 1529 1033 1579 in
1073 1529 1200 1580 alios
1237 1526 1638 1595 dispergebatur.

177 1619 406 1685 plerique
442 1626 638 1671 auctam
677 1619 1012 1672 offensionem
1061 1620 1218 1686 ipsius
1256 1618 1671 1685 intemperantia,
1731 1617 2001 1670 immodice

178 1709 412 1762 iactantis
453 1725 596 1762 suum
643 1711 852 1762 militem
907 1711 958 1760 in
1012 1709 1259 1776 obsequio
1300 1709 1598 1773 duravisse,

178 1800 456 1853 seditiones
491 1801 904 1868 prolaberentur3
951 1818 1116 1871 neque
1155 1816 1444 1855 mansurum
1480 1801 1680 1852 Tiberio
1719 1801 1999 1868 imperium,

178 1892 223 1944 si
259 1892 321 1944 iis
358 1907 572 1961 quoque¹
596 1894 886 1962 legionibus
929 1895 1110 1961 cupido
1143 1893 1368 1945 novandi
1404 1893 1598 1945 suisset.

179 1982 306 2034 haec
333 1983 583 2035 fortunam
608 1999 749 2035 suam
778 1985 985 2049 Caesar,
1027 1985 1369 2056 imparemque
1398 1988 1536 2057 tanto
1560 1982 1740 2034 merito
1778 1982 2000 2052 rebatur.

180 2073 304 2125 Nam
326 2072 574 2127 beneficia
599 2088 659 2124 eo
692 2089 852 2140 usque
877 2074 1010 2126 laeta
1047 2056 1323 2139 siinffdurn
1353 2058 1589 2125 videntur
1626 2073 1792 2125 exolvi
1820 2088 1999 2140 posse:

99 2168 166 2217 19
180 2163 265 2215 ubi
302 2163 505 2215 multum
527 2170 852 2232 antevenere,
888 2179 979 2229 pro
1015 2164 1177 2231 gratia
1208 2163 1377 2214 odium
1403 2164 1647 2215 redditur.

203 2226 350 2236 ...νυ-ν,
357 2220 504 2231 ὀ--ψῆωωμις
509 2223 511 2226 ,
517 2222 524 2225 ,

180 2253 303 2305 Silio
341 2254 488 2306 Sosia
530 2253 699 2319 Galla,
761 2254 968 2305 caritate
1005 2254 1317 2322 Agrippinae
1364 2254 1525 2306 invisa
1577 2254 1810 2320 principi.

281 2414 323 2459 5.
358 2413 579 2458 deductam
609 2415 665 2459 M.

741 2417 780 2459 7.
816 2415 924 2458 aliut
953 2416 1007 2458 M.
1072 2416 1112 2459 9.
1151 2416 1199 2458 G.
1234 2416 1288 2458 M.

1898 2255 2002 2306 Hos

1386 2416 1453 2459 13.
1483 2415 1738 2471 procederet
1766 2415 1832 2458 M:
1866 2415 2001 2457 tacite

182 2474 372 2516 correxit
401 2473 654 2519 Rhenanus.
719 2475 787 2520 18.
818 2476 1094 2533 inparemque
1127 2476 1182 2518 M.
1249 2475 1315 2520 19.
1348 2476 1558 2530 ueneficia
1588 2475 1644 2517 M.
1720 2489 1806 2518 cxs.
1840 2474 1911 2517 Or.

264 2609 563 2658 percontatus:
596 2603 707 2646 hanc
723 2604 844 2647 verbi
863 2604 1044 2646 formam

182 2662 224 2702 in
257 2661 295 2703 M
326 2674 424 2704 esse
456 2661 499 2704 h.
533 2663 562 2705 l.
597 2665 848 2705 testimonio
879 2664 1045 2706 Baiteri

183 2726 368 2773 constat,
404 2722 508 2762 item
540 2723 584 2763 in
620 2723 682 2764 Ma
714 2731 1047 2779 percontaretur

182 2778 238 2821 xl
264 2781 306 2822 2.
361 2779 455 2830 Quo
487 2782 713 2836 utriusque
747 2783 911 2824 codicis
938 2795 1047 2824 con-

182 2849 313 2878 sensu
344 2838 456 2879 idem
490 2839 595 2880 alibi
627 2842 814 2893 restitui,
847 2847 894 2881 ut
924 2841 961 2882 Π
990 2843 1048 2884 40

179 2897 467 2950 percontanti,
503 2897 580 2939 XV
605 2899 661 2940 58
687 2902 1049 2954 percontationes,

183 2953 256 2994 ubi
270 2952 460 2996 Orellius
480 2959 782 3011 percunctanti
798 2964 841 3000 et
855 2973 1048 3014 percun-

186 3013 405 3065 ctationes,
433 3015 644 3056 incertum
665 3029 719 3057 an
748 3031 801 3059 ex
820 3018 987 3060 codice.

271 3084 325 3112 ne
366 3073 456 3127 quis
493 3074 665 3117 mobiles
709 3101 764 3108 -—
798 3077 1043 3119 extolleret:

186 3129 619 3176 Sueton.Tibe1·.54:
653 3135 735 3191 eyit
769 3150 861 3177 cum
881 3143 1044 3188 senatu,

185 3200 271 3227 non
326 3189 476 3231 debere
529 3192 636 3233 talia
680 3196 878 3250 praemia
919 3196 1049 3236 tribui

186 3247 269 3287 uisi
301 3250 483 3302 expertis
514 3257 553 3290 et
583 3258 722 3293 aetate
750 3255 974 3308 provectis.

275 3304 378 3360 Cap.
401 3306 468 3348 18.
518 3308 625 3349 Silio
646 3317 711 3351 et:
746 3318 843 3365 post
876 3325 1046 3352 causam

185 3365 461 3418 praecipuam
516 3378 630 3408 nova
696 3375 738 3409 et
794 3370 1048 3411 secundaria

184 3423 427 3477 profertur,
478 3427 636 3467 omisso
671 3428 803 3468 verbo
837 3441 891 3469 ex
922 3435 1050 3469 ante-

185 3481 439 3524 cedentibus
487 3485 676 3538 petendo
733 3487 1048 3544 (perniciosum

186 3544 326 3598 erat):
361 3541 444 3584 hoc
476 3549 620 3586 autem
654 3541 727 3587 ubi
761 3544 832 3598 lit,
864 3544 1049 3599 simplex

186 3607 225 3641 et
263 3613 340 3656 pro
382 3603 510 3645 etiam
551 3603 655 3646 alibi
703 3605 816 3659 apud
856 3604 1047 3646 Tacitum

187 3669 274 3702 non
302 3661 498 3718 inveni,
519 3675 570 3706 ac
613 3675 718 3708 sane
750 3664 872 3709 vocis
905 3665 970 3711 vis
1001 3664 1047 3706 in

1131 2604 1208 2646 illo
1242 2612 1281 2647 et
1312 2605 1595 2661 acquiescere
1619 2605 1693 2646 vix
1711 2606 1816 2646 satis
1842 2612 2001 2660 potest.

1130 2666 1280 2720 ltaque
1314 2665 1442 2706 etiam
1473 2665 1610 2706 fuisse
1655 2666 1868 2718 suspicor.
1935 2664 2001 2708 Cf.

1133 2723 1185 2765 ad
1207 2723 1243 2764 11
1265 2723 1337 2766 44.
1387 2723 1594 2781 Singulos
1608 2724 1841 2765 Annalium
1864 2724 2001 2778 locos,

1133 2783 1207 2825 ubi
1241 2782 1294 2823 de
1327 2781 1375 2824 C.
1410 2782 1547 2835 Silio,
1593 2783 1725 2824 index
1767 2783 2002 2826 historicus

1133 2841 1404 2883 monstrabit.
1483 2843 2000 2898 quod—dispergebatur:

1135 2900 1243 2941 haec
1277 2899 1511 2957 iungenda.
1575 2900 1679 2943 Inde
1712 2914 1858 2942 rursus
1889 2914 2003 2956 pen..

1133 2959 1236 3000 dent
1259 2966 1414 3014 quanto
1435 2961 1598 3002 maiore
1616 2961 1722 3002 mole
1741 2962 2001 3017 procideret,

1135 3023 1177 3059 et
1220 3018 1330 3060 haec
1371 3018 1517 3060 addita
1558 3032 1688 3061 causa
1728 3020 2003 3074 explicantur

1133 3077 1279 3119 verbis
1336 3079 1521 3133 ingentis
1585 3080 1795 3119 exercitus
1848 3085 2004 3133 septem

1126 3151 1207 3192 per
1230 3151 1368 3178 annos
1388 3137 1631 3178 moderator
1651 3162 1705 3168 -
1728 3136 1827 3177 belli
1849 3138 1999 3178 victor.

1195 3196 1367 3236 'destrui
1381 3210 1462 3251 per
1485 3195 1592 3236 haec
1617 3197 1836 3249 fortunam
1852 3208 1972 3235 suam
1987 3209 2000 3235 .·

1133 3257 1159 3295 i.
1186 3268 1226 3294 e.
1251 3255 1467 3294 fortunam
1493 3254 1576 3294 sibi
1607 3266 1631 3294 a
1655 3253 1720 3294 dis
1747 3266 2001 3295 concessam

1135 3319 1177 3353 et
1222 3312 1362 3353 adhuc
1405 3312 1457 3352 ab
1502 3312 1747 3352 hominibus
1793 3312 2000 3353 creditam

1134 3383 1211 3424 per
1245 3370 1352 3411 haec
1385 3371 1554 3411 ostendi
1591 3376 1803 3425 tamquam
1847 3383 2001 3412 vanam

1136 3443 1184 3470 ac
1218 3428 1395 3470 nnllam.
1461 3428 1526 3470 Cf.
1562 3435 1708 3470 aninot..
1743 3429 1794 3470 ad
1828 3430 1878 3472 lt.
1915 3428 1998 3472 16.

1170 3501 1248 3543 pro
1272 3489 1418 3541 ¹qratia
1436 3487 1575 3528 odium
1593 3487 1810 3529 redditur.-
1833 3488 2003 3530 Seneca

1133 3546 1212 3601 Ep.
1251 3546 1329 3589 192
1375 3546 1546 3602 quidam
1577 3561 1655 3602 quo
1695 3547 1792 3603 plus
1823 3547 1998 3601 debent,

1132 3606 1267 3660 magis
1299 3606 1492 3649 oderunt.
1555 3606 1665 3650 Leve
1702 3620 1773 3648 aes
1815 3606 2002 3652 alienum

1132 3665 1359 3713 debitorem
1387 3666 1509 3724 facit,
1541 3676 1672 3726 grave
1700 3667 1928 3714 inimicum.

1715 1526 2002 1579 Credebant

1673 1893 1875 1943 Destrui
1911 1906 2003 1958 per

1666 1723 1776 1758 cum
1815 1707 1900 1759 alii
1936 1707 2000 1759 ad
2022 1727 2067 1764 ιε

1723 2164 1843 2215 Erat
1872 2178 2003 2215 uxor
2018 2183 2067 2220 20
