2280 4004
244 293 281 334 Ι,
301 283 351 329 C.
384 285 457 332 54.

796 283 960 328 LIBER
990 284 1086 330 xn.
1143 283 1250 327 CAP.
1285 283 1476 328 65-67.

1975 281 2063 324 loe

161 425 302 479 661n
337 431 472 479 tanta
511 426 644 479 mole
695 438 927 479 curarum
968 425 1256 477 valetudine
1304 425 1519 478 adversa
1558 423 1861 490 corripitur,
1922 422 2069 475 refo-

244 519 527 585 vendisque
553 520 746 570 viribus
773 519 981 571 mollitia
1020 518 1146 571 caeli
1174 523 1222 570 et
1252 517 1546 570 salubritate
1582 531 1823 583 aquarum
1852 515 2066 569 Sinues-

246 625 353 661 sam
387 610 567 678 pergit.

641 611 760 662 Tum
799 610 1105 676 Agrippina,
1164 608 1386 660 sceleris*
1418 609 1537 660 olim
1598 613 1736 659 certa
1777 611 1826 658 et
1866 606 2067 657 oblatae

245 702 535 753 occasionis
562 717 796 768 propera,
833 717 930 753 nec
962 701 1305 752 ministrorum
1342 715 1520 767 egens,
1556 700 1620 751 de
1655 714 1848 767 genere
1882 697 2069 750 veneni

246 791 573 856 consultavit,
622 808 688 844 ne
725 793 990 858 repentino
1031 797 1080 842 et
1114 792 1379 857 praecipiti
1421 791 1617 842 facinus
1658 789 1987 856 proderetur3
2025 786 2108 838 sis

243 882 430 935 lentum
465 887 514 935 et
553 883 775 933 tabidum
814 883 1119 950 delegisset,
1169 898 1234 933 ne
1271 882 1502 933 admotus
1545 881 1791 948 supremis
1831 878 2068 931 Claudius

244 979 294 1025 et
330 973 449 1028 'dolo
489 974 747 1025 intellecto
803 974 866 1024 ad
905 988 1129 1025 amorem
1178 973 1264 1024 filii
1316 973 1525 1024 rediret.

1619 971 1934 1037 Exquisitum
1973 968 2072 1020 ali-

244 1064 363 1130 quid
409 1064 672 1131 placebat,
736 1065 870 1131 quod
917 1065 1142 1116 turbaret
1199 1069 1415 1115 mentem
1471 1068 1519 1115 et
1564 1067 1775 1115 mortem
1825 1060 2067 1112 differret.

241 1155 492 1223 Deligitur
541 1156 725 1207 artifex
780 1156 950 1207 talium
1001 1155 1252 1206 vocabulo
1301 1156 1552 1218 Locusta,

167 1264 170 1266 ·
243 1246 476 1298 damnata
514 1251 563 1298 et
591 1247 676 1298 diu
707 1247 838 1299 inter
875 1247 1206 1298 instrumenta
1244 1246 1392 1312 regni
1428 1245 1614 1296 habita.

1626 1168 1784 1218 nuper
1834 1151 2070 1204 veneficii

242 1338 452 1406 ingenio
494 1344 722 1405 paratum
760 1339 928 1403 viruS‚
971 1339 1111 1390 cuius
1149 1337 1379 1389 minister
1417 1353 1445 1388 e
1488 1335 1798 1402 spadonibus
1837 1334 1929 1387 fuit
1965 1335 2072 1386 Ha-

159 1428 405 1495 6710tus,
464 1429 658 1482 inferre
705 1430 878 1496 epulas
932 1434 980 1482 et
1019 1429 1287 1496 explorare
1335 1433 1485 1496 gustu
1532 1427 1726 1479 solitus,

365 1605 402 1648 i.
437 1604 681 1648 valetudine
711 1604 793 1659 Ma,
829 1607 862 1650 G
892 1605 1013 1648 valit.

244 1663 362 1723 (add.
395 1678 451 1708 ex
483 1678 593 1708 corr.
629 1665 691 1723 lu)
723 1664 805 1709 Ma.

330 1824 482 1866 matris
514 1826 643 1867 etiam
671 1826 971 1880 interfectores
1001 1826 1113 1869 uto..-

243 1897 293 1928 se
332 1886 475 1940 ipsum
524 1883 662 1938 dicit3
722 1884 949 1940 praeclare
1007 1885 1117 1928 haec

243 1946 432 2001 pingunt
477 1943 698 1986 hominem
753 1943 808 1986 de
849 1944 993 1987 salute
1039 1957 1118 1987 sua

243 2003 376 2059 plane
408 2003 712 2057 desperantem
731 2009 861 2059 atque
887 2004 1115 2046 obfirmato

245 2064 388 2105 animo
400 2063 649 2106 tristissima
665 2076 866 2119 quaeque
890 2063 1119 2106 minaciter

247 2127 569 2176 expectantem.
589 2122 757 2165 Similia
769 2122 937 2178 profert
950 2123 1116 2179 Agrip-

245 2183 350 2236 pina
379 2181 475 2223 XlII
510 2182 590 2223 14:
623 2195 711 2223 non
742 2183 930 2223 abnuere
951 2197 995 2223 se
1017 2185 1118 2237 quin

246 2247 404 2283 cuncta
431 2239 621 2296 infelicis
666 2242 811 2283 domus
842 2240 960 2283 mala
987 2249 1116 2297 pate-

241 2302 420 2355 fierent,
473 2312 578 2341 suae
631 2301 679 2343 in
722 2301 875 2358 primis
926 2303 1115 2357 nuptiae,

244 2373 366 2402 suam
395 2359 656 2413 veneficium.

347 2477 451 2532 Cap.
500 2478 572 2522 66.
635 2478 878 2521 valetudine
934 2478 1119 2521 adversa

246 2539 508 2594 corripitur.-
538 2543 581 2580 et
612 2538 723 2580 haec
755 2544 799 2580 et
831 2540 1030 2592 proxima
1062 2537 1116 2580 de

244 2598 448 2640 Narcisso
485 2597 687 2639 dicuntur
706 2630 717 2650 ‚
751 2604 797 2638 ut
827 2604 948 2640 recte
980 2597 1118 2639 intel-

245 2657 396 2699 lexere
419 2657 711 2698 recentissimi
735 2657 926 2700 editores
940 2672 950 2699 ε
964 2656 1117 2698 ·Clau-

245 2715 342 2757 dius
376 2717 491 2758 enim
518 2717 681 2759 Romae
705 2717 901 2759 sublatus
928 2723 1009 2770 est,
1029 2727 1117 2757 non

246 2775 504 2827 Sinuessae3
548 2776 602 2816 ad
640 2789 772 2831 aquas
805 2782 950 2818 autem
984 2777 1117 2818 Sinu-

249 2847 425 2876 essanas
467 2834 650 2876 libertus
694 2835 772 2876 ille
819 2835 1043 2876 contendit
1075 2841 1118 2877 et

250 2894 493 2948 Agrippina
531 2892 615 2934 hoc
658 2893 741 2934 fido
782 2895 994 2948 principis
1037 2907 1118 2935 cu..

248 2952 373 2993 stode
395 2951 577 2993 absente
599 2952 744 2994 scelus
770 2956 993 3008 suscipere
1015 2966 1118 2995 ausa

250 3015 334 3062 est,
368 3017 414 3051 ut
445 3017 589 3052 narrat
620 3011 703 3052 Dio
735 3011 807 3053 LX
838 3014 911 3064 34,
946 3013 1017 3067 qui
1039 3025 1116 3066 pro

250 3070 472 3122 Sinuessa,
506 3070 616 3111 Latii
650 3071 755 3112 urbe
788 3072 832 3112 in
856 3071 1118 3125 Campaniae

249 3127 456 3181 confinio,
480 3129 706 3183 indefinite
727 3129 1004 3184 Campaniam
1034 3143 1118 3172 no-

250 3187 399 3229 minat.
459 3186 620 3229 'turbas
655 3187 776 3230 dedit
807 3189 920 3231 liber
940 3188 1118 3231 Vatica-

251 3259 331 3286 nus
357 3246 533 3287 Genuae
565 3248 751 3301 scriptus
785 3260 823 3288 a.
862 3249 990 3300 1448,
1013 3261 1118 3302 per-

252 3304 352 3346 inde
385 3303 777 3358 Guelferbytanus,
811 3306 883 3347 ubi
913 3307 1120 3348 Claudius

249 3364 484 3405 valitudine
507 3363 605 3406 adv.
632 3379 763 3415 corr„
785 3364 987 3419 idemque
1006 3365 1120 3406 baud

250 3422 444 3471 dublein
467 3422 565 3463 aliis
589 3435 721 3477 prave
744 3423 1018 3476 interpolatis
1051 3424 1118 3464 le-

252 3483 383 3537 gitur.
448 3481 512 3522 De
553 3482 759 3523 Sinuessa
808 3482 864 3523 ct'.
909 3482 958 3523 H.
1001 3481 1116 3524 172.

251 3541 417 3583 Plinius
451 3540 584 3583 XXXI
615 3547 657 3584 4.

328 3600 494 3642 oblatae
515 3602 756 3643 occasionis
769 3614 984 3657 propera.-
1015 3612 1120 3655 pro-

255 3670 358 3712 pere
385 3661 599 3715 arripiens
620 3660 807 3702 oblatam
827 3662 1119 3712 occasionem,

1095 1609 1137 1650 2.
1179 1604 1362 1657 mollitia
1392 1602 1472 1657 Ma,
1505 1601 1690 1646 mollicie
1723 1602 1769 1644 G.

898 1665 941 1708 6.
973 1666 1141 1722 supinis
1172 1663 1253 1708 Ma.

1823 1425 2072 1492 Adeoque

1863 1599 2071 1644 sabritatc

1199 1824 1242 1866 h.
1288 1837 1326 1865 e.
1382 1823 1703 1877 profectionem
1749 1828 1792 1864 et
1831 1822 2073 1864 absentiam

1198 1882 1405 1926 Narcissi.
1466 1882 1538 1924 Sic
1569 1881 1626 1923 XI
1658 1882 1740 1925 26:
1777 1881 2073 1923 Claudium—

1199 1944 1295 1985 irae
1328 1954 1575 1999 properum.
1639 1941 1738 1982 XIV
1776 1942 1828 1983 7:
1859 1942 2074 1983 vindictae

1195 2015 1443 2059 properam.
1493 2001 1552 2043 lv
1585 2001 1669 2044 59:
1703 2001 1961 2056 apiscendae
1988 2015 2073 2057 po..

1200 2061 1360 2104 tentiae
1387 2061 1603 2118 properis.
1708 2061 1921 2102 Locusta:
1953 2060 2070 2102 conf.

1199 2121 1381 2162 Sueton.
1405 2120 1506 2162 Ner.
1529 2121 1602 2172 33,
1635 2119 1710 2161 ubi
1741 2120 2074 2161 venenariorum

1199 2180 1368 2233 inclita,
1405 2186 1448 2222 et
1478 2179 1562 2221 Dio
1581 2179 1653 2220 LX
1672 2180 1745 2221 34.
1779 2179 1896 2220 Iusta
1928 2176 2071 2233 poe'na

1201 2240 1348 2282 affecit
1382 2240 1557 2280 noxiam
1591 2237 1751 2281 Galba:
1776 2237 1859 2279 Dio
1874 2238 2007 2280 LXIV
2028 2240 2070 2281 3.

1304 2300 1472 2354 inferre
1513 2322 1570 2331 --·
1609 2304 1734 2354 pastu
1773 2297 1945 2339 solitus.-
1984 2298 2073 2340 ‘Sic

1199 2358 1299 2400 XIII
1335 2358 1414 2401 16:
1456 2358 1556 2412 quia
1598 2357 1712 2399 cibos
1747 2363 1952 2413 potusque
1984 2358 2072 2398 eius

1200 2417 1379 2459 dilectus
1419 2431 1474 2459 ecc
1514 2417 1720 2458 ministris
1761 2423 1885 2472 gustu
1922 2416 2072 2473 emplo-

1199 2477 1353 2519 rabat:
1403 2477 1472 2519 cui
1504 2475 1550 2517 id
1580 2487 1736 2517 munus
1766 2477 1803 2517 is
1834 2478 1994 2530 passim
2025 2477 2071 2518 in

1199 2536 1418 2591 lapidibus
1456 2535 1615 2577 dicitur
1651 2541 1979 2592 praegustator.-
2027 2536 2072 2576 in

1200 2594 1386 2652 quodam
1408 2596 1579 2638 etiama
1594 2596 1783 2652 potione.
1816 2595 2072 2637 Athenaeus

1201 2654 1262 2698 lv
1295 2656 1376 2698 71:
1423 2654 1477 2700 ὃν
1506 2656 1594 2701 νῦν
1624 2654 1818 2698 καλοῦσι
1850 2656 2072 2714 Ῥωμαῖοι

1198 2710 1514 2773 προγεύστην,
1547 2713 1647 2759 τότε
1670 2712 1933 2768 οἱἝλληνες
1953 2729 2072 2771 προ-

1200 2779 1372 2827 τένθην
1401 2771 1663 2832 ὠνόμαζον.
1710 2775 1803 2816 Mos
1835 2775 1909 2829 qui
1934 2772 2072 2815 libera

1198 2845 1292 2888 rep.
1311 2834 1489 2890 ignotus
1508 2834 1741 2886 Romanis3
1775 2846 1902 2888 quem
1929 2838 2072 2874 tamen

1201 2893 1406 2946 coepisse
1439 2894 1629 2934 coniicio
1669 2893 1722 2934 ab
1743 2894 1960 2949 Angusto,
1985 2903 2070 2932 non

1199 2964 1314 2993 vano
1348 2958 1605 3008 argumento
1639 2951 1795 3006 lapidis
1818 2952 1891 3007 qui
1909 2953 2072 2993 Romae

1201 3010 1347 3066 (Grut.
1378 3024 1420 3065 p.
1444 3011 1582 3068 602):
1614 3013 1739 3067 qenio
1775 3010 1898 3052 Caeli
1929 3012 2071 3052 Hero-

1201 3072 1318 3112 dian.
1377 3078 1684 3126 praeqastator
1739 3070 1825 3111 divi
1873 3070 2069 3125 Auyasti.

1198 3131 1312 3171 idem
1338 3137 1489 3184 postea
1518 3129 1687 3170 villicus
1720 3129 1768 3169 in
1799 3129 1934 3170 hortis
1964 3127 2069 3169 Sal-

1200 3189 1412 3230 lusitanis.
1462 3189 1639 3229 decessit
1683 3187 1809 3227 nonis
1868 3186 2071 3240 Auqustis

1202 3247 1264 3288 M.
1293 3246 1474 3287 Cocceio
1508 3246 1654 3287 Nerva
1687 3245 1735 3286 G.
1771 3243 1888 3287 Vibio
1915 3246 2068 3298 Rufino

1201 3319 1309 3346 coss.
1359 3306 1589 3359 tenuitque
1640 3303 1837 3345 Tiberius
1890 3303 1943 3344 de
1983 3316 2068 3358 quo

1202 3364 1304 3419 lego
1339 3362 1483 3417 (Grut.
1510 3363 1596 3405 582
1617 3364 1654 3404 1.
1676 3361 1811 3404 Orell.
1835 3375 1877 3404 n.
1902 3362 2039 3417 2993)
2059 3378 2068 3402 :

1206 3423 1265 3463 Ti.
1301 3422 1505 3463 Claudius
1551 3421 1744 3462 Flamma
1791 3421 1972 3462 Clausus
2010 3421 2066 3462 Τι’.

1202 3481 1311 3535 Ατιῃ.
1341 3487 1656 3536 praequstator.
1683 3485 1725 3521 et
1747 3480 1955 3534 deinceps
1977 3479 2067 3522 alii.

1201 3539 1442 3580 traductum
1476 3552 1639 3581 morem
1672 3540 1828 3594 opinor
1858 3552 1882 3580 a
1927 3539 2068 3580 Persis

1203 3600 1416 3651 maxime,
1466 3599 1520 3642 de
1561 3601 1658 3656 quis
1701 3598 1946 3654 Xenophon
1991 3598 2068 3642 13

1204 3655 1434 3709 ncaeadetaf'
1470 3666 1552 3703 cet.
1614 3659 1805 3707 Inrslus,

1688 1244 1809 1295 Eius
1844 1243 2070 1295 mulieris
2083 1253 2129 1291 ιο
