2280 4004
217 251 306 302 aas
984 248 1274 296 ΑΝΝΑιινΜ
1791 260 1908 309 a...u.
1927 251 2043 306 aas.

214 392 476 462 praefecit.
552 393 626 447 Eo
663 391 726 443 de
763 389 968 442 homine
993 389 1125 441 haud
1155 405 1264 442 sum
1301 391 1509 459 ignarus
1549 391 1805 447 sinistram
1831 395 1885 447 in
1909 395 2047 451 *urbe

217 486 416 550 famam,
458 484 698 550 pleraque
730 482 878 533 foeda
909 482 1197 547 memorari,
1238 488 1461 535 ceterum
1487 484 1733 552 regendis
1769 485 2047 552 provinciis

215 577 384 646 prisca
423 575 605 627 virtute
644 573 764 640 egit.
840 572 1325 641 Unde-regressuS,
1392 580 1442 628 et
1478 575 1749 629 formidine
1790 577 1884 631 Gai
1916 577 2048 631 Cae-

216 667 364 730 sarm,
409 664 747 719 familiaritate
784 664 981 719 Claudii
1015 655 1160 731 turpe
1200 665 1251 717 in
1292 665 1553 719 servitium
1590 673 1832 734 mutatuS‚
1873 685 2050 722 exeme-

176 756 325 826 splar
361 755 491 823 apud
527 759 763 821 posteros
806 754 1075 808 adulatorii
1118 755 1389 811 dedecoris
1417 757 1646 824 habetur,
1685 747 2048 828 cesseruntque

213 848 374 916 prima
412 845 702 913 postremiS,
742 851 792 899 et
820 845 954 900 bona
992 846 1229 900 iuventae
1269 853 1506 902 senectus
1544 848 1798 918 flagitiosa
1841 849 2047 903 oblitte-

192 938 360 1002 ravit.
433 937 502 989 At
540 953 604 990 ex
647 937 840 1005 regulis
885 939 1029 1005 prior
1063 938 1378 992 Mithridates
1409 940 1797 994 Pharasmanem
1834 941 2135 1009 perpuhtae

214 1029 332 1086 dolo
377 1034 426 1084 et
465 1031 514 1081 vi
556 1035 766 1081 conatus
801 1045 922 1084 suos
960 1027 1166 1095 iuvare,
1205 1024 1503 1099 repertique>
1535 1038 1861 1100 corruptores
1899 1034 2052 1084 mini-

214 1126 348 1174 stros
401 1120 613 1174 Arsacis
667 1120 820 1172 multo
872 1137 995 1173 auro
1057 1121 1120 1173 ad
1175 1121 1345 1174 scelus
1403 1128 1621 1190 cogunt,
1681 1123 1828 1177 simul
1875 1123 2050 1177 Hiberi

154 1213 415 1280 10111ag11is
446 1213 606 1278 copiis
634 1213 927 1267 Armeniam
961 1213 1249 1280 inrumpunt
1278 1219 1326 1266 et
1350 1214 1478 1267 urbe
1504 1214 1748 1267 Artaxata
1775 1215 2048 1282 potiuntur.

217 1305 358 1364 Quae
381 1309 645 1370 postquam
674 1304 936 1356 Artabano
967 1305 1189 1373 cognita,
1226 1306 1379 1356 tilium
1407 1306 1616 1359 Oroden
1638 1307 1854 1359 ult-orem
1882 1312 2025 1374 parat
2035 1325 2051 1371 3

54 1413 169 1445 ratic.
195 1396 401 1462 ‚datque
440 1395 735 1446 Parthorum
775 1396 967 1462 copiaS‚
1009 1396 1155 1447 mittit
1180 1397 1263 1463 qui
1302 1397 1487 1448 auxilia
1524 1397 1766 1449 mercede
1805 1397 2050 1451 facerent

1835 1459 1959 1470 ..αν-νυν
1966 1456 2037 1465 ‘¹‘—

218 1488 403 1544 Contra
458 1487 824 1541 Pharasmanes
893 1488 1176 1556 adiungere
1228 1488 1492 1554 AlbanOS‚
1552 1489 1723 1541 accire
1778 1490 2051 1555 Sarmatas,

219 1594 431 1646 quorum
485 1579 746 1645 sceptuchi
801 1580 1051 1646 utrimque
1104 1580 1253 1633 donis
1305 1581 1562 1648 acceptiS‚
1628 1596 1771 1634 more
1825 1582 2050 1650 genticO,

157 1683 204 1732 ξε
221 1670 424 1726 diversa
472 1670 700 1724 induere.
796 1671 896 1724 Sed
935 1672 1112 1723 Hiberi
1164 1672 1393 1724 locorum
1451 1678 1684 1739 potentes
1737 1673 1918 1740 Caspia
1970 1674 2051 1725 via

199 1762 495 1827 ‘Sarmatam
537 1763 588 1813 in
626 1763 899 1816 Armenios
936 1763 1115 1829 raptim
1154 1763 1430 1815 effundunt.
1505 1765 1573 1815 At
1609 1764 1692 1830 qui
1726 1764 1921 1815 Parthis
1957 1763 2052 1817 ad-

202 1854 520 1918 ventabant,
562 1854 712 1905 facile
749 1855 1084 1920 arcebantur,
1125 1869 1236 1907 cum
1270 1855 1398 1907 alios
1437 1856 1669 1907 incessus
1708 1855 1870 1908 hostis
1908 1855 2053 1907 clau-

222 1944 399 2011 sisset,
459 1960 610 1998 unum
652 1945 930 2012 reliquum,
988 1961 1127 1998 mare
1166 1946 1299 1998 inter
1345 1951 1396 1999 et
1445 1951 1701 2000 extremos
1738 1946 2052 1999 Albanorum

343 2101 380 2141 1.
413 2098 591 2140 haustam
624 2098 677 2140 M.
751 2100 793 2142 3.
832 2098 880 2140 G.
917 2098 970 2140 M.
1042 2100 1083 2142 5.
1117 2106 1220 2156 aput
1252 2099 1305 2141 M.
1379 2099 1422 2141 6.
1453 2098 1695 2142 obliteravit
1726 2098 1782 2141 Μ.
1857 2099 1897 2142 7.
1935 2096 2053 2149 Pha.-

222 2172 464 2202 rasmanem
497 2158 558 2210 M,
614 2171 699 2198 non
734 2157 1074 2200 Pharasmanen.
1198 2158 1247 2201 9.
1285 2158 1440 2199 haberi
1472 2158 1524 2199 Μ.
1654 2159 1720 2200 11.
1767 2156 1951 2199 Orodem
1981 2156 2054 2200 Or.

227 2222 294 2264 12.
329 2219 480 2273 datque
516 2217 772 2259 Parthorum
803 2217 1072 2259 Beroaldus:
1119 2217 1192 2259 dat
1218 2217 1555 2272 Parthorumque
1586 2218 1649 2271 Μ,
1695 2217 1768 2259 dat
1799 2216 2058 2259 Parthorum

223 2275 419 2320 Diibner.
544 2278 610 2319 13.
658 2278 804 2318 accire
836 2276 868 2318 1.
903 2276 971 2318 Fr.
1008 2276 1278 2319 Gronovius:
1313 2277 1350 2319 M
1383 2278 1606 2334 accipere,
1652 2276 1825 2332 Lipsius
1859 2276 2048 2318 acciere.

229 2339 296 2383 16.
335 2339 468 2398 effutit
501 2338 561 2383 M:
597 2337 787 2381 correxit
820 2335 1075 2383 Beroaldus,

226 2462 352 2505 Conf.
389 2463 624 2506 Suetonius
662 2465 748 2506 Vit.
774 2467 801 2508 2
835 2471 877 2506 et
905 2464 987 2506 Dio
1009 2463 1098 2506 LIX

226 2523 297 2566 27.
364 2523 498 2563 Huius
532 2525 574 2564 in
611 2524 761 2565 Gaium
788 2523 1020 2566 Caesarem
1055 2530 1099 2565 et

227 2580 457 2622 Claudium
520 2583 784 2623 adulationis
858 2584 1099 2636 specimina

1184 2478 1261 2518 que
1293 2488 1347 2494 —-
1371 2462 1429 2503 ad
1458 2462 1595 2504 scelus
1628 2460 1705 2516 (ad
1727 2460 1922 2501 Arsacen
1954 2458 2057 2500 dolo

1186 2521 1451 2578 necandum)
1476 2527 1644 2577 eoquat,
1679 2519 1863 2561 alterum
1896 2531 1980 2574 qua
2011 2519 2055 2560 oi

1186 2586 1406 2637 grassatus
1441 2582 1521 2632 sit,
1569 2578 1682 2634 quod
1717 2580 1832 2620 inest
1863 2589 2058 2633 sequen-

229 2641 463 2682 Suetonius
511 2647 553 2682 ct
594 2641 676 2682 Dio
729 2642 962 2695 praebent,
1014 2642 1099 2682 alia

227 2699 399 2741 Tacitus
434 2699 487 2740 XI
520 2702 547 2742 3
582 2706 624 2740 ct
655 2699 727 2751 34,
764 2700 838 2741 XII
870 2701 899 2742 4
931 2706 973 2741 et
1006 2702 1046 2742 5.

296 2759 516 2815 exemplar
527 2784 581 2791 --
596 2760 832 2801 adulatorii
851 2759 1072 2800 dedecoris
1085 2773 1098 2798 .·

230 2817 398 2860 Seneca
432 2818 481 2860 N.
518 2818 568 2869 Q.
608 2818 666 2860 lv
702 2819 868 2874 praefi:
917 2818 1102 2860 Plancus

229 2879 393 2932 artifex
434 2878 685 2935 (adulandi)
733 2886 832 2920 ante
894 2877 1103 2920 Vitellium

229 2938 438 2978 vnaaeinms
488 2938 631 2979 aiebat
674 2952 761 2979 uon
809 2952 897 2979 esse
940 2938 1103 2979 occulte

229 3010 311 3041 nec
344 3011 396 3037 ex
429 2997 690 3039 dissimulato
726 2997 1042 3039 blandiendum.

321 3055 426 3110 Gap.
445 3057 517 3099 33.
567 3058 807 3112 repertique
833 3063 1103 3111 corruptores

231 3141 286 3150 »-
310 3115 413 3159 urbe
437 3116 656 3160 Arta-nata
678 3117 923 3172 potiuntur.-
948 3114 1103 3155 sustuli

230 3175 476 3229 pleniorem
494 3177 641 3230 puncti
664 3176 989 3217 distinctionem
1007 3179 1106 3228 post

231 3242 386 3290 cogunt
421 3235 557 3291 vulgo
606 3236 807 3290 positam.
870 3233 974 3276 Nam
1009 3239 1107 3288 post

231 3295 482 3348 primarium
528 3295 799 3337 enuntiatum
835 3293 1109 3335 Mithridates

231 3353 573 3397 Pharasmanem
620 3354 806 3410 perpulit
853 3352 947 3394 dolo
998 3360 1037 3394 et
1067 3353 1111 3393 vi

232 3420 412 3455 conatus
443 3428 540 3455 suos
563 3414 713 3454 iuvare
744 3418 990 3467 sequuntur
1023 3411 1108 3452 duo

234 3472 493 3515 secundaria
544 3480 586 3513 et
634 3472 944 3527 explicationis
979 3484 1108 3512 causa

236 3531 422 3582 adiecta,
457 3531 641 3573 alterum
689 3544 774 3586 quo
811 3530 906 3571 dolo
947 3530 1112 3572 Phara-

236 3603 407 3631 smanes
431 3597 612 3631 conatus
639 3591 898 3632 Mithridatis
932 3591 1110 3640 iuverit,

238 3647 282 3696 id
315 3648 428 3709 quod
463 3649 608 3691 verbis
643 3651 891 3694 continetur
926 3650 1110 3708 reperti-

1189 2640 1302 2681 tibus
1335 2639 1460 2680 simul
1494 2638 1645 2680 Hiberi
1677 2663 1730 2669 —
1762 2636 1997 2693 potiuntur.

1273 2698 1376 2739 urbe
1401 2698 1645 2739 Artaxata.-
1679 2696 1714 2736 si
1742 2696 1917 2738 abesset
1938 2694 2058 2745 urbe,

1187 2758 1428 2811 scripturus
1475 2757 1559 2798 fuit
1602 2754 1773 2796 'l'acitus
1817 2754 2059 2804 Artaxatis,

1190 2829 1274 2858 non
1299 2816 1548 2868 Artaaeata3
1581 2828 1623 2857 v.
1645 2813 1698 2856 ad
1715 2813 1752 2855 ll
1781 2813 1853 2859 56.
1934 2813 2060 2854 mittit

1190 2876 1260 2931 qui
1277 2876 1445 2917 auxilia
1465 2874 1659 2917 mercede
1682 2876 1906 2929 facerent:
1931 2871 2061 2912 auxi-

1190 2936 1249 2977 lia
1271 2942 1371 2976 sunt
1396 2934 1649 2986 aua-iliares,
1675 2939 1722 2973 ut
1739 2933 1915 2987 saepius
1948 2932 2063 2984 apud

1189 2994 1396 3036 Tacitum.
1466 2994 1675 3035 Facerent
1697 2993 1876 3046 antique
1900 2991 2062 3031 dictum

1191 3066 1267 3108 pro
1298 3060 1525 3109 pararent.
1601 3052 1720 3093 Missi
1764 3049 1830 3092 illi
1873 3049 1926 3091 ad
1959 3049 2063 3089 Sar-

1191 3119 1326 3154 matas
1372 3112 1558 3167 profecti
1601 3115 1726 3161 sunt,
1780 3107 1856 3150 sed
1900 3106 2064 3149 auxilia

1193 3172 1251 3213 ibi
1294 3177 1541 3225 comparata
1583 3170 1777 3211 locorum
1821 3165 2064 3208 difficulta-

1193 3231 1308 3272 tibus
1357 3230 1564 3285 impedita
1611 3234 1733 3279 sunt,
1791 3239 1877 3283 quo
1923 3225 2067 3268 minus

1194 3289 1361 3332 Parthis
1395 3289 1698 3331 adventarent.

1281 3349 1473 3390 locorum
1507 3354 1726 3404 potentes:
1782 3345 1866 3399 ipsi
1914 3342 2063 3385 Hiberi

1194 3408 1370 3450 sedibus
1393 3409 1482 3449 suis
1506 3419 1707 3463 magnam
1730 3410 1895 3459 partem
1927 3412 2064 3443 occu-

1195 3467 1356 3522 pabant
1389 3469 1483 3509 eius
1507 3468 1651 3521 spatii,
1677 3463 1790 3519 quod
1814 3464 1928 3503 inter
1948 3459 2066 3501 Pon-

1197 3534 1284 3567 tum
1330 3532 1373 3568 et
1405 3525 1607 3580 Caspium
1653 3535 1770 3564 mare
1810 3520 2064 3575 porrigitur.

1198 3586 1321 3638 Quod
1355 3591 1503 3637 restat,
1539 3585 1581 3625 id
1605 3582 1763 3625 Albani
1796 3578 1906 3620 socii
1929 3576 2067 3618 Hibe-

1198 3658 1341 3687 rorum
1374 3644 1594 3689 colebant.
1659 3639 1819 3697 Caspia
1849 3638 1922 3679 via
1954 3635 2068 3692 apud
