2222 4022
924 248 1070 291 CAPvr
1104 250 1233 292 5—6.
1906 245 2001 288 XIII

181 393 366 446 nullum
405 395 582 446 iustius
634 410 778 461 quam
829 394 891 446 ad
946 395 1106 459 ipsum
1152 394 1442 444 coniectura
1484 396 1658 443 nostra
1701 392 1999 442 deferretur.

178 486 303 536 Nam
338 486 460 551 Apri
517 490 760 535 tumorem
816 489 865 535 et
913 484 1178 550 superbam
1231 483 1611 546 confidentiam,
1670 483 1904 548 impetum
1946 469 2005 532 ‘et

179 576 454 627 sollertiam
478 576 852 639 veteratoriam,
888 575 1100 627 Materni
1129 575 1355 640 spiritum
1385 580 1434 626 et
1470 573 1798 625 declamantis
1825 578 2006 638 poetae

179 667 459 729 ubertatem
498 666 727 731 dicendi,
778 666 1028 718 Messalae
1063 667 1396 717 maturitatem
1439 671 1487 717 et
1525 665 1754 732 peritiam
1793 670 1890 716 tam
1926 664 2008 714 lu-

131 818 133 820 ,
182 758 380 808 calente
434 758 677 808 imitando
716 758 987 823 expressit,
1043 763 1229 808 utnon
1283 758 1485 809 ostendi
1521 771 1675 823 posse
1713 772 1776 807 ex
1819 754 2004 818 ceteris

179 849 519 901 Romanorum
551 849 882 915 scriptoribus
913 864 1209 915 quemquam
1246 849 1543 914 existimem,
1572 848 1655 915 qui
1696 847 1758 898 ad
1795 845 2006 898 eandem

181 939 305 991 artis
338 941 705 1007 praestantiam.
733 941 960 1006 aspirare
997 942 1229 1006 potuerit.
1827 927 1830 930 ’

131 1035 168 1082 6
233 1083 254 1110 ‚⁴
321 1031 401 1082 Ad
442 1031 786 1098 capessendos
839 1030 1162 1097 magistratus
1217 1031 1437 1081 accessit
1473 1030 1774 1095 Vespasiani
1814 1029 2012 1095 princi-

180 1127 299 1188 patu
337 1128 582 1190 vergente
621 1123 682 1174 ad
716 1122 881 1188 finem,
923 1110 1242 1188 quaesturam
1277 1123 1338 1172 ab
1371 1122 1470 1172 hoc
1499 1121 1714 1171 delatam
1752 1120 2009 1185 accipiens

183 1217 232 1264 et
263 1212 583 1280 dignitatem,
604 1214 944 1277 senatoriam,
996 1218 1050 1263 ut
1084 1197 1199 1263 ante
1236 1212 1421 1263 rettuli.
1500 1213 1658 1273 Quam
1691 1210 2005 1277 provinciam

183 1318 297 1355 sors
326 1310 629 1370 quaesturae
666 1305 866 1355 dederit
902 1305 1149 1355 incertum
1184 1309 1274 1354 est.
1351 1304 1487 1354 Titus
1514 1303 1818 1353 tribunatum
1847 1301 2011 1368 plebis

185 1398 470 1448 concessit:
506 1397 815 1449 aedilitatem
840 1397 1158 1448 Domitianus
1198 1396 1371 1462 primis
1397 1396 1594 1462 imperii
1634 1382 2014 1446 annis'videtur

185 1488 478 1540 contulisse.
543 1489 689 1550 Quod
721 1488 820 1539 nisi
856 1489 1177 1540 statuerimus
1204 1488 1272 1538 ita
1306 1487 1557 1552 evenisse,
1587 1487 1791 1537 nimium
1817 1491 2011 1552 tempus

182 1580 315 1630 inter
366 1580 669 1631 tribunatum
730 1580 838 1630 eius
894 1596 921 1630 a
958 1580 1066 1630 Tito
1120 1580 1285 1630 datum
1349 1583 1398 1629 et
1456 1583 1742 1644 praeturam
1799 1579 2013 1643 septimo

185 1685 316 1721 anno
370 1671 613 1736 principis
660 1671 931 1722 Domitiani
985 1677 1058 1733 (a.
1101 1668 1390 1742 88:341)
1445 1675 1642 1737 gestam
1695 1670 2012 1721 interiectum

184 1777 300 1813 esse
332 1761 794 1827 deprehendemus.
868 1761 1079 1812 Praetor
1110 1761 1242 1812 idem
1283 1766 1332 1811 et
1360 1761 1651 1812 sacerdotio
1695 1760 2014 1826 quindecim-

185 1852 334 1903 virali
371 1852 630 1918 praeditus
667 1852 800 1902 ludis
844 1852 1190 1915 secularibus,
1230 1866 1356 1916 quos
1394 1851 1708 1902 Domitianus
1746 1851 2013 1902 faciendos

188 1944 408 2008 curavit,
465 1943 710 2009 praefuit:
756 1944 824 1994 XI
872 1944 914 1993 1.
991 1945 1047 1994 Η.
1090 1944 1108 1993 Ι
1150 1944 1192 1994 1.
1267 1943 1385 1993 Mox
1435 1943 1496 1993 ab
1551 1958 1685 1993 anno
1737 1942 1802 1994 90
1853 1957 2014 2008 usquc

189 2034 254 2085 ad·
291 2033 359 2086 93
396 2031 763 2098 (slat-846),
815 2035 933 2085 item
975 2035 1256 2099 proximum
1295 2039 1490 2098 tempus
1531 2034 1582 2083 in
1623 2034 1748 2084 urbe
1786 2048 1887 2083 non
1925 2033 2020 2083 ad-

189 2124 306 2189 suit,
367 2125 477 2185 sive
530 2125 817 2191 praetoriae
868 2125 1166 2189 provinciae
1229 2124 1665 2174 administratione
1723 2129 2015 2190 occupatuS,

187 2215 301 2267 sive
336 2215 433 2266 alia
470 2215 728 2282 legatione
766 2215 1096 2266 demandata:
1134 2216 1260 2281 Agr.
1301 2213 1368 2265 45
1395 2221 1424 2264 ¹.

327 2307 615 2358 Postremos
656 2307 770 2357 illos
811 2322 1002 2371 annos,
1063 2307 1241 2372 quibus
1286 2306 1602 2356 Domitianus
1641 2319 1744 2355 non
1790 2304 1888 2354 iam
1924 2319 2017 2369 per

189 2398 452 2451 intervalla
506 2403 814 2463 temporum,
875 2398 964 2448 sed
1025 2398 1264 2447 continuo
1322 2402 1370 2447 et
1408 2396 1544 2447 velut
1594 2411 1695 2446 uno
1752 2396 1854 2445 ictu
1910 2410 2017 2446 rein

188 2489 438 2556 publicam
479 2488 738 2553 exhausit,
797 2504 887 2553 per
923 2489 1174 2540 silentium
1214 2488 1264 2537 in
1304 2488 1591 2555 legatione,
1653 2501 1771 2537 mox
1806 2487 1857 2536 in
1895 2485 2020 2536 urbe

189 2580 464 2647 transegit,
522 2595 712 2647 gnarus
770 2580 860 2630 sub
900 2580 1187 2630 Domitiano
1235 2585 1546 2645 temporum,
1608 2579 1786 2644 quibus
1838 2577 2020 2628 inertia

148 2665 282 2737 'pro
320 2652 583 2736 sapientia*
620 2671 726 2721 suit.
804 2672 915 2721 Non
964 2671 1089 2720 vidit
1145 2671 1407 2721 obsessam
1463 2669 1653 2720 curiam
1701 2674 1750 2720 et
1799 2668 2021 2719 clausum

192 2763 344 2813 armis
386 2766 613 2812 senatum
652 2767 701 2812 et
738 2761 914 2812 cadem
954 2766 1126 2829 strage
1179 2766 1253 2812 tot
1295 2761 1634 2812 consularium
1678 2759 1891 2823 caedes,
1951 2763 2024 2809 tot

191 2852 618 2903 nobilissimarum
658 2852 956 2902 feminarum
1002 2852 1152 2903 exilia
1209 2857 1258 2902 et
1296 2853 1442 2919 sugas
1468 2891 1480 2915 ,
1553 2867 1681 2916 quae
1719 2850 1868 2916 paulo
1910 2854 2024 2915 post

195 2943 487 3011 Agricolam
525 2948 686 2994 morte
726 2943 983 3009 abreptum
1024 2943 1321 2995 acciderunt
1355 2944 1441 3004 (A.
1472 2942 1584 3008 45),
1623 2957 1787 3008 neque
1815 2943 2022 2994 Romam

194 3050 433 3086 reversus
487 3035 586 3085 iam
642 3039 787 3098 erat,
850 3050 960 3084 cum
1010 3035 1294 3086 Helvidium
1354 3035 1600 3085 iuniorem
1652 3035 1702 3083 in
1764 3048 2020 3084 carcerem

198 3125 446 3177 duxerunt
484 3140 660 3176 manus
699 3131 1004 3190 senatorum,
1047 3142 1155 3176 cum
1185 3126 1433 3177 Arulenus
1461 3126 1694 3177 Rusticus
1733 3130 1781 3174 et
1807 3124 2022 3177 Senecio

198 3216 260 3266 ad
302 3216 599 3281 supplicium
637 3217 783 3266 tracti
828 3221 942 3266 sunt
966 3221 1000 3266 2.
1092 3217 1295 3267 Nefaria
1346 3216 1588 3282 principis
1624 3215 1836 3265 libidine
1875 3217 2024 3278 atque

291 3358 328 3397 1.
363 3354 425 3396 lbi
462 3354 592 3396 dicitx
640 3363 785 3397 noster
825 3356 896 3396 hic
929 3355 1064 3408 dolor,
1154 3356 1440 3411 quadriennio
1467 3361 1581 3406 ante,
1617 3353 1659 3396 h.
1688 3368 1728 3396 e.
1763 3367 1874 3396 anno
1896 3354 2023 3398 903-

198 3421 388 3455 nostrum
420 3413 594 3464 vulnus3
642 3415 761 3455 nobis
793 3422 878 3455 lam
912 3414 1065 3470 lonyac
1153 3415 1254 3465 843,
1283 3414 1381 3455 inde
1416 3421 1506 3455 crat
1539 3413 1773 3468 profectus.

201 3473 418 3514 absentiae
446 3473 688 3528 conditione
711 3478 817 3513 anle'
831 3474 1066 3526 quadrien-
1243 3476 1283 3517 2.
1332 3474 1436 3529 Agr.
1451 3474 1535 3516 45:
1556 3488 1652 3514 mom
1671 3481 1842 3514 nostrae
1864 3474 2023 3516 duxere

199 3532 317 3573 m'um
348 3534 525 3573 amissus
559 3538 631 3572 est.
679 3532 886 3586 Agricola
906 3532 1066 3573 Romae
1157 3532 1394 3573 Helvidium
1425 3534 1470 3573 in
1493 3547 1709 3574 carcerem
1730 3547 1905 3585 manus3
1947 3547 2024 3575 nos

202 3589 391 3634 decessit
411 3605 448 3633 a.
471 3590 697 3634 93=846:
736 3589 906 3632 Tacitus
934 3592 1068 3647 igitur
1157 3591 1347 3633 Maurici
1366 3593 1612 3647 Rusticique
1634 3594 1761 3646 visus,
1783 3606 1860 3634 nos
1891 3595 2022 3634 inno..
