2280 4004
206 262 300 321 neo
1000 267 1291 322 ANNALWM

1783 287 1838 321 a..
1854 284 1901 324 n,
1933 274 2042 324 775.

208 429 312 467 non
353 415 505 467 modo
546 415 731 482 templo
777 415 868 467 sed
903 416 1101 468 duobus
1139 415 1339 468 milibus
1384 430 1622 483 passuum
1663 416 1878 473 eandem
1909 432 2035 472 san-

209 507 429 566 etitatem
493 507 786 558 tribuerant.
883 507 1013 559 Exin
1062 507 1231 574 Cyprii
1285 508 1447 560 tribus
1504 508 1762 573 delubris,
1823 520 2034 582 quorum

200 597 600 650 >vetustissimum
634 597 850 663 Paphiae
887 593 1075 649 Veneri
1110 603 1304 666 ..auctor
1342 599 1556 664 AeriaS,
1606 594 1723 666 post
1758 599 1888 651 filius
1927 599 2041 665 eius¹

208 688 451 740 Amathus
489 689 675 739 Veneri
710 688 1055 753 Amathusiae,
1094 695 1143 740 et
1175 690 1281 741 Iovi
1319 691 1592 742 Salaminio
1632 691 1843 756 Teucer,
1887 689 2039 743 Tela-

170 779 373 838 smonis
412 780 567 845 patris
608 780 681 830 ira
720 781 985 847 profugus,
1025 781 1331 846 posuissent.
1406 782 1625 833 Auditae
1661 782 1871 833 aliarum
1907 790 2124 848 quo-63

209 884 306 935 que
332 870 605 921 civitatium
637 870 941 937 legationes.
1018 873 1238 933 Quorum
1271 872 1416 938 copia
1445 871 1567 924 sessi
1608 862 1794 938 pa‘treS,
1835 877 1885 923 et
1921 887 2036 939 quia

208 961 388 1013 studiis
424 962 738 1028 certabatur,
802 963 1096 1016 consulibus
1149 964 1427 1030 permisere
1491 969 1544 1015 ut
1590 968 1858 1030 perspecto
1911 964 2038 1027 iure,

209 1057 258 1102 et
302 1051 494 1117 si'qua
547 1053 786 1119 iniquitas
843 1054 1212 1120 involveretur,
1271 1070 1379 1106 rem
1431 1055 1679 1122 integram
1727 1069 1927 1107 rursum
1975 1054 2039 1107 ad

208 1147 435 1194 senatum
466 1144 733 1196 referrent.
812 1144 1057 1197 Consules
1096 1160 1249 1212 super
1290 1160 1376 1197 eas
1418 1145 1648 1198 civitates
1690 1158 1814 1211 quas
1843 1160 2043 1196 memo-

147 1234 341 1299 10ravi,
387 1235 516 1300 apud
557 1236 853 1303 Pergamum
888 1236 1180 1303 Aesculapii
1224 1242 1531 1303 compertum
1587 1236 1780 1304 asylum
1831 1235 2042 1288 rettule-

206 1329 345 1376 runt:
388 1331 587 1378 ceteros
630 1327 863 1379 obscuris
901 1327 965 1379 oh
999 1331 1298 1379 vetustatem
1337 1327 1492 1379 initiis
1529 1327 1636 1378 niti.
1709 1327 1838 1380 Nam'
1864 1327 2043 1394 zmyr-

208 1431 366 1467 naeos
413 1417 672 1470 oraculum
711 1419 993 1484 ApolliniS,
1051 1419 1192 1471 cuius
1236 1419 1447 1485 imperio
1487 1400 2046 1495 StQQPQLXQQ

207 1508 441 1573 templum
490 1509 807 1576 dicaverint,
872 1511 1057 1562 Tenios
1100 1510 1345 1575 *eiusdem
1402 1525 1607 1586 carmen
1661 1511 1884 1575 reterre,
1932 1490 2040 1577 'quo
2076 1515 2134 1580 ><

208 1614 416 1651 sacrare
458 1601 673 1668 Neptuni
713 1602 935 1670 effigiem
979 1573 1417 1669 ειεᾶειῇἔίἷιὲζςί
1452 1602 1567 1653 sint.
1641 1602 1883 1670 Propiora
1921 1602 2045 1654 Sar-

148 1703 193 1740 15
210 1690 417 1743 dianos:
460 1693 741 1745 Alexandri
782 1694 994 1746 victoris
1034 1695 1085 1745 id
1128 1695 1331 1745 donum.
1404 1695 1579 1759 Neque
1617 1692 1781 1744 minus
1815 1692 2041 1744 Milesios

27 1847 61 1873 f.
192 1783 375 1834 Dareo
413 1799 539 1851 rege
591 1785 699 1835 niti.
775 1785 875 1837 Sed
898 1786 1078 1860 cultus
1131 1786 1388 1860 numinum
1429 1785 1661 1859 utrisque
1699 1783 2041 1864 DiaQQit

0 1858 142 1945 255
161 1840 536 1944 ‘Apollinem
551 1877 849 1942 yenerandi.
934 1855 1121 1928 Petere
1169 1881 1218 1928 et
1272 1877 1544 1928 Cretenses
1599 1856 1872 1927 simulacro
1935 1873 2039 1925 divi

3 1973 153 2011 τω
136 1948 438 2031 ‘Augusti
515 1967 767 2033 Factaque
805 1972 1011 2019 senatus
1052 1967 1281 2019 consulta
1330 1968 1440 2034 quis
1492 1966 1646 2017 multo
1686 1980 1798 2016 cum
1844 1965 2041 2017 honoro

3 2045 61 2138 {ff
53 2014 162 2138 ff]
205 2054 383 2105 modus
421 2059 587 2105 tamen
622 2056 1085 2121 praescribebatur,
1126 2056 1353 2122 iussique
1394 2055 1517 2121 ipsis
1557 2055 1608 2104 in
1648 2055 1845 2121 templis
1882 2055 2041 2122 figere

0 2130 75 2223 μζ
142 2158 354 2211 eoacra,
417 2146 720 2199 sacrandam
766 2146 831 2199 ad
885 2147 1216 2212 memoriam,
1281 2162 1380 2198 neu
1438 2146 1619 2213 specie·
1664 2145 1933 2214 religionis
1988 2145 2040 2198 in

204 2237 528 2290 ambitionem
568 2238 941 2312 delaberentur.

323 2372 358 2412 1.
391 2384 522 2425 passu
555 2383 651 2412 cum
684 2371 762 2413 lin.
786 2371 838 2414 Μ.
901 2373 943 2415 2.
978 2370 1090 2412 exim
1120 2370 1174 2411 M.
1240 2369 1363 2425 cypri
1383 2368 1437 2411 M.
1501 2370 1544 2411 4.
1579 2374 1746 2410 amatus
1775 2368 1830 2410 M.
1912 2381 2039 2411 ama-

203 2429 339 2471 :usiae
374 2430 428 2472 M.
529 2429 570 2473 6.
606 2431 841 2472 civitatium
872 2429 937 2483 M,
971 2441 1059 2472 non
1093 2429 1325 2471 civitatum.
1427 2427 1494 2471 10.
1531 2434 1634 2484 aput
1664 2427 1719 2469 M.
1821 2440 1945 2483 conp.
1981 2428 2038 2471 M.

203 2489 440 2531 retulerant
473 2489 527 2531 M.
598 2491 663 2532 11.
698 2490 842 2531 iniciis
873 2490 928 2531 M.
990 2489 1217 2544 zmyrnetis
1244 2487 1299 2530 M.
1369 2488 1435 2530 12.
1469 2493 1603 2528 strato
1635 2485 1857 2528 nicidiuae
1889 2489 2042 2529 ueneri

203 2548 268 2600 m,
302 2550 345 2589 in
379 2548 536 2603 quibus
567 2562 650 2589 uae
694 2562 748 2590 ex
791 2549 1015 2604 geminata
1047 2549 1185 2602 prima
1225 2545 1398 2600 syllaba
1441 2546 1628 2587 nominis
1670 2546 1825 2587 uenert'
1865 2551 2041 2588 natum:

204 2608 336 2649 tacite
371 2608 561 2648 correxit
593 2607 845 2649 Rhenanus,
943 2608 1011 2649 13.
1046 2621 1223 2649 carnem
1254 2606 1309 2647 M.
1390 2605 1457 2648 16.
1493 2605 1641 2646 Dareo
1676 2604 1730 2657 M,
1762 2616 1849 2646 non
1883 2605 2041 2647 Dario.

204 2667 298 2720 reyi
327 2667 453 2707 utiset
486 2667 551 2707 M:
595 2667 786 2708 correxit
817 2665 1004 2720 Lipsius,
1103 2666 1169 2709 19.
1198 2666 1305 2719 fiere
1346 2677 1455 2706 aera
1491 2664 1562 2706 M:
1609 2664 1800 2705 correxit
1833 2663 2041 2716 Pichena‚

204 2731 304 2768 ante
339 2739 466 2779 quem
501 2727 543 2766 in
579 2725 675 2768 edd.
709 2728 859 2781 facere
891 2738 1011 2766 aras.

1166 2824 1271 2867 weil
1316 2824 1393 2866 der
1433 2823 1667 2866 Wetteifer
1705 2823 1907 2865 Parteien
1938 2822 2044 2866 her..

1166 2883 1369 2926 vorrief'.
1437 2883 1492 2925 XI
1536 2884 1618 2927 23:
1673 2883 1824 2925 studiis
1867 2882 2047 2924 diversis

1167 2943 1427 2985 certabatur.
1493 2942 1543 2985 11.
1586 2942 1603 2984 1
1645 2942 1724 2986 90:
1770 2940 1920 2984 studiis
1964 2955 2043 2983 υο-

294 2825 393 2866 eoein
419 2826 568 2881 Cyprii
599 2826 732 2868 tribus
764 2825 973 2868 delubris:
1007 2827 1079 2867 in-

203 2890 445 2939 terpretare
459 2885 700 2927 'l'heodiscc
717 2884 986 2927 ‘denmachst
1008 2884 1079 2927 die

206 2944 390 2998 Cyprier
429 2945 505 2984 mit
547 2946 639 2986 drei
682 2944 918 2998 Tempeln',
961 2946 1003 2986 h.
1038 2959 1076 2985 c.

206 3002 463 3057 Cypriorum
499 3016 575 3057 pro
602 3003 737 3045 tribus
765 3003 956 3045 delubris
975 3017 1079 3057 pre-

206 3076 295 3104 ces.
339 3063 384 3103 ln
419 3061 612 3105 ablativo
646 3061 910 3118 significatio
945 3063 1080 3104 comi-

206 3129 317 3163 tatus
339 3122 451 3163 inest
469 3127 511 3162 et
530 3122 797 3177 praepositio
814 3135 908 3163 cum
925 3122 1081 3163 abesse

206 3186 349 3235 potest
368 3187 543 3235 propter
565 3181 755 3223 additum
789 3180 935 3222 tribus.
986 3180 1079 3221 Non

206 3240 352 3294 placet
377 3242 600 3282 inventum
622 3239 975 3295 Bezzenbergeri
999 3238 1082 3280 tri-

208 3300 281 3339 bus
314 3299 363 3339 ‹Ie
400 3299 598 3352 delubris,
635 3299 862 3341 intellecto
886 3312 940 3340 ex
962 3300 1082 3353 prio-

207 3358 325 3398 ribus
360 3373 605 3413 erposuere.

308 3416 411 3470 Cap.
458 3418 530 3459 63.
595 3432 771 3472 quorum
823 3423 889 3459 est
939 3430 1085 3458 eorum

209 3488 315 3527 quae
348 3476 605 3516 audiverant
639 3492 659 3518 a
696 3477 992 3531 legationibus
1017 3478 1083 3516 ci-

208 3534 421 3574 vitatium.
466 3540 503 3574 ct
528 3536 627 3587 quia
646 3537 794 3576 studiis
810 3537 1084 3577 certabatur:

212 3605 264 3631 ca
295 3592 437 3633 studia
472 3598 515 3634 et
547 3599 691 3647 partes
726 3596 768 3635 in
799 3597 895 3649 ipso
930 3600 1083 3637 senatu

210 3650 357 3702 fuere3
395 3650 635 3694 'l'heodisce
666 3653 954 3707 interpretare
978 3652 1082 3693 ‘und

1166 3003 1298 3056 tisque
1332 3001 1568 3043 certabant.
1634 3001 1684 3042 H.
1715 3000 1774 3042 lv
1805 3000 1857 3043 4:
1892 3006 1930 3041 et
1953 3007 2045 3042 stu-

1166 3062 1247 3102 diis
1278 3066 1450 3102 senatus
1482 3059 1769 3101 attollebatur.

1254 3119 1539 3161 Stratonicidi
1581 3118 1757 3159 Veneri.-
1799 3115 2045 3158 Stratonice

1167 3184 1303 3221 mater
1333 3177 1540 3220 Antiochi
1571 3177 1670 3228 Dei,
1705 3175 1882 3219 Seleuci
1910 3174 2044 3216 Nica-

1167 3239 1272 3279 toris
1306 3243 1349 3279 et
1381 3249 1480 3278 mox
1512 3235 1720 3278 Antiochi
1744 3235 1911 3278 Soteris
1934 3245 2045 3274 uxor

1169 3298 1276 3349 fuit3
1323 3298 1447 3338 cuius
1488 3294 1642 3336 honori
1686 3294 1830 3336 cultus
1860 3295 2043 3350 ’Λφυο-

1169 3358 1291 3410 δίνης
1322 3356 1398 3410 ῐῆς
1421 3353 1794 3410 Στρατονικίδος
1818 3352 2040 3393 institutus

1169 3422 1235 3457 est
1267 3429 1291 3456 a
1311 3415 1575 3468 Smyrnaeis,
1610 3413 1969 3454 commemoratus
1997 3409 2040 3454 in

1168 3474 1304 3516 titulis
1337 3473 1451 3528 apud
1478 3473 1627 3530 Bwoecl
1633 3472 1750 3513 hium
1783 3483 1825 3510 n.
1857 3466 2023 3510 3137v

1169 3536 1225 3577 70
1259 3533 1340 3588 (cf.
1376 3546 1416 3575 v,
1452 3532 1502 3588 9)
1538 3538 1580 3572 ct
1613 3544 1654 3571 n.
1687 3527 1818 3570 3156.

1263 3593 1434 3634 Tenios:
1468 3590 1522 3631 de
1556 3590 1623 3631 his
1656 3585 1903 3646 etNeptuni
1928 3588 2039 3627 tem-

1167 3652 1239 3705 plo
1274 3650 1426 3693 Strabo
1460 3649 1495 3691 Χ
1527 3648 1554 3690 4
1589 3647 1639 3689 11
1672 3657 1715 3701 p
1749 3643 1849 3688 487.
