2280 4004
293 247 383 297 ‚204

1030 292 1033 295 ,
1052 247 1346 297 ANNALIVM

1871 263 2122 314 amu-[774.

293 392 448 458 visse,
491 393 781 460 adsumptos
818 395 870 445 in
907 394 1205 448 societatem
1248 397 1560 465 GermanOS‚
1617 401 1797 456 dubias
1833 403 2122 474 Hispaniam,

295 489 491 548 cuncta,
530 490 583 535 ut
617 500 726 536 mos
768 486 950 550 famae,
994 486 1047 537 in
1083 489 1245 540 maius
1287 490 1496 555 credita,
1537 496 1766 558 optumus
1803 495 2038 562 quisque
2051 499 2128 550 rei

291 575 524 640 publicae
563 591 682 627 cura
720 576 1006 629 maerebat:
1058 579 1200 657 multi
1255 581 1374 632 odio
1423 584 1764 648 praesentium
1802 591 1853 637 et
1891 588 2124 654 cupidine

293 666 581 718 mutationis
617 667 723 718 suis
773 683 973 735 quoque
1018 661 1259 736 periculis
1299 673 1641 740 laetabantur,
1694 677 2124 746 increpabantque

254 756 575 823 ⁵Tiberium,
636 760 771 824 quod
829 760 880 810 in
932 766 1070 813 tanto
1126 779 1294 815 rerum
1347 771 1484 816 motu
1533 766 1715 819 libellis
1770 775 2122 824 accusatorum

292 848 570 900 insumeret
631 865 854 916 operam.

953 853 1034 904 An
1087 859 1136 905 ct
1185 856 1509 908 Sacrovirum
1571 859 1850 913 maiestatis
1909 861 2122 915 crimine

288 955 429 993 reum
470 941 522 991 in
561 948 739 999 senatu
779 944 926 996 fore?
998 946 1239 998 Extitisse
1280 948 1482 1000 tandem
1530 950 1701 1017 viros,
1757 952 1842 1019 qui
1889 959 2124 1006 cruentas

289 1031 528 1097 epistulas
579 1034 730 1085 armis
776 1035 1087 1088 cohiberent.

288 1125 485 1173 mutari.

1177 1039 1413 1092 Miseram
1463 1056 1641 1107 pacem
1694 1043 1777 1096 vel
1813 1043 1949 1096 bello
1991 1045 2122 1098 bene

561 1124 717 1176 Tanto
771 1125 1045 1192 impensius
1093 1129 1143 1179 in
1183 1131 1508 1184 securitatem
1564 1134 1902 1201 composituS,
1956 1146 2122 1203 neque

226 1213 407 1265 101000
449 1230 615 1281 neque
652 1216 791 1268 vultu
827 1224 1044 1284 mutatO,
1089 1221 1181 1272 sed
1217 1226 1271 1272 ut
1305 1223 1533 1288 solitum,
1574 1240 1667 1290 per
1697 1225 1812 1278 illos
1849 1225 1960 1278 dies
1997 1227 2119 1294 egit,

289 1305 549 1358 altitudine
574 1307 743 1373 animi,
771 1324 834 1360 an
861 1317 1179 1377 compererat
1202 1314 1403 1364 modica
1431 1330 1548 1367 esse
1579 1320 1628 1367 et
1660 1316 1880 1385 vulgatis
1906 1317 2119 1372 leviora.

287 1397 492 1451 Interim
541 1399 693 1451 Silius
753 1415 864 1450 cum
917 1402 1205 1470 legionibus
1256 1404 1451 1457 duabus
1507 1407 1781 1472 incedenS,
1840 1409 2208 1475 praemissa45

278 1489 521 1547 (auxiliari
556 1505 707 1542 manu
746 1497 912 1543 vastat
950 1493 1298 1560 Sequanorum
1338 1512 1527 1564 pagos,
1553 1499 1664 1564 -qui
1702 1499 1874 1550 finium
1911 1501 2122 1552 extremi

288 1585 338 1631 et
361 1580 555 1633 Aeduis
596 1584 898 1635 contermini
935 1586 1167 1652 sociique
1201 1587 1253 1637 in
1293 1589 1446 1640 armis
1484 1594 1643 1640 erant.

1714 1591 1835 1643 Mox
1857 1590 2124 1659 Augusto-

220 1682 271 1720 15
289 1671 475 1723 dunum
512 1673 636 1738 petit
670 1688 888 1740 propero
928 1677 1160 1743 agmine,
1219 1679 1528 1731 certantibus
1566 1680 1699 1732 inter
1738 1695 1795 1733 se
1839 1681 2120 1748 signiferis,

286 1763 534 1815 fremente
572 1766 723 1816 etiam
760 1767 1004 1834 gregario
1043 1768 1199 1820 milite
1237 1784 1303 1820 ne
1338 1775 1532 1821 suetam
1568 1773 1814 1838 requiem,
1855 1787 1922 1824 ne
1956 1774 2120 1839 spatia

283 1855 506 1907 noctium
526 1856 871 1923 opperiretur:
911 1858 1149 1910 viderent
1182 1860 1334 1912 modo
1365 1862 1612 1914 adversos
1651 1869 1701 1914 et
1737 1863 2118 1932 aspicerentur3

402 2010 440 2050 1.
476 2009 694 2065 hisparias
710 2010 764 2053 M.
828 2013 871 2054 3.
906 2011 1123 2067 cupidine,
1157 2014 1186 2055 i.
1223 2026 1262 2055 e.
1298 2013 1551 2070 cupidinem,
1586 2014 1639 2057 M.
1704 2016 1746 2059 6.
1780 2028 1853 2058 an.
1890 2015 2116 2061 Isacrout-

281 2080 375 2109 rum.
406 2068 469 2121 M,
516 2070 813 2126 superscripto
847 2084 872 2112 a
905 2072 1072 2114 recenti
1105 2085 1235 2114 manu
1268 2079 1320 2116 et.
1355 2073 1400 2114 in
1431 2075 1631 2130 margine
1664 2074 1821 2118 Iulium
1849 2086 1940 2118 rec.
1972 2087 2118 2120 manu.

282 2127 322 2171 7
346 2128 517 2170 eoetisset
548 2128 604 2172 M.
697 2130 738 2173 9.
772 2131 861 2186 inp.
895 2130 949 2172 M.

216 2296 221 2303 ‚
374 2271 478 2326 Cap.
502 2271 574 2316 45.
607 2287 847 2315 memorare
870 2281 1032 2317 veteres
1051 2275 1159 2318 Gal-

217 2303 231 2399 i
279 2331 417 2374 lorum
447 2331 634 2386 9lorias:
669 2332 775 2374 dicit
805 2339 981 2376 veteres
1007 2333 1159 2377 Gallo-

225 2398 232 2466 }
278 2405 372 2433 rum
413 2391 532 2433 viros
581 2392 723 2448 gloria
765 2394 1024 2436 eminentes.
1087 2395 1159 2437 Sic

223 2468 230 2484 -'
279 2452 523 2495 Marcianus
558 2450 739 2507 Capella
779 2453 839 2494 IV
873 2455 917 2505 δ.
952 2454 1063 2497 335:
1112 2454 1160 2495 ni

290 2511 497 2553 Varronis
527 2513 612 2552 mei
638 2513 753 2553 inter
770 2512 973 2554 Latiares
994 2512 1159 2568 qlorias

279 2570 485 2612 celebrati
515 2570 622 2611 mihi
656 2572 837 2612 eruditio
862 2572 1158 2626 industriaque

277 2635 529 2686 suppeteret.
585 2630 654 2671 Sic
673 2629 710 2671 II
732 2632 786 2672 41
810 2630 957 2685 populi
972 2632 1159 2673 Romani

279 2699 460 2740 amores,
495 2687 548 2729 de
585 2689 742 2744 quibus
778 2690 833 2731 cf.
852 2696 1000 2731 annot.
1037 2697 1080 2731 et
1098 2691 1157 2732 lv

277 2750 336 2792 40
369 2748 552 2789 consilia
583 2761 659 2802 pro
694 2748 1018 2801 consultoribus,
1040 2749 1077 2791 11
1104 2752 1157 2793 13

278 2808 555 2849 matrimonia
586 2817 662 2862 pm
695 2809 913 2850 uxoribus.
965 2808 1156 2851 Orellius

278 2869 589 2920 interpretatur
629 2867 820 2923 ⁴qloriosa
866 2870 1072 2922 facinora
1115 2874 1159 2910 et

280 2927 536 2981 Rupertium
611 2927 909 2981 imprudenter
980 2935 1156 2970 secutus

279 2984 748 3040 compaiatCiceronis
780 2987 926 3029 Planc.
963 2988 1157 3030 24:120-

277 3060 432 3087 norum
453 3046 615 3102 gradus
635 3072 690 3079 -—
712 3053 808 3088 sunt
823 3060 967 3102 pares,
990 3047 1158 3101 gloriae

279 3106 499 3162 dispares,
551 3100 627 3147 sed
670 3105 728 3146 ibi
785 3119 941 3148 nomen
990 3106 1157 3162 gloriae

282 3137 506 3221 genitivus
539 3170 606 3206 est
639 3170 682 3206 et
714 3165 884 3221 vulgali
929 3165 1156 3222 significa-

279 3226 401 3266 tione
435 3225 638 3278 positum.
703 3223 838 3266 lidem
880 3225 1070 3267 editores
1104 3238 1157 3266 ex

279 3284 546 3326 Forcellinio
580 3284 807 3338 proferunt
840 3284 1033 3326 Sallustii
1059 3283 1155 3339 lug.

279 3345 362 3385 41:
405 3357 535 3398 penes
567 3344 732 3384 eosdem
763 3346 1008 3394 aerarium,
1050 3356 1158 3399 pro-

279 3403 464 3452 vinciae,
497 3404 787 3456 magistratus,
813 3403 980 3458 yloriae
1005 3404 1159 3445 trium-

275 3461 432 3515 phique
444 3469 582 3513 erant,
594 3461 670 3502 sed
683 3462 774 3503 illic
786 3463 953 3517 gloriae
966 3463 1160 3504 brevite!

282 3519 443 3560 (lictum
499 3532 575 3573 pro
632 3520 798 3573 yloriae
855 3523 1066 3576 fructibus
1123 3528 1161 3562 et

278 3579 557 3632 possessione.
608 3578 687 3620 Pro
722 3581 1033 3624 iactationibus
1064 3581 1159 3638 ylo-

285 3637 380 3682 riae
420 3638 574 3680 Plauto
606 3636 695 3680 Mil.
726 3638 744 3681 l
782 3641 800 3680 1
836 3642 892 3684 22
921 3640 1161 3697 9loriarum

1033 2145 1166 2188 conp.
1202 2132 1257 2174 M.

1355 2132 1421 2176 14.
1458 2133 1576 2175 eduis
1608 2133 1661 2176 M.

1236 2275 1489 2332 pleniorem,
1526 2276 1697 2318 Trucul.
1731 2275 1791 2318 IV
1815 2279 1845 2319 4
1863 2276 1923 2320 36
1951 2275 2121 2333 gloriae

1239 2336 1536 2388 meretricum,
1569 2348 1756 2390 eumque
1787 2336 1980 2378 imitatus
2012 2335 2118 2379 Gel-

1242 2394 1449 2438 lius126
1469 2395 1623 2436 inanes
1659 2408 1754 2436 cum
1783 2395 1910 2449 flaret
1937 2393 2118 2450 glorias,

1240 2453 1345 2498 1127
1381 2459 1490 2496 extr.
1526 2460 1702 2508 quaestu
1726 2460 1851 2508 atque
1871 2454 2118 2510 contpendio

1241 2512 1493 2569 qloriarum.

1328 2571 1659 2615 intolerantior:
1694 2571 1778 2613 hoc
1811 2583 1969 2614 nomen
2002 2585 2119 2616 niune

1240 2633 1282 2673 vi
1333 2633 1508 2685 passiva
1550 2630 1815 2685 praeditum,
1866 2637 1912 2672 ut
1954 2631 2010 2674 XI
2064 2634 2119 2678 10

1239 2691 1483 2746 regreditur
1513 2693 1665 2747 inqens
1696 2690 1862 2745 ylario,
1905 2697 2031 2746 atque
2069 2706 2117 2734 eo

1238 2751 1430 2805 ferocior
1472 2757 1511 2792 et
1557 2750 1754 2791 subiectis
1795 2748 2116 2794 intolerantior.

1243 2810 1318 2851 vis
1351 2812 1496 2852 activa
1526 2815 1592 2851 est
1623 2808 1698 2851 Xll
1737 2811 1757 2851 1
1801 2808 1975 2852 caelibis
2004 2811 2118 2853 vitae

1237 2868 1515 2921 intoleranti,
1573 2876 1613 2910 et
1656 2869 1882 2924 coniugum
1929 2870 2119 2926 {nuper-iis

1240 2929 1450 2981 obnooei03
1486 2926 2116 2983 perinde131,1175‚1vl.

1242 2988 1291 3028 H.
1325 2988 1385 3029 IV
1417 2962 1490 3031 8'0.

1336 3046 1439 3100 Cap.
1487 3047 1559 3089 46.
1624 3046 1943 3101 competebant.-
2002 3047 2030 3087 i.
2076 3061 2116 3089 e.

1187 3111 1189 3113 ’
1241 3112 1466 3160 compotes
1501 3111 1644 3146 erant.
1691 3105 1808 3146 conf.
1845 3105 1895 3147 H.
1939 3103 1994 3146 111
2021 3033 2180 3231 Βῆ

1239 3179 1327 3205 non
1359 3164 1522 3220 linqua,
1556 3178 1643 3205 non
1674 3164 1849 3207 auribus
1868 3171 2102 3221 contpetere

1240 3224 1406 3266 Nonius
1450 3237 1491 3278 p.
1533 3223 1620 3267 276
1667 3224 1743 3264 13:
1794 3231 2031 3280 competere
2063 3248 2118 3257 --

1242 3290 1488 3325 constanter
1519 3281 1678 3324 valere.
1714 3282 1943 3326 Sallustius
1957 3283 2116 3324 Hister.
2166 3233 2178 3338 )

1241 3343 1312 3384 lib.
1357 3343 1404 3384 1:
1460 3343 1540 3383 ‘sic
1578 3356 1677 3383 vero
1723 3344 1846 3395 quasi
1889 3340 2117 3397 formidine
2166 3343 2171 3393 ζ

1242 3403 1446 3444 attonitus
1474 3415 1607 3456 neque
1629 3401 1773 3442 animo
1789 3414 1923 3455 neque
1943 3398 2119 3441 auribus
2167 3401 2175 3463 l

1243 3469 1318 3504 aut
1349 3462 1499 3516 linqua
1531 3460 1793 3515 competer’.e
2140 3465 2177 3504 Α

1332 3520 1520 3563 imbelles
1559 3519 1729 3562 Aeduos
1777 3530 1865 3559 esse
1912 3515 2116 3557 evincite.-

1248 3580 1331 3623 hoc
1349 3579 1545 3636 peliculo
1569 3583 1694 3621 vetus
1713 3576 1899 3619 offensio
1923 3572 2118 3617 tollenda

1246 3645 1376 3683 era-st
1398 3639 1606 3682 Nimirum
1640 3634 1756 3693 quod
1787 3633 1923 3693 vulgo
1953 3633 2116 3692 legitur
