2280 4004
147 409 215 458 12

160 1772 229 1820 13

231 264 336 324 aG.
368 265 442 311 47

230 421 443 458 narrare
488 405 669 464 solium
727 410 817 461 est,

798 264 963 308 LIBER
998 262 1071 317 *XL
1116 263 1240 315 ἘΔΜ
1277 264 1464 312 ,11-13.

1993 264 2050 307 15

912 406 1097 465 Ver-um
1149 404 1409 457 inclinatio
1457 403 1628 471 pepini
1679 408 1943 470 supererat
1990 419 2054 455 ex

231 499 475 555 memoria
499 498 808 563 Germanici,
838 498 986 551 cuius
1015 498 1100 557 illa
1135 497 1329 564 reliqua
1360 497 1565 550 suboles
1597 496 1788 560 virssis3
1827 501 1876 548 et
1909 495 2055 547 matri

230 589 543 657 Agrippinae
568 590 828 641 miseratio
862 590 1143 656 augebatur
1180 588 1244 640 ob
1282 588 1542 641 saevitiam
1564 586 1887 652 Messalinae,
1926 599 2055 652 quae

233 696 434 748 semper
460 683 646 734 infesta
685 686 735 732 et
755 686 877 732 tunc
915 680 1232 746 commotior,
1273 694 1371 746 quo
1397 679 1560 736 minus
1589 683 1808 734 strueret
1843 678 2055 730 crimina

235 778 285 824 et
320 777 674 837 accusatoreS,
738 786 873 823 novo
915 775 964 823 et
1002 771 1163 823 furori
1211 771 1444 837 proximo
1490 782 1666 825 amore
1703 770 2095 825 distinebatiir.5

234 864 359 916 Nam
393 864 447 914 in
484 863 665 915 Gaium
703 862 902 927 Silium,
942 863 1213 914 iuventutis
1255 863 1513 914 Romanae
1546 862 1952 928 pulcherrimum,
1989 861 2058 913 ita

235 959 499 1006 exarserat
538 959 592 1005 ut
626 953 817 1005 Iuniam
856 954 1107 1018 Silanam‚
1157 953 1381 1004 nobilem
1418 953 1702 1018 feminam,
1735 953 2058 1004 matrimonio

236 1045 345 1115 eius
400 1044 691 1096 exturbaret
737 1059 1003 1110 vacuoque
1060 1043 1290 1094 adultero
1337 1048 1614 1109 poteretur.

1688 1045 1864 1110 Neque
1910 1043 2060 1097 Silius

237 1133 415 1201 flagitii
447 1139 533 1186 aut
559 1133 771 1200 periculi
797 1134 1003 1185 nescius
1034 1139 1168 1185 erat:
1206 1134 1297 1185 sed
1336 1139 1493 1200 certo,
1534 1134 1579 1186 si
1607 1135 1867 1200 abnueret,
1907 1135 2062 1187 exitio

238 1230 288 1279 et
334 1225 574 1285 nonnulla
628 1225 835 1276 fallendi
886 1239 1004 1290 spe,
1061 1224 1210 1276 simul
1264 1224 1462 1291 magnis
1516 1226 1784 1291 praemiiS,
1845 1226 2063 1292 opperiri
2083 1241 2128 1279 ιο

240 1317 434 1382 sutura,
486 1320 540 1367 et
588 1315 941 1382 praesentibus
999 1316 1097 1366 frui
1153 1331 1245 1382 pro
1300 1315 1483 1367 solatio
1526 1315 1760 1369 habebat.

1836 1316 1924 1367 Illa
1963 1331 2066 1368 non

240 1407 432 1472 furtim,
470 1406 562 1458 sed
598 1407 752 1460 multo
790 1408 1030 1458 comitatu
1067 1408 1320 1458 ventitare
1362 1407 1591 1472 domum,
1635 1407 1930 1474 egressibus
1972 1407 2069 1459 ad-

239 1497 574 1562 haerescere,
619 1498 798 1565 largiri
837 1513 958 1564 opes
994 1498 1234 1550 honores

1309 1498 1596 1563 PostremO,
1653 1497 1790 1549 velut
1826 1498 2068 1550 translata

241 1589 340 1640 iam
376 1589 609 1654 fortuna,
666 1589 804 1641 servi
859 1589 1027 1640 liberti
1080 1594 1284 1656 parat-us
1320 1589 1564 1656 principis
1608 1589 1740 1656 apud
1787 1589 2067 1641 adulterum

243 1679 554 1731 visebantur.

382 1771 450 1822 At
487 1769 724 1822 Claudius
761 1770 1067 1822 matrimonii
1123 1771 1202 1824 sui
1252 1771 1461 1840 ignarus
1513 1775 1562 1822 et
1608 1771 1777 1823 munia
1829 1771 2068 1824 censoria

361 1922 402 1967 6.
442 1924 491 1966 G.
528 1923 608 1967 Ma.
699 1924 743 1967 8.

244 1983 397 2032 adher.
431 1982 511 2025 Ma.

249 2042 282 2084 G
315 2041 587 2084 adulterium.

779 1925 975 1968 adultero
1009 1925 1100 1968 Ma:

675 2042 743 2085 16.
778 2046 995 2086 censioria
1026 2044 1108 2087 Ma.

248 2163 451 2219 ¹‹Jistratus
492 2164 757 2219 potissimum
803 2166 1119 2220 exequebantur

249 2223 398 2277 officia
434 2224 813 2265 caerimoniarum.

317 2281 486 2323 sedente
508 2281 688 2324 Claudio
709 2284 969 2326 circensibus
983 2283 1117 2325 ludis:

252 2340 387 2382 veiba
417 2340 586 2383 sedente
619 2341 800 2384 Claudio
833 2343 942 2385 nihil
976 2345 1120 2399 signi-

252 2398 383 2440 licant
414 2401 498 2442 nisi
530 2401 669 2454 ipsum
702 2403 945 2455 principem
975 2415 1119 2443 coram

254 2457 343 2499 illis
376 2458 490 2500 ludis
528 2459 684 2502 tuisse.
747 2460 943 2503 Eundem
983 2476 1121 2518 prae-

253 2517 409 2559 sedisse
452 2531 596 2573 neque
644 2519 929 2562 demonstrari
977 2527 1121 2574 potest

254 2589 399 2632 neque
430 2577 672 2619 verisimile
705 2585 786 2632 est,
821 2593 916 2621 cum
947 2587 1122 2658 praetor

256 2636 525 2679 circensibus
555 2645 796 2691 praeesset.

341 2709 472 2738 unam
491 2697 663 2738 omnino
695 2711 907 2754 anquem:
940 2711 982 2740 v.
1009 2699 1122 2741 Sue-

254 2759 345 2795 ton.
379 2754 479 2797 Ner.
520 2755 562 2797 6.
626 2754 708 2797 Dio
755 2756 869 2810 apud
909 2757 1120 2810 xiphilin.

255 2812 347 2853 LXI
385 2815 428 2856 2.
489 2814 582 2854 Hoc
613 2822 916 2870 argumentum
949 2818 993 2856 in
1028 2817 1121 2858 Do.-

258 2871 380 2912 mi'tio
428 2884 506 2912 suo
554 2877 633 2943 ξε
674 2873 877 2930 Nerone)
927 2887 981 2916 ex
1026 2887 1124 2917 mea

252 2931 512 2971 coniectura
544 2930 760 2973 curiatius
780 2933 999 2975 Maternus
1031 2940 1123 2975 tra-

260 2989 420 3040 ctavit,
465 2989 519 3030 de
569 3002 655 3045 quo
708 2993 885 3045 copiose
942 2992 1030 3034 dixi
1079 2994 1123 3033 in

221 3064 225 3066 “
261 3047 532 3100 praefatione
564 3050 616 3090 ad
660 3049 885 3092 Octaviam
919 3058 1124 3105 praetex-

260 3112 344 3147 tam
384 3105 578 3149 Materno
620 3109 881 3151 vindicatam
938 3125 979 3165 p.
1028 3111 1123 3153 >3111

260 3164 455 3207 -xle

349 3222 454 3277 Cap.
492 3227 558 3268 12.
624 3227 934 3269 distinebatur.-
967 3227 1124 3269 fortius

262 3280 345 3323 hoc
377 3289 443 3330 est
475 3289 518 3324 et
550 3287 808 3339 exquisitius
852 3299 978 3340 quam
1026 3286 1125 3327 libri

260 3340 474 3383 Budensis
516 3343 806 3385 detinebatur.-
851 3344 1125 3387 Messalinam

262 3401 391 3453 enim,
426 3402 610 3443 diversis
634 3403 765 3443 animi
792 3403 995 3454 motibus,
1025 3403 1126 3444 hinc

255 3459 351 3511 ira,
385 3459 486 3501 inde
517 3473 663 3502 amore
696 3468 950 3514 occupatam
982 3463 1125 3516 iisque

262 3518 304 3558 in
326 3517 545 3560 diversum
571 3526 763 3572 tractam,
786 3522 877 3562 irae
900 3519 1129 3575 indulgere

259 3589 350 3618 -non
381 3580 577 3633 potuisse
613 3586 819 3635 quantum
851 3578 1010 3632 vellet,
1046 3578 1130 3621 hoc

267 3636 403 3684 verbo
451 3651 595 3684 rerum
651 3640 836 3699 scriptor
890 3637 1099 3684 iudicavit
1117 3654 1129 3696 3

639 1983 706 2026 14.
741 1985 981 2028 adulterum
1013 1924 1630 2029 Pmegtitaellztllg‘gvgtomffi·aloerum
1671 1998 1889 2040 superscr.
1921 1984 2070 2039 filium,

1525 1927 1594 1969 10.

1630 1928 1793 1982 operiri
1824 1924 1904 1968 Ma.
2000 1927 2068 1967 12.

1204 2165 1260 2207 cf.
1295 2164 1394 2207 XIV
1427 2165 1511 2209 25:
1558 2179 1664 2219 quae
1702 2164 1878 2220 facilius
1914 2179 2073 2221 prove-

1202 2225 1392 2276 aiebant,
1427 2225 1528 2277 quia
1560 2224 1712 2266 Parthi
1740 2225 1942 2280 Hyrcano
1967 2223 2073 2266 bello

1207 2284 1532 2325 distinebantur.
1596 2283 1647 2324 H.
1701 2283 1760 2325 lv
1804 2284 1889 2326 55:
1940 2285 2075 2326 omnis

1207 2345 1419 2385 exercitus
1451 2343 1538 2386 suis
1568 2355 1767 2397 quemque
1800 2342 1919 2384 bellis
1951 2344 2075 2385 disti-

1203 2404 1313 2444 neri.
1378 2402 1443 2444 De
1488 2415 1536 2442 re
1587 2403 1702 2444 conf.
1745 2403 1828 2444 Dio
1884 2403 1956 2444 LX
2002 2404 2074 2445 31.

1204 2463 1356 2503 iuven.
1399 2461 1433 2501 X
1466 2461 1717 2504 329—345.
1778 2462 1920 2503 Aliam
1957 2462 2075 2503 Mes-

1204 2521 1372 2563 salinae
1405 2519 1633 2562 libidinem
1667 2521 1886 2563 luvenalis
1913 2522 1969 2563 Vl
1995 2521 2077 2563 115

1204 2581 1350 2624 ——132
1381 2580 1587 2620 narravit.

1290 2639 1480 2695 opperiri
1510 2641 1674 2693 futura,
1712 2646 1750 2681 et
1777 2639 2076 2695 praesentibus

1204 2701 1295 2754 frui
1308 2711 1389 2755 pro
1408 2696 1560 2739 solatio
1579 2698 1759 2740 habebat
1772 2712 1786 2739 .·
1812 2706 1910 2753 post
1928 2703 2079 2754 futura

1206 2770 1293 2799 vox
1325 2757 1501 2811 paulum
1521 2757 1775 2811 inhibenda,
1814 2758 1928 2813 quod
1953 2771 2075 2800 com-

1206 2823 1321 2857 mate
1364 2816 1582 2858 indicavi:
1625 2831 1721 2858 nam
1771 2819 1961 2873 opperiri
2013 2825 2078 2859 est

1207 2875 1449 2917 infinitivus
1472 2875 1721 2929 historicus,
1749 2890 1893 2932 neque
1917 2877 2080 2930 pendet

1209 2948 1262 2976 ex
1291 2934 1586 2989 subsequente
1604 2950 1685 2991 pro
1707 2935 1859 2978 solatio
1880 2936 2077 2979 habebat.

1209 2993 1389 3036 Scilicet
1421 2997 1611 3049 opperiri
1645 2998 1795 3049 futura
1827 2995 1935 3038 Silio
1975 2996 2078 3036 nul-

1209 3053 1296 3094 lum
1329 3053 1555 3106 solatium,
1589 3055 1719 3094 immo
1753 3055 1866 3095 iusta
1898 3055 2078 3095 timendi

1209 3125 1339 3153 causa
1371 3118 1477 3153 erat.

1299 3168 1402 3223 Cap.
1437 3171 1504 3211 13.
1546 3171 1695 3211 munia
1726 3172 1948 3211 censoria:
1983 3169 2080 3211 col-

1210 3228 1354 3282 legam
1389 3241 1599 3269 censurae
1618 3228 1768 3269 habuit
1788 3229 1835 3271 L.
1853 3229 2081 3271 Vitellium

1211 3293 1310 3327 ante
1340 3286 1468 3327 rebus
1494 3299 1702 3340 prospere
1731 3289 1868 3343 gestis
1897 3288 2082 3330 ethonis

1211 3345 1375 3386 artibus
1426 3345 1665 3398 illustrem,
1716 3351 1803 3387 tum
1859 3348 2083 3400 proiectae

1211 3404 1472 3445 adulationis
1513 3404 1696 3445 artificio
1748 3406 1990 3461 insignem:
2037 3419 2081 3448 v,

1212 3463 1264 3503 ad
1302 3462 1356 3503 v1
1385 3463 1456 3505 32.
1504 3462 1572 3504 Cf.
1606 3464 1785 3506 Sueton.
1822 3465 1973 3506 Claud.
2004 3465 2080 3508 16:

1211 3523 1339 3577 gessit
1370 3528 1408 3562 et
1431 3535 1673 3575 censuram,
1705 3524 1992 3566 intermissam
2011 3525 2083 3566 diu

1207 3587 1304 3636 post
1336 3580 1542 3623 Plancum
1582 3580 1842 3637 Paulumque
1885 3597 2082 3626 censores

1215 3642 1278 3700 (a,
1313 3640 1439 3702 732).
1498 3639 1617 3686 mem
1652 3641 1804 3687 vaen.
1837 3631 1889 3690 2.
1912 3642 2080 3696 Plinius

2085 1699 2132 1736 15
