2280 4004
796 291 959 340 LIBER
989 291 1065 340 1v.
1127 293 1234 340 CAr.
1269 295 1458 341 70—72.
1955 296 2044 341 301

223 308 248 338 a
279 287 328 340 C.
362 295 435 342 28.
455 299 469 304 ”

225 441 334 507 cipe
384 445 438 491 ut
488 444 647 492 metus
709 455 830 492 suos
885 440 1083 492 senatui
1149 440 1391 492 fateretur
1450 438 1776 504 amoverique
1837 438 2043 489 sineret.
2094 500 2102 518 Τ

43 538 102 594 s<
122 545 187 606 s><
221 530 906 607 Nullaetaffle'fjberius,
964 535 1018 581 ut
1056 530 1291 595 rebatur,
1354 529 1860 603 esflyiQutDusesuis
1899 543 2046 595 quam

775 594 935 606 *ffw‘m*
964 595 1325 610 -·ae-—--ae=-—-—--«--⁷‘·“-—*
1356 600 1360 603 ν
1377 599 1385 602 -

225 622 674 673 dissimulationem
719 603 986 689 diligebat.

221 718 487 778 premeret.

223 804 572 869 cunctationes
598 803 842 869 principis
869 805 1202 870 opperiretur,
1228 818 1418 870 gnarus
1444 803 1630 855 lentum
1657 804 1710 854 in
1735 803 2044 870 meditandO,
2063 815 2085 853 5

221 893 303 944 ubi
344 894 673 960 prorupisset,
713 894 939 944 tristibus
977 894 1126 945 dictis
1165 894 1357 945 atrocia
1403 893 1535 945 facta
1574 895 1906 962 coniungere.

269 978 277 995 ⁴
343 984 453 1035 ,Per
486 983 620 1035 idem
649 989 843 1050 tempus
873 984 997 1035 Iulia
1035 988 1246 1035 mortem
1285 985 1427 1049 obiit,
1471 1000 1618 1051 quam
1644 990 1843 1052 neptem
1866 985 2047 1052 Augu-

219 1080 324 1126 stus
354 1075 638 1126 convictam
673 1074 907 1126 adulterii
941 1075 1285 1140 damnaverat,
1322 1076 1709 1142 proieceratque
1746 1077 1799 1127 in
1832 1076 2047 1129 insulam

219 1166 524 1231 Trimerum,
586 1166 721 1217 haud
760 1166 941 1232 procul
981 1166 1159 1232 Apulis
1207 1166 1456 1218 litoribus.
1534 1167 1640 1218 Illic
1683 1167 1864 1234 viginti
1900 1168 2046 1219 annis

217 1257 421 1310 exilium
467 1258 731 1323 toleravit,
785 1258 1048 1326 Augustae
1099 1272 1195 1323 ope
1251 1262 1563 1321 sustentata3
1620 1273 1749 1324 quae
1804 1259 2104 1311 florentesm

214 1350 480 1417 privignos
519 1365 630 1401 cum
666 1365 758 1416 per
792 1350 1042 1401 occultum
1085 1349 1434 1414 subvertisset,
1478 1349 1882 1401 misericordiam
1921 1365 2046 1417 erga

217 1440 447 1491 adflictos
482 1440 646 1506 palam
686 1440 985 1492 ostentabat.

133 1526 200 1573 72
354 1531 548 1583 Eodem
577 1546 712 1583 anno
740 1531 905 1596 Frisii,
930 1531 1327 1583 transrhenanus
1356 1531 1586 1597 popuIUS,
1621 1546 1799 1597 pacem
1837 1546 2043 1596 exuere,

216 1626 389 1673 nostra
425 1622 587 1689 magis
625 1621 836 1673 avaritia
872 1636 1017 1688 quam
1051 1622 1282 1688 obsequii
1307 1622 1640 1688 impatientes
1700 1622 1955 1672 Tributum
1982 1621 2044 1672 iis

215 1714 408 1764 Drusus
466 1716 684 1766 iusserat
720 1713 1002 1778 modicum,
1063 1728 1155 1779 pro
1197 1714 1427 1781 angustia
1466 1729 1666 1778 rerum,
1723 1718 1778 1763 ut
1825 1714 1877 1763 in
1921 1725 2107 1765 ususts

214 1803 457 1856 militares
501 1805 643 1856 coria
677 1805 828 1855 boum
868 1804 1175 1870 penderent,
1213 1819 1317 1855 non
1354 1805 1543 1856 intenta
1582 1804 1877 1870 cuiusquam
1923 1819 2043 1856 cura

215 1909 343 1960 quae
372 1896 640 1960 firmitudO,
682 1911 810 1962 quae
837 1911 1089 1960 mensura,
1120 1895 1285 1947 donec
1313 1895 1556 1948 Olennius
1588 1911 1616 1946 e
1648 1894 2042 1962 primipilaribus

215 1988 456 2055 regendis
491 1986 668 2038 Frisiis
717 1987 980 2053 impositus
1024 1992 1167 2054 terga
1225 2002 1431 2038 urorum
1482 1986 1673 2053 delegit
1723 2001 1934 2052 quorum
1977 1986 2040 2037 ad

218 2079 429 2129 formam
480 2079 846 2144 acciperentur.
940 2078 994 2128 Id
1049 2077 1160 2128 aliis
1222 2092 1422 2143 quoque
1467 2077 1758 2128 nationibus
1811 2077 2038 2140 arduum,

217 2168 346 2234 apud
375 2167 655 2220 Germanos
690 2166 943 2220 difficilius
970 2167 1294 2233 tolerabatur,
1328 2168 1439 2234 quis
1476 2167 1754 2235 ingentium
1779 2166 2040 2219 beluarum
2055 2179 2106 2218 πο

934 2318 1210 2375 aperirentur
1254 2316 1317 2359 M:
1364 2319 1553 2359 correxit
1597 2316 1629 2359 1.
1673 2316 1742 2361 Fr.
1778 2317 2038 2361 Gronovius.

332 2319 375 2362 4.
405 2325 650 2375 praemeret
681 2316 736 2359 M.
859 2319 899 2361 5.

1174 2377 1240 2419 18.
1282 2377 1370 2433 inp.
1404 2377 1459 2419 M.
1554 2377 1707 2433 (leieyit
1737 2378 1792 2420 M.

216 2376 259 2420 8.
287 2378 615 2434 proleceratque
645 2378 701 2420 M.
797 2378 864 2420 14.
897 2378 984 2433 inp.
1019 2377 1073 2419 M.

1259 2498 1381 2546 terga
1418 2504 1620 2533 urorum:
1667 2492 1734 2532 uri
1778 2492 1912 2547 (tauri
1956 2492 2037 2534 sil-

218 2492 514 2548 etAgrippina
540 2494 690 2548 genita
717 2491 870 2534 eodem
890 2490 1086 2548 Agrippa

1170 2556 1361 2607 vestres)
1406 2550 1530 2592 multi
1572 2552 1616 2592 in
1657 2551 1878 2605 Hercynia
1908 2551 2036 2604 silva,

216 2557 361 2606 patre,
404 2551 482 2593 sed
514 2552 600 2593 alia
649 2557 785 2593 matre
820 2551 954 2607 (Iulia
989 2552 1084 2592 Au-

1080 622 1154 673 Eo
1191 621 1396 689 aegrius
1444 621 1640 687 accepit
1675 620 1872 672 recludi
1918 634 2046 686 quae
2064 650 2221 680 ..A

562 712 662 765 Sed
702 713 953 779 mitigavit
979 712 1209 776 SeianuS,
1249 727 1352 763 non
1377 712 1506 763 Galli
1553 727 1742 777 amore,
1782 726 1958 763 verum
1992 715 2047 762 ut
2081 708 2229 754 ⁷1⁴³&

217 2612 332 2666 gusti
365 2610 495 2668 iilia),
529 2623 700 2653 sorores
729 2611 1083 2667 consanguineae

216 2671 355 2712 suere.

303 2750 347 2784 ut
381 2743 673 2786 cunctationes
711 2744 922 2799 principis
954 2758 1084 2800 oppe-

217 2801 410 2843 riretur.-
445 2802 501 2843 cf.
536 2802 553 2843 1
586 2803 643 2845 69
675 2815 769 2843 cum
802 2805 1084 2845 annotatione

218 2860 275 2901 ibi
322 2860 507 2902 adiecta.
625 2875 704 2916 per
743 2862 854 2902 idem
903 2869 1084 2918 tempus:

220 2917 328 2959 haec
362 2918 550 2960 libenter
582 2919 860 2973 interposuit,
893 2926 940 2960 ut
973 2920 1082 2962 duae

216 2988 299 3029 res,
338 2989 515 3031 quarum
536 2990 622 3018 una
646 2984 769 3020 atrox
790 2985 834 3019 et
853 2978 1082 3032 horrenda,

216 3034 352 3077 altera
407 3036 607 3092 dignitati
668 3037 849 3079 Romani
911 3040 1080 3093 imperii

217 3095 456 3148 contraria,
524 3095 698 3150 paulum
756 3097 1078 3140 distinerentur.

218 3152 282 3194 De
314 3154 420 3195 lulia
453 3154 509 3196 cf.
543 3153 599 3196 111
631 3157 702 3198 24.

306 3237 410 3294 Cap.
445 3240 515 3283 72.
576 3241 720 3283 eodem
762 3256 906 3284 anno:
950 3256 993 3285 v.
1028 3242 1081 3284 ad

219 3295 234 3338 Ι
269 3298 339 3340 53.
463 3298 661 3341 tributum
698 3301 751 3341 iis
792 3301 959 3343 Drusus
988 3303 1081 3343 ius-

216 3364 354 3398 serat:
390 3356 555 3398 Drusus
589 3359 750 3412 primus
782 3360 825 3399 in
854 3359 965 3401 hanc
988 3366 1080 3401 ter-

217 3426 304 3456 ram
330 3417 498 3470 imperii
523 3419 814 3459 reverentiam
841 3418 1080 3471 protulerat

215 3487 327 3515 anno
361 3473 413 3516 ab
448 3489 488 3517 u.
523 3475 631 3519 742:
665 3476 746 3517 Dio
780 3475 871 3517 LIV
904 3479 975 3520 32.

282 3550 328 3589 in
344 3563 444 3590 usus
457 3548 665 3590 militares
677 3564 690 3590 :
717 3550 918 3605 intellige
937 3555 1075 3602 scuta,

208 3604 517 3661 tabernacula,
559 3613 678 3650 utres
719 3608 932 3651 servando
972 3609 1076 3651 vino

215 3670 288 3709 aut
318 3666 587 3711 traiiciendis
618 3667 868 3713 fluminibus
902 3673 986 3712 cet.

1170 2622 1256 2651 non
1294 2611 1338 2650 in
1383 2610 1546 2664 campis
1589 2616 1632 2651 et
1675 2610 1906 2664 paludibus
1938 2610 2037 2652 Fri-

1168 2671 1345 2711 sim-um.
1411 2667 1585 2711 Caesar.
1633 2669 1689 2710 VI
1734 2669 1819 2712 28:
1869 2671 2038 2712 tertium

1169 2736 1228 2770 est
1259 2742 1391 2784 qenus
1424 2727 1577 2782 (boum
1600 2729 1644 2768 in
1661 2728 1773 2770 silva
1790 2729 2034 2785 Hercynia)

1168 2802 1313 2829 eorum
1345 2788 1416 2841 qui
1436 2788 1508 2828 uri
1524 2787 1811 2843 appellantur.
1861 2788 1918 2830 Hi
1938 2795 2036 2830 sunt

1166 2846 1459 2902 magnitudine
1497 2846 1627 2902 paulo
1672 2847 1794 2901 infra
1827 2846 2035 2903 elephan-

1167 2913 1244 2958 tos,
1276 2905 1415 2962 specie
1448 2912 1487 2947 et
1509 2905 1650 2947 colore
1675 2913 1713 2948 et
1736 2907 1880 2962 fiqura
1903 2908 2033 2948 tam-i.

1169 2964 1336 3019 Mayna
1361 2965 1427 3005 vis
1459 2979 1605 3006 eorum
1646 2973 1684 3007 et
1721 2979 1882 3022 maqna
1915 2964 2034 3006 velo-

1167 3024 1289 3066 citas.
1351 3022 1486 3065 Ibid.:
1540 3023 1784 3080 Amplitudo
1831 3038 2036 3066 cornuum

1167 3090 1206 3124 et
1235 3084 1377 3138 fiyura
1409 3089 1447 3123 et
1477 3084 1639 3138 species
1678 3083 1851 3125 mullum
1892 3097 1920 3124 a
1951 3097 2033 3123 no-

1165 3148 1349 3183 strorum
1381 3141 1501 3182 boum
1533 3142 1731 3183 cornibus
1763 3142 1919 3196 differt.
1964 3140 2031 3182 Cf.

1166 3198 1276 3240 Plin.
1313 3198 1411 3240 Vlll
1446 3200 1522 3241 15:
1562 3199 1696 3254 Terqa
1727 3205 1827 3241 sunt
1859 3206 2033 3255 terqora

1166 3259 1374 3313 (Haute),
1417 3264 1463 3296 ut
1510 3258 1585 3298 XV
1637 3261 1709 3300 44.
1775 3257 1825 3300 H.
1868 3258 1904 3299 ll
1944 3257 2029 3300 88:

1166 3317 1295 3372 terqis
1334 3318 1527 3369 serarum
1569 3323 1607 3357 et
1651 3316 1891 3371 ingen-tibus
1938 3316 2031 3358 telis

1165 3375 1400 3416 horrentes.
1459 3374 1563 3415 Eam
1598 3374 1819 3416 licentiam
1851 3374 1923 3416 dat
1944 3388 2030 3416 nu-

1165 3446 1308 3474 merus
1361 3432 1672 3474 multitudinis:
1723 3439 1854 3488 poeta
1900 3435 2029 3476 etiam

1163 3491 1375 3547 singulari
1425 3504 1604 3532 numero
1655 3494 1748 3534 eius
1791 3493 1913 3535 vocis
1966 3494 2030 3534 sic

1165 3552 1225 3591 uti
1250 3556 1409 3604 potest,
1446 3556 1492 3591 ut
1511 3551 1723 3608 Virgilius
1745 3553 1856 3594 Aen.
1881 3550 2029 3594 1368:

1163 3611 1334 3652 taurino
1350 3617 1550 3666 quantum
1560 3618 1734 3669 possent
1761 3611 2029 3656 circumdare

1161 3676 1295 3727 ter90.
