2280 4004
284 276 384 319 292
1075 273 1370 318 ANNALIVM
1864 291 1906 321 a.
1938 290 1985 323 u.
2015 278 2120 324 818.

294 417 595 470 adfluentius
633 415 786 468 solito
823 415 1112 467 convivium
1149 416 1342 483 initum,
1383 432 1648 470 servorum
1683 419 1935 472 carissimi
1964 420 2127 474 liber—

291 513 394 560 tate
434 513 483 559 et
520 507 604 558 alii
641 507 856 573 pecunia
893 506 1084 558 donati.
1158 508 1326 576 Atque
1379 510 1489 576 ipse
1542 515 1764 564 maestus
1813 516 1862 564 et
1907 527 2125 580 magnae

297 598 625 665 cogitationis
663 598 961 650 manifestus
1001 604 1141 665 erat,
1200 600 1427 666 quamvis
1464 600 1707 654 laetitiam
1742 603 1888 671 vagis
1924 619 2127 656 sermo-

297 689 444 739 nibus
479 688 755 740 simularet.
827 690 1089 743 Postremo
1144 690 1436 744 vulneribus
1488 692 1790 760 ligamenta,
1844 694 2125 761 quibusque

257 781 488 832 ssistitur
522 781 749 848 sanguis,
787 796 973 847 parare
1010 781 1245 834 libertum
1277 783 1492 835 eundem
1530 789 1728 850 monet,
1767 786 1878 838 sive
1913 801 2126 854 gnarum

298 873 664 924 coniurationis
706 878 755 924 et
790 873 909 924 illuc
948 889 1110 940 usque
1147 874 1324 941 fidum,
1382 891 1474 927 seu
1511 877 1740 928 nescium
1781 881 1831 928 et
1865 882 1984 928 tunc
2019 877 2129 944 pri-

298 945 428 1014 mum
469 963 684 1030 arreptis
725 965 1133 1030 suspicionibuS,
1183 971 1238 1016 ut
1279 966 1507 1032 plerique
1541 967 1801 1019 tradidere
1837 967 1901 1020 de
1940 983 2130 1020 conse-

297 1055 581 1120 quentibus,
640 1056 764 1107 Nam
809 1071 920 1106 cum
958 1071 1131 1108 secum
1167 1057 1368 1110 servilis
1403 1058 1598 1110 animus
1635 1059 1858 1125 praemia
1884 1059 2127 1126 perfidiae

292 1139 569 1204 reputavit,
612 1140 859 1205 simulque
896 1141 1138 1192 immensa
1175 1143 1390 1208 pecunia
1428 1148 1478 1194 et
1512 1144 1735 1209 potentia
1776 1144 2128 1196 obversaban-

232 1233 390 1294 1otur,
432 1230 587 1282 cessit
625 1231 702 1282 fas
743 1236 791 1282 et
814 1231 949 1282 salus
974 1233 1174 1297 patroni
1215 1238 1264 1284 et
1303 1238 1544 1299 acceptae
1575 1234 1823 1286 libertatis
1861 1235 2122 1287 memoria.

291 1321 490 1373 Etenim
545 1323 721 1373 uxoris
782 1337 983 1388 quoque
1040 1324 1305 1375 consilium
1360 1324 1711 1391 adsumpserat
1762 1325 2008 1378 muliebre
2064 1341 2125 1378 ac

294 1411 550 1464 deterius:
606 1414 788 1480 quippe
824 1414 956 1465 ultro
996 1420 1180 1466 metum
1227 1416 1530 1480 intentabat,
1581 1416 1863 1483 multosque
1903 1417 2125 1470 astitisse

288 1503 502 1555 libertos
538 1520 598 1555 ac
624 1519 823 1570 serVOS,
865 1505 948 1571 qui
971 1505 1150 1557 eadem
1177 1506 1427 1571 viderint3
1466 1507 1588 1558 nihil
1621 1509 1935 1574 profuturum
1970 1508 2120 1560 unius

290 1594 571 1658 silentium;
608 1600 658 1646 at
689 1597 913 1662 praemia
956 1612 1113 1663 penes
1158 1613 1310 1649 unum
1349 1598 1490 1663 sore,
1558 1599 1642 1665 qui
1678 1600 1871 1652 indicio
1905 1615 2126 1667 praeve-

228 1703 274 1738 ιε
289 1687 464 1738 nisset.
534 1688 691 1754 Igitur
731 1694 908 1754 coepta
947 1689 1063 1741 luce
1088 1689 1322 1741 Milichus
1358 1690 1409 1740 in
1446 1690 1623 1742 hortos
1653 1691 1967 1744 Servilianos
2003 1696 2210 1758 per—55

289 1778 364 1844 git
376 1795 390 1841 ;
430 1783 480 1829 et
519 1793 630 1829 cum
670 1780 865 1832 foribus
907 1786 1197 1847 arceretur,
1253 1796 1438 1850 magna
1481 1787 1530 1833 et
1565 1783 1756 1834 atrocia
1797 1783 2003 1836 adferre
2042 1783 2126 1834 di-

290 1869 490 1934 ctitanS,
536 1870 885 1938 deductusque
922 1872 985 1924 ab
1022 1873 1323 1925 ianitoribus
1361 1874 1426 1924 ad
1463 1873 1693 1924 libertum
1731 1867 1951 1926 Neronis
1985 1874 2123 1941 Epa-

416 2028 452 2069 1.
488 2024 579 2081 affl.
615 2023 686 2068 Or.

284 2082 365 2127 Ma.
458 2087 503 2128 4.
538 2085 652 2126 voln.
690 2084 762 2127 Or.

284 2144 463 2186 eundem
492 2144 702 2197 melicum,
737 2143 771 2186 G
798 2146 1040 2201 par-tiebat,
1072 2160 1180 2201 quae
1213 2147 1390 2188 eundem
1426 2146 1670 2199 milichum,
1714 2146 1851 2204 vulgo
1885 2160 1940 2189 ex
1971 2158 2122 2189 corre-

284 2205 431 2246 ctione
466 2203 697 2245 Puteolani
726 2219 893 2260 parare
926 2206 1104 2247 eundem
1136 2205 1376 2250 Milichum.
1456 2206 1544 2248 sibe
1575 2205 1655 2248 Ma.
1738 2207 1779 2249 7.
1813 2206 2122 2263 suscipionibus

282 2262 374 2304 Ma:
407 2269 651 2305 correctum
683 2265 798 2305 inest
830 2264 878 2307 G.
970 2265 1014 2307 8.
1048 2279 1221 2307 saecum
1253 2264 1333 2307 Ma.
1427 2265 1468 2308 9.
1501 2266 1603 2307 inm.
1642 2263 1722 2307 Ma.
1799 2266 2018 2321 paecunia
2042 2264 2119 2308 Ma.

284 2324 353 2366 10.
392 2329 564 2378 accepte
597 2320 675 2365 Ma.
773 2325 840 2366 11.
873 2325 1034 2365 utenim
1068 2323 1157 2367 Ma:
1194 2332 1231 2366 et
1264 2326 1378 2366 enim
1411 2325 1469 2378 G,
1511 2325 1664 2366 etenim
1693 2323 1966 2367 Oxonienses
1997 2324 2121 2367 refe-

281 2387 408 2423 rente
437 2381 655 2423 Broteri0.
755 2384 824 2425 13.
859 2397 984 2425 seruo
1019 2382 1098 2426 Ma.
1203 2384 1339 2426 nichil
1368 2382 1448 2428 Ma.
1554 2384 1622 2427 15.
1660 2390 1813 2440 caepta
1843 2382 1923 2426 Ma.
2049 2385 2117 2428 17.

282 2440 595 2498 etaphroditum
635 2439 717 2484 Ma.
1323 2454 1326 2457 ·

781 2025 1000 2068 karissimi
1033 2026 1188 2069 liberta
1225 2030 1401 2083 (versus
1435 2027 1555 2085 finis)
1592 2034 1677 2070 tate
1709 2026 1790 2070 Ma.
1896 2030 1939 2072 2.
1971 2034 2125 2070 mestus

861 2087 902 2128 5.
933 2101 1099 2142 parare
1131 2087 1327 2129 libertum
1363 2088 1539 2129 eundem
1573 2087 1736 2129 editor:
1769 2085 1835 2130 Ma
1861 2087 2121 2144 partiebalq3

371 2610 535 2652 parare
567 2596 763 2637 libertum
795 2597 973 2638 eundem
994 2605 1163 2639 monet:

283 2655 469 2696 Medicei
508 2657 766 2709 scripturam
793 2656 1054 2712 partiebatq‚·
1085 2670 1160 2698 re-

283 2713 409 2756 solve
463 2728 549 2770 par
594 2715 788 2769 tiebatq3,
845 2721 934 2755 tum
985 2715 1161 2770 expleta

282 2774 402 2827 prior
448 2786 535 2815 vox
578 2776 656 2830 (ea
701 2775 746 2815 in
781 2773 1035 2833 ἀρχετύπῳ
1083 2787 1161 2829 per

283 2833 588 2887 compendium
631 2835 794 2906 scripta
837 2840 929 2875 erat
973 2840 1016 2876 et
1058 2833 1161 2875 hinc

281 2891 443 2933 factum
472 2907 559 2948 par
591 2906 668 2947 pro
696 2894 825 2948 paFe,
850 2895 1025 2950 opinor)
1054 2906 1161 2948 pro-

281 2951 343 2992 dit
364 2965 545 3006 parare,
568 2958 764 2994 correcta
785 2953 923 2994 altera
950 2953 1160 3005 libertum,

281 3023 394 3065 quae
427 3010 565 3052 libet‘
608 3014 770 3066 scripta
813 3025 908 3053 cum
940 3027 1024 3068 par
1054 3012 1163 3053 abiit

279 3071 323 3110 in
354 3071 617 3126 partiebatq3
681 3071 764 3113 Sed
798 3072 941 3113 liberti
962 3071 1161 3114 vocabu-

279 3128 367 3169 lum
424 3130 689 3186 simulatque
750 3131 1026 3173 obscuratum
1078 3137 1158 3183 est,

278 3188 424 3230 aliena
443 3203 596 3230 manus
620 3203 778 3232 nomen
804 3191 926 3232 illius
938 3191 1160 3234 Milichum

278 3260 413 3301 prave
456 3250 661 3303 scriptum
706 3250 938 3307 (melicum)
981 3249 1154 3292 adiecit.

277 3306 371 3348 Hoc
413 3320 460 3349 re
504 3322 609 3350 vera
642 3311 707 3351 sic
751 3311 955 3351 evenisse
1005 3310 1156 3364 peritis

277 3366 480 3408 ostendet
504 3380 746 3422 pronomen
772 3370 962 3422 eundem,
989 3370 1155 3410 nomini

277 3425 450 3466 Milichi
508 3428 683 3469 sinistre
734 3429 1009 3481 adiunctum,
1055 3428 1154 3468 dum

275 3491 375 3538 post
422 3485 618 3527 libertum
661 3493 781 3529 recte
829 3494 871 3529 et
903 3488 1153 3530 necessario

275 3543 461 3586 accedit.
508 3545 848 3603 Bezzenberger
869 3548 1153 3602 tentavitpa-

275 3610 347 3642 rat
384 3603 659 3660 libertumque
704 3606 880 3647 eundem
931 3606 1153 3651 Milichum

274 3667 430 3715 monet,
466 3676 577 3717 quae
610 3678 635 3708 a
666 3664 801 3708 Taciti
833 3665 936 3710 stilo
971 3671 1014 3709 et
1045 3666 1150 3709 bre-

1248 2599 1384 2639 vitate
1403 2597 1654 2639 abhorrent.
1695 2598 1911 2652 Seyfferto
1924 2597 2120 2641 divinare

1247 2657 1412 2710 placuit
1439 2658 1597 2712 parari
1635 2657 1749 2698 iubet
1781 2671 1913 2712 eaque
1944 2658 2122 2701 eundem

1249 2716 1473 2757 Milichum
1505 2722 1660 2757 monet.

1334 2782 1380 2816 ut
1407 2775 1600 2830 plerique
1633 2773 1852 2817 tradidere
1883 2775 1934 2817 de.
1965 2789 2118 2818 conse-

1247 2835 1492 2888 quentibus:
1526 2834 1728 2889 plerique
1751 2847 1821 2876 res
1838 2847 2119 2892 consequen-

1247 2899 1312 2935 tes
1347 2895 1406 2936 ita
1439 2893 1720 2946 tradiderant,
1754 2900 1801 2935 ut
1831 2893 1934 2937 inde
1964 2894 2118 2951 colligi

1246 2960 1395 3007 posset
1428 2967 1451 2995 a
1481 2953 1627 2994 Tacito
1670 2965 1746 2995 eos
1779 2954 1863 2995 hoc
1891 2944 1979 2996 'sibi
2011 2965 2117 3009 per-

1245 3026 1419 3054 suasum
1454 3013 1684 3065 habuisse,
1718 3013 1940 3054 Milichum
1976 3012 2117 3056 adhuc

1245 3073 1441 3114 nescium
1477 3074 1790 3114 coniurationis
1823 3072 1976 3125 fuisse,
2009 3074 2116 3128 ipsis

1247 3137 1388 3173 tamen
1423 3131 1570 3174 verbis
1603 3131 1646 3173 id
1678 3144 1764 3173 non
1797 3133 2114 3186 pronuntiave-

1244 3197 1354 3233 rant.
1417 3191 1554 3233 Recte
1585 3190 1701 3232 hunc
1737 3191 1968 3233 verborum
2010 3204 2115 3234 sen-

1245 3263 1336 3292 sum
1388 3251 1601 3305 explicuit
1646 3249 1911 3293 Waltherus.
1971 3250 2113 3292 Aliam

1242 3309 1518 3366 detegendae
1551 3311 1866 3351 coniurationis
1911 3311 2114 3352 occasio-

1241 3383 1339 3410 nem
1366 3371 1543 3411 suavius
1559 3382 1683 3424 quam
1708 3371 1855 3411 verius
1881 3370 2114 3425 exequitur

1240 3428 1497 3470 Plutarchus
1537 3433 1647 3485 περὶ
1690 3429 1964 3486 ἀδολεσχίας
1997 3442 2034 3470 c.
2069 3426 2110 3470 7.

1327 3488 1531 3529 muliebre
1579 3502 1632 3529 ac
1683 3489 1892 3530 deterius:
1940 3486 2113 3529 scilicet

1238 3546 1446 3588 mulieres
1500 3548 1535 3588 si
1591 3547 1728 3589 semel
1778 3546 1950 3588 honesti
2001 3543 2111 3587 fines

1240 3606 1548 3662 egrediuntur,
1607 3607 1747 3647 minus
1796 3606 1927 3647 etiam
1981 3616 2109 3660 quam

1236 3678 1377 3709 mares
1415 3671 1658 3721 temperare
1690 3665 1772 3709 sibi
1804 3669 2002 3719 possunt.
