2280 4004
253 224 345 289 ξιξ»
941 251 943 253 ·
977 224 980 226 ’
1023 231 1317 285 ANNALWM
1827 258 1874 288 a.
1896 227 1943 288 ἰιξ
1976 225 2076 290 7²75.

256 394 544 458 contemptu
598 388 818 442 abolitae
871 389 1186 442 securiorem
1227 389 1394 442 luxum
1435 389 1626 442 fecere.
1708 390 1834 442 Nam
1869 386 1914 444 si
1949 392 2078 446 velis

254 482 389 549 quod
423 483 646 535 nondum
680 481 887 533 vetitum
926 486 1028 546 est,
1078 483 1256 535 timeas
1295 497 1360 534 ne
1397 487 1609 534 vetere:
1667 487 1717 534 at
1749 483 1793 534 si
1828 483 2078 549 prohibita

251 574 453 641 impune
488 572 901 637 transcenderiS,
959 587 1129 644 neque
1172 578 1334 624 metus
1382 573 1512 625 ultra
1560 588 1726 640 neque
1776 574 1941 639 pudor
1987 579 2078 627 est.

254 665 355 717 Cur
393 679 518 732 ergo
561 664 679 715 olim
715 663 1026 729 parsimonia
1059 645 1318 729 pollebat?
1359 664 1485 726 Quia
1522 664 1619 716 sibi
1651 664 1864 730 quisque
1900 665 2084 729 mode-

216 755 487 821 ⁵rabatur,
530 757 645 821 quia
681 753 830 805 unius
868 754 1009 805 urbis
1053 754 1192 805 cives
1230 769 1456 819 eramus3
1509 771 1574 807 ne
1611 755 1930 807 inritamenta
1968 756 2083 822 qui-

254 847 366 898 dem
421 846 599 898 eadem
652 845 783 897 intra
834 845 1024 896 Italiam
1081 845 1470 897 dominantibus
1561 847 1798 899 Externis
1851 847 2081 899 victoriis

252 937 434 1002 aliena,
479 937 711 989 civilibus
752 937 902 989 etiam
940 941 1114 989 nostra
1154 952 1455 989 consumere
1494 937 1778 989 didicimus,
1854 939 2084 1000 Quantu-

250 1027 350 1079 lum
387 1028 521 1080 istud
575 1033 652 1080 est
701 1029 765 1080 de
808 1044 906 1096 quo
958 1028 1152 1080 aediles
1201 1028 1499 1080 admonent!
1564 1029 1751 1094 Quam,
1808 1029 1852 1081 si
1909 1034 2080 1082 cetera

248 1119 524 1185 respicias,
582 1119 634 1170 in
681 1120 782 1172 levi
821 1120 1129 1172 habendum!
1196 1119 1264 1171 At
1303 1120 1520 1172 Hercule
1561 1135 1710 1172 nemo
1748 1121 1908 1173 refert
1945 1121 2078 1187 quod

186 1203 391 1263 'initalia
443 1216 685 1264 externae
738 1211 848 1277 opis
899 1211 1127 1279 indiget,
1194 1211 1328 1277 quod
1377 1212 1478 1262 vita
1531 1211 1702 1278 populi
1737 1212 1951 1264 Romani
1990 1227 2083 1278 per

247 1303 443 1353 incerta
485 1302 639 1354 maris
679 1307 729 1354 et
778 1307 1125 1368 tempestatum
1168 1302 1357 1353 cotidie
1401 1302 1636 1354 volvitur.
1710 1302 1789 1354 Ao
1823 1303 1922 1354 nisi
1956 1317 2082 1368 pro-

248 1393 530 1444 vinciarum
569 1393 750 1459 copiae
788 1398 837 1445 et
876 1393 1093 1445 dominis
1129 1398 1178 1444 et
1214 1394 1438 1445 servitiis
1477 1398 1527 1444 et
1563 1394 1702 1461 agris
1732 1393 2079 1458 subvenerint,

248 1489 424 1534 nostra
462 1498 558 1536 nos
590 1484 789 1536 scilicet
825 1499 1034 1536 nemora
1064 1489 1373 1550 nostraeque
1395 1484 1548 1536 villae
1574 1484 1861 1536 tuebuntur.
1919 1485 2080 1548 Hane,

246 1580 417 1640 patres
455 1575 762 1641 conscripti,
806 1591 976 1626 curam
1014 1575 1228 1627 sustinet
1266 1575 1533 1641 princeps;
1568 1575 1696 1627 haec
1739 1575 1926 1627 omissa
1964 1575 2085 1627 fun-

180 1653 232 1711 ”15
251 1665 382 1718 ditus
416 1681 523 1717 rem
552 1665 804 1732 publicam
842 1666 1022 1717 trahet.
1098 1666 1322 1732 Reliquis
1350 1666 1742 1740 ,Elimiam-limum
1779 1665 2081 1719 medendum

250 1762 353 1808 est:
394 1772 490 1809 nos
528 1757 718 1823 pudor,
755 1772 1005 1824 pauperes
1042 1740 1367 1822 necessitaS,
1395 1738 1773 1817 divites-satias
1812 1757 1864 1807 in
1901 1757 2080 1809 melius

247 1851 417 1899 mutet.
490 1848 593 1898 Aut
640 1847 684 1900 si
736 1848 846 1914 quis
887 1863 952 1899 ex
998 1847 1379 1914 magistratibus
1431 1852 1619 1899 tantam
1679 1847 1977 1899 industriam
2018 1862 2079 1898 ae

245 1939 571 1990 severitatem
600 1939 870 2006 pollicetur
895 1944 948 1990 ut
973 1939 1050 1991 ire
1083 1938 1283 1990 obviam
1320 1944 1488 2006 queat,
1517 1940 1651 1990 hunc
1689 1954 1786 2007 ego
1823 1943 1873 1991 et
1904 1938 2075 2003 laud'o,

245 2034 295 2080 et
331 2030 602 2082 exonerari
638 2014 870 2082 laborum
918 2045 1146 2083 meorum
1194 2035 1388 2097 partem
1436 2031 1618 2083 fateor.
1693 2031 1782 2084 Sin
1833 2045 2080 2082 accusare

182 2128 230 2164 20
244 2120 366 2172 vitia
403 2121 608 2187 volunt,
649 2121 800 2188 dein,
852 2137 964 2173 cum
1000 2121 1219 2189 gloriam
1258 2122 1367 2173 eius
1403 2123 1479 2173 rei
1520 2121 1688 2187 adepti
1727 2127 1866 2186 sunt,
1903 2119 2081 2173 simul-

244 2216 373 2263 tates
409 2212 602 2263 saciunt
641 2230 702 2266 ac
752 2213 875 2266 mihi
914 2213 1230 2280 relinquunt,
1283 2213 1504 2277 credite,
1560 2218 1730 2279 patres
1784 2211 2077 2279 conscripti,

246 2318 325 2352 me
365 2317 566 2368 quoque
599 2319 704 2355 non
743 2320 858 2356 esse
915 2304 1253 2356 offensionum
1291 2303 1524 2366 avidum3
1577 2318 1700 2368 quas
1743 2318 1855 2353 cum
1891 2317 2079 2370 graves

246 2396 295 2441 et
342 2391 638 2459 plerumque
692 2393 891 2459 iniquas
948 2408 1040 2460 pro
1083 2409 1141 2444 re
1193 2392 1394 2459 publica
1445 2391 1742 2457 suscipiam,
1798 2390 1976 2441 inanes
2029 2394 2081 2441 et

245 2482 423 2534 inritas
477 2499 644 2550 neque
689 2484 810 2535 mihi
872 2489 955 2535 aut
1005 2484 1152 2536 vobis
1206 2483 1319 2535 usui
1378 2482 1570 2534 suturas
1627 2481 1738 2533 iure
1795 2478 2077 2547 deprecor.'

367 2617 405 2657 1.
437 2618 587 2670 facere
619 2616 683 2657 M:
718 2617 909 2657 correxit
942 2616 1070 2658 idem.
1192 2619 1234 2658 4.
1269 2616 1540 2672 parsimonia
1569 2614 1634 2668 M,
1669 2626 1755 2656 non
1786 2615 2076 2671 parcimonia.

245 2674 327 2715 sibi
367 2676 557 2731 quisque]
601 2675 760 2729 sibique
800 2676 854 2718 M.
990 2676 1030 2717 5.
1074 2689 1157 2728 qua
1199 2675 1265 2716 M:
1310 2681 1541 2730 utrumque
1588 2675 1778 2716 correxit
1818 2673 2076 2717 Beroaldus,

245 2733 372 2774 urbes
397 2733 451 2775 Μ.
514 2734 558 2777 8.
595 2734 731 2775 edeles
751 2734 803 2776 M.
867 2734 907 2776 9.
943 2734 1173 2775 adherente
1200 2734 1252 2776 M.
1319 2736 1386 2778 10.
1414 2733 1563 2791 populi
1578 2735 1632 2776 R.
1656 2734 1707 2776 M.
1775 2734 1842 2776 14.
1874 2748 1920 2790 p.
1958 2748 1994 2776 c.
2022 2734 2075 2776 M.

251 2792 317 2833 16.
352 2794 495 2834 sacias
517 2794 572 2835 Μ.
640 2795 708 2836 17.
731 2800 893 2835 tantum
915 2794 969 2835 Μ.
1036 2793 1103 2836 18.
1131 2794 1169 2834 M
1187 2793 1301 2834 hunc
1332 2807 1407 2849 eqo
1441 2802 1493 2847 et,
1527 2805 1615 2835 non
1645 2793 1759 2834 hunc
1791 2800 1831 2835 et
1855 2791 2074 2835 Beroaldi.

250 2850 318 2893 19.
353 2853 589 2893 eaeonorari
620 2854 673 2895 M.
738 2854 809 2897 20.
844 2852 987 2908 ytoria
1020 2853 1073 2894 M.
1152 2854 1223 2895 21.
1257 2867 1302 2909 p.
1337 2868 1373 2895 c.
1408 2853 1463 2895 M.
1534 2854 1606 2897 23.
1636 2867 1716 2910 pro
1751 2856 1817 2910 re]
1848 2866 1982 2910 prope
2020 2851 2074 2895 M.

247 2908 318 2952 24.
354 2913 478 2953 iurae
512 2912 669 2967 depcor
701 2925 796 2953 cum
830 2911 907 2954 lin.
941 2912 995 2953 M.

329 3040 410 3082 per
423 3026 593 3069 incerta
612 3027 746 3069 vitaris
766 3034 803 3069 et
830 3034 1119 3083 tempestatum

247 3086 400 3127 cotidie
423 3085 605 3128 volvitur
620 3101 633 3128 .-
653 3087 803 3141 populi
828 3087 1008 3128 Romani
1028 3087 1118 3127 vita

246 3146 463 3186 frumento
483 3146 766 3202 eergypto‚
786 3146 951 3198 Africa,
969 3145 1116 3188 Sicilia

247 3204 460 3246 elassibus
521 3204 707 3247 advecto
779 3205 1116 3247 sustentabatur.

247 3262 409 3313 Quodsi
443 3264 547 3305 illae
584 3264 746 3307 classes
787 3263 1119 3319 tempestatibus

245 3321 315 3362 vel
360 3322 446 3364 alia
491 3325 534 3375 vi
579 3330 652 3365 aut
707 3326 1002 3366 retinerentur
1047 3329 1120 3365 aut

244 3388 559 3435 mergerentur,
585 3384 748 3426 Romae
772 3397 903 3426 saeva
920 3395 1119 3425 annonae

244 3440 434 3493 gravitas
467 3443 714 3497 oriebatur;
750 3444 865 3485 conf.
900 3442 1026 3495 1159,
1059 3441 1117 3483 lv

244 3498 285 3549 6,
320 3499 394 3539 XII
429 3502 501 3542 43.

334 3565 373 3598 et
404 3559 538 3614 agris,
574 3557 614 3599 h.
650 3573 689 3600 e.
724 3562 931 3613 paucitati
962 3561 1116 3602 Italiae

244 3627 471 3676 agrorum:
521 3616 563 3661 hi
608 3618 723 3659 enim
775 3620 1025 3663 nemoribus
1074 3625 1117 3662 et-

1203 3026 1320 3068 villis
1354 3028 1554 3081 occupati
1589 3026 1803 3080 voluptati
1843 3024 2075 3079 possiden-

1199 3086 1306 3127 tium
1324 3086 1686 3127 lenocinabantur
1707 3085 1896 3138 exempti
1916 3086 2075 3140 segeti.

1202 3145 1248 3186 Id
1280 3158 1412 3200 aegre
1456 3145 1597 3186 tulere
1641 3145 1724 3184 iam
1769 3143 1992 3198 Augustus
2034 3148 2075 3184 et

1204 3205 1432 3246 Maecenas
1450 3217 1499 3245 ac
1517 3203 1704 3245 disertus
1721 3202 1946 3257 utriusque
1963 3202 2075 3243 ami-

1204 3276 1278 3305 cus
1296 3269 1340 3305 et
1359 3266 1574 3317 interpres
1589 3263 1793 3304 Horatius
1805 3259 1987 3304 CarmJl
2006 3261 2073 3302 15.

1290 3324 1449 3365 satias.-
1486 3322 1636 3364 eadem
1659 3322 1837 3363 brevior
1856 3320 1965 3362 haec
1990 3331 2073 3359 no-

1203 3384 1400 3425 minativi
1433 3381 1572 3423 forma
1602 3380 1658 3422 111
1688 3381 1760 3434 30,
1797 3378 1854 3420 VI
1879 3378 1951 3430 38,
1977 3375 2072 3419 XVI

1207 3442 1278 3485 16.
1321 3441 1465 3484 Ceteri
1498 3454 1622 3482 casus
1646 3454 1669 3482 a
1690 3440 1864 3481 satietas
1886 3436 2072 3477 descen-

1202 3501 1322 3544 dunt.
1471 3500 1727 3541 simultates:
1790 3500 1889 3537 sunt
1951 3494 2073 3548 aegri

1201 3562 1331 3601 animi
1365 3562 1547 3603 affectus
1578 3558 1630 3600 ad
1650 3555 1918 3598 inimicitiam
1941 3565 2073 3595 acce-

1200 3619 1352 3664 dentes
1387 3616 1814 3676 (Verstimmimqen).
