2280 4004
225 303 263 349 d
281 300 332 349 Β,
362 303 446 352 oo:-
485 315 523 343 .’.·
578 318 596 347 ⁶,
837 302 1001 348 LIBER
1030 302 1146 348 XIV.
1209 301 1315 346 CA'P.
1348 302 1537 348 26—27.
1961 300 2053 345 808

144 449 281 502 25²
332 465 356 471 ··
393 446 588 502 Eodem
644 450 793 515 'annos
845 461 910 497 ex
974 445 1267 496 inlustribus
1317 444 1474 496 Asiae
1529 442 1738 495 urbibus
1794 438 2051 493 Laodicea

228 543 450 592 tremore
485 543 651 590 terrae
678 537 933 604 prolapsa,
970 537 1106 588 nullo
1147 553 1174 587 a
1211 537 1358 588 nobis
1395 536 1641 600 remedie,
1678 533 1898 601 propriis
1938 530 2054 598 opi-0

227 630 323 683 bus
361 630 590 682 revaluit.
663 629 731 680 At
766 630 820 680 in
850 629 991 680 Italia
1025 634 1170 681 vetus
1209 629 1444 695 oppidum
1470 627 1663 680 Puteoli
1700 627 1777 678 ius
1817 624 2053 677 coloniae

227 726 280 773 et
315 726 704 789 cognomentum
742 737 771 772 a
805 721 1010 793 Nerone
1048 721 1354 788 apiscuntur.
1428 719 1668 773 Veterani
1705 719 1971 770 Tarentum
2004 719 2054 767 et

228 811 434 866 Antium
471 813 714 880 adscripti
753 827 855 865 non
887 818 1057 865 tamen
1082 812 1455 879 infrequentiae
1490 812 1719 863 locorum
1750 810 2094 874 slibvenere‚s

230 904 440 972 dilapsis
468 905 694 972 pluribus
731 905 785 956 in
813 906 1105 972 provincias
1134 905 1186 956 in
1224 905 1403 972 quibus
1427 903 1675 971 stipendia
1702 900 2055 969 expleverant}

229 995 396 1064 neque
434 998 688 1065 coniugiis
720 998 1058 1064 suscipiendis
1096 1012 1260 1063 neque
1290 997 1486 1049 alendis
1522 995 1698 1047 liberis
1735 994 1863 1047 sueti
1903 993 2055 1049 orbas

230 1089 344 1142 sine
379 1089 597 1155 posteris
638 1089 816 1141 domos
855 1089 1223 1155 relinquebant.
1297 1089 1412 1140 Non
1451 1087 1615 1152 enim,
1658 1091 1712 1138 ut
1749 1085 1897 1151 olim,
1935 1084 2056 1137 uni-⁶

228 1194 414 1232 versae
454 1179 687 1247 legiones
745 1179 1127 1231 deducebantur
1166 1194 1277 1229 cum
1327 1178 1541 1229 tribunis
1578 1182 1627 1229 et
1672 1175 2056 1228 centurionibus

233 1275 284 1325 et
318 1270 397 1324 sui
437 1271 679 1336 cuiusque
713 1270 910 1321 ordinis
948 1270 1203 1334 militibus,
1237 1275 1291 1319 ut
1328 1284 1583 1320 consensu
1617 1272 1665 1320 et
1706 1268 1918 1320 caritate
1949 1282 2056 1320 rcm
2073 1281 2123 1321 ιο

230 1361 484 1430 publicam
510 1361 788 1426 efficerent,
815 1361 908 1413 sed
937 1361 1098 1429 ignoti
1125 1361 1258 1412 inter
1285 1376 1358 1428 se,
1395 1359 1614 1411 diversis
1641 1358 1925 1424 manipuliS,
1948 1358 2060 1410 sine

230 1459 453 1518 rectore,
490 1453 604 1505 sine
643 1453 928 1505 adfectibus
965 1453 1175 1518 mutuis,
1215 1453 1358 1519 quasi
1397 1468 1461 1503 ex
1501 1451 1600 1502 alio
1638 1465 1832 1518 genere
1868 1455 2061 1501 morta-

233 1544 353 1596 lium
389 1550 598 1612 repente
636 1546 689 1595 in
723 1560 876 1596 unum
914 1545 1133 1611 collecti,
1173 1559 1411 1596 numerus
1447 1543 1610 1612 magis
1649 1558 1797 1611 quam
1837 1541 2057 1596 colonia.

351 1681 394 1723 2.
433 1692 462 1720 a
493 1691 563 1720 om
596 1678 676 1732 Ma,

236 1738 293 1782 cf.
327 1738 380 1783 ad
415 1739 469 1785 12
500 1739 572 1785 30.

710 1680 920 1723 insertum
953 1681 996 1721 in
1030 1679 1077 1722 G.

662 1740 704 1784 6.
739 1740 1014 1799 empleberant
1046 1739 1127 1784 Ma.

1201 1681 1244 1723 4.
1277 1680 1528 1736 apiscuntur
1559 1678 1647 1732 Ma,
1683 1677 1979 1733 adipiscuntur
2011 1675 2059 1720 G.

1223 1741 1290 1785 10.
1324 1753 1475 1796 remp.
1510 1736 1589 1789 Ma.
1688 1739 1754 1782 12.
1788 1737 1864 1795 aff.
1905 1735 1976 1779 Or.

235 1860 514 1909 memoratur,
535 1855 813 1899 Aristobulus
835 1855 930 1899 XIII
953 1857 1104 1901 7.10-

235 1914 398 1970 sephus
429 1915 507 1957 XX
535 1911 701 1971 8:1›7v
728 1919 905 1977 μικρᾶς
934 1916 1104 1975 Ἀρμε-

145 1984 153 1986 “
236 1978 344 2024 νίας
393 1977 697 2033 προστασιαν
746 1975 1107 2035 Ἀριστόβουλος,

232 2033 445 2090 Ἡρώδου
477 2035 572 2104 τῆς
609 2036 846 2086 Χαλκίδος
883 2038 1110 2094 βασιλέως

236 2102 364 2142 παῖς,
402 2087 493 2138 ὑπο
524 2098 746 2151 Νέρωνος
776 2095 1109 2153 §metotclszmss

327 2151 432 2207 Cap.
465 2154 536 2198 27.
600 2155 745 2198 eodem
767 2168 907 2197 anno.-
939 2156 1109 2197 accedit

239 2212 292 2253 ad
324 2212 453 2254 finem
487 2214 655 2255 annalis
687 2214 945 2267 relationis;
987 2227 1030 2257 v.
1057 2216 1109 2257 ad

237 2270 256 2313 I
287 2271 358 2314 53.
451 2272 518 2313 ius
549 2272 746 2316 coloniae
779 2281 819 2315 et
850 2287 1109 2330 cognomen-

240 2337 327 2373 tum
362 2344 392 2372 a
418 2331 592 2373 Nerone
624 2334 902 2389 apiscuntur:
937 2334 1111 2377 colonia

239 2390 403 2431 civium
444 2391 735 2435 Romanorum
787 2392 974 2435 deducta
1022 2393 1110 2434 Pu..

239 2448 383 2490 teolos
416 2462 455 2492 a.
478 2450 579 2494 560.
642 2452 794 2494 Livius
818 2452 996 2494 XXXIV
1027 2453 1108 2495 45:

239 2508 436 2550 coloniae
498 2510 653 2552 civium
710 2512 1003 2553 Romanorum
1062 2525 1109 2553 eo

239 2579 354 2608 anno
387 2567 593 2610 deductae
625 2578 723 2613 sunt
754 2570 962 2622 Puteolos,
1011 2570 1110 2613 Vul-

239 2634 425 2679 turnum,
455 2627 692 2682 Liternum,
727 2631 891 2671 treceni
922 2630 1110 2672 homines

238 2686 286 2727 in
317 2685 522 2742 sinqulas.
588 2688 787 2731 Velleius
819 2688 837 2732 1
869 2690 937 2732 15.
996 2689 1110 2731 Dein

239 2745 464 2801 Augustus
511 2758 651 2789 novos
702 2749 884 2791 colonos
916 2749 1034 2790 misit·
1067 2755 1111 2790 et

240 2815 366 2845 suum
397 2817 556 2847 nomen
591 2806 725 2850 dedit.
789 2808 1022 2849 Frontinus
1057 2807 1110 2850 de

243 2861 440 2904 Coloniis
474 2864 542 2905 ed.
572 2864 699 2908 Goes.
735 2879 775 2919 p.
807 2867 915 2910 139:
950 2866 1113 2908 Puteoli

243 2921 415 2963 colonia
436 2921 644 2977 Augusta.
687 2925 900 2979 Augustus
923 2925 1108 2966 deduxit.

241 2979 329 3022 Iam
347 2979 461 3022 Nero
479 2984 679 3037 ascriptis
697 2983 867 3026 colonis
886 2983 1113 3026 Claudiam

242 3039 484 3093 appellavit
515 3047 558 3082 et
583 3048 711 3084 vetus
742 3043 838 3084 urbi
867 3044 935 3084 ius
966 3043 1112 3084 firma-

242 3100 322 3139 vit.
385 3099 478 3140 Hoc
507 3100 618 3142 illud
651 3107 717 3143 est
746 3103 812 3143 ius
846 3102 1042 3144 coloniae
1075 3110 1113 3144 et

243 3170 435 3212 coquom.
469 3172 498 3199 a
519 3160 692 3202 Nerone
714 3162 980 3217 apiscuntur.
1023 3161 1113 3203 Ea-

246 3216 342 3258 dem
374 3223 569 3272 quartum
615 3220 802 3262 deducta
846 3226 913 3263 est
955 3234 979 3262 a
1021 3221 1113 3262 Ve-

243 3276 444 3329 spasiano
466 3277 538 3318 vel
562 3277 664 3320 filiis
687 3281 798 3332 eius,
820 3285 1113 3335 cognomento

246 3334 398 3375 Flavia
440 3334 611 3389 addito,
659 3337 713 3379 de
758 3350 843 3393 quo
882 3350 924 3379 v.
959 3336 1114 3380 Orellii

243 3393 446 3447 Inscript.
480 3394 573 3438 Iat.
606 3409 648 3436 n.
685 3396 815 3440 3698.
885 3395 1007 3438 Errat
1039 3397 1114 3438 Li-

245 3453 379 3507 psius,
399 3466 495 3494 cum
513 3455 568 3496 ob
588 3454 814 3497 Ciceronis
838 3458 938 3510 (pro
964 3454 1113 3498 Caelio

247 3525 285 3553 c.
320 3515 370 3568 2)
404 3512 561 3565 verba,
617 3515 660 3555 in
699 3515 854 3569 quibus
884 3516 1115 3570 municipes

245 3570 475 3613 Puteolani
511 3572 707 3625 audiunt,
742 3574 960 3615 existimat
987 3574 1115 3615 Cice-

247 3631 364 3672 ronis
406 3642 520 3672 aevo
567 3644 659 3673 cam
708 3632 855 3675 urbem
901 3632 1116 3674 coloniam

249 3701 335 3731 non
366 3689 529 3734 fuisse:
583 3704 635 3734 co
670 3693 785 3735 enim
818 3697 1013 3748 tempore
1045 3692 1118 3748 qui

1189 1858 1232 1899 in
1262 1854 1448 1899 coloniis
1473 1853 1635 1908 ciyium
1653 1852 1946 1896 Romanorum
1979 1852 2062 1894 ha-

1189 1917 1387 1958 bitabant
1439 1915 1570 1957 etiam
1628 1914 1872 1968 municipes
1923 1918 2061 1971 erant,

1190 1983 1340 2018 contra
1379 1988 1468 2017 non
1508 1986 1658 2016 omnes
1708 1974 1952 2029 municipes
1998 1973 2062 2014 si-

1190 2035 1280 2078 mul
1318 2036 1479 2077 coloni.

1285 2096 1482 2137 veterani
1532 2093 1758 2135 Tarentum
1806 2099 1845 2134 et
1885 2089 2063 2134 Antium

1189 2155 1422 2211 adscripti.-
1488 2154 1764 2195 accusativus
1816 2150 1978 2207 pendet
2038 2164 2063 2193 a

1190 2216 1373 2256 notione
1403 2213 1598 2256 mittendi
1633 2226 1744 2268 quae
1775 2213 1890 2253 inest
1922 2211 2060 2254 verbo

1189 2275 1412 2330 adscripti.
1473 2274 1652 2314 Antium
1668 2271 1784 2314 Nero
1812 2271 2060 2324 honoravit,

1190 2333 1307 2389 quod
1338 2334 1398 2374 ibi
1430 2339 1555 2375 natus
1587 2338 1693 2373 erat.
1760 2330 2059 2373 Sueton.Ncr;

1190 2394 1239 2438 9:
1273 2393 1450 2435 Antium
1479 2392 1692 2434 coloniam
1732 2391 1928 2443 deduxit,
1977 2390 2061 2431 ad-

1189 2453 1363 2508 scriptis
1388 2453 1604 2494 veteranis
1630 2466 1651 2492 e
1679 2451 1900 2507 praetorio
1934 2449 2062 2491 addi-

1192 2514 1324 2566 tisque
1363 2525 1445 2567 per
1481 2510 1685 2553 domicilii
1734 2509 2061 2553 translationem

1192 2572 1408 2614 ditissimis
1421 2569 1787 2640 ‘primipilarium3
1806 2569 1879 2611 ubi
1897 2575 1936 2610 et
1953 2581 2062 2625 por-2

1192 2639 1277 2674 tum
1309 2631 1449 2686 operis
1477 2630 1824 2699 sumptuosissimi
1852 2629 1971 2684 fecit.

1285 2704 1378 2732 cum
1401 2715 1456 2722 -
1475 2691 1542 2732 sui
1564 2690 1762 2744 cuiusque
1785 2689 1950 2731 ordinis
1978 2688 2063 2730 mi-

1197 2749 1361 2791 litibus:
1396 2749 1669 2804 frequentim
1688 2749 1824 2791 'laciti
1855 2760 1960 2791 usus
1991 2762 2066 2791 re-

1192 2809 1328 2864 quirit
1360 2810 1559 2862 quisque,
1599 2815 1648 2850 ut
1680 2809 1783 2850 olim
1817 2809 1989 2850 conieci
2024 2814 2068 2851 et

1193 2874 1293 2922 post
1336 2881 1406 2908 me
1446 2867 1750 2920 Petersenius,
1815 2867 1893 2910 sed
1937 2869 2067 2909 etiam

1193 2926 1278 2968 hoc
1310 2926 1483 2968 dicendi
1511 2940 1650 2983 genus
1682 2927 1925 2969 vindicavit
1944 2927 2065 2969 Mad..

1193 2987 1339 3041 vigius
1373 2985 1426 3027 ad
1459 2984 1550 3028 cic.
1585 2987 1639 3029 de
1672 2986 1768 3029 Fin.
1806 2987 1842 3028 V
1878 2987 1930 3029 17
1969 2986 2066 3028 col-

1193 3045 1295 3087 latis
1326 3045 1542 3087 similibus
1571 3046 1782 3100 exemplis
1817 3052 1859 3088 et
1881 3046 2065 3100 primum

1194 3105 1368 3160 quidem
1399 3104 1575 3146 tabulae
1606 3105 1912 3146 Heracleensis
1943 3117 1985 3145 v.
2011 3104 2068 3149 92

1195 3170 1240 3205 et
1275 3164 1380 3205 101:
1438 3177 1544 3216 quae
1590 3164 1803 3219 stipendia
1834 3165 1881 3204 in
1914 3163 2069 3205 castris

1194 3223 1290 3263 inve
1316 3223 1547 3276 provincia
1563 3224 1772 3264 ‚natm-em.
1805 3228 1973 3277 partem
2002 3223 2069 3264 sui

1195 3281 1394 3333 cuiusque
1424 3282 1532 3322 anni
1562 3282 1728 3335 fecerit.
1803 3281 1895 3322 cic.
1928 3280 2062 3323 Acad.

1196 3339 1234 3382 11
1270 3339 1347 3382 19:
1379 3340 1427 3380 in
1456 3341 1646 3382 sensibus
1673 3341 1740 3382 sui
1763 3341 1960 3394 cuiusque
1989 3354 2068 3396 ye-

1196 3399 1329 3440 neris.
1394 3399 1572 3442 Sueton.
1594 3400 1707 3456 Aug.
1741 3400 1822 3443 40:
1861 3400 2069 3441 concessit

1199 3457 1364 3526 (plebi)
1389 3471 1551 3511 rursus,
1571 3466 1616 3500 ut
1646 3460 1712 3499 sui
1732 3460 1930 3514 cuiusque
1946 3472 2069 3501 men-

1199 3519 1254 3558 sis
1288 3516 1599 3574 (numentum)
1632 3518 1861 3586 accipet-‚et
1918 3518 2067 3562 Livius

1202 3573 1374 3616 XXXIII
1422 3576 1498 3618 16:
1544 3578 1730 3632 pecunia
1773 3590 1879 3632 quae
1910 3578 1957 3618 in
1987 3579 2068 3619 sti-

1197 3634 1622 3690 pendiumltomanis
1655 3650 1727 3678 suo
1762 3649 1920 3693 quoque
1951 3650 2074 3681 aomo-

1194 3693 1467 3752 penderetur.
