2280 4004
196 343 227 385 a
257 332 306 379 C.
335 332 413 384 14.

814 330 978 377 LIBER
1006 330 1039 375 I.
1103 328 1210 375 CAP.
1243 329 1404 375 9—10.
1956 332 2020 376 17

199 477 266 531 sit
301 477 498 544 privata
535 475 653 527 odia
686 473 900 541 publicis
930 473 1226 525 utilitatibus
1259 473 1548 525 remittere:
1604 472 1697 524 sed
1731 472 2019 540 Pompeium

199 568 421 636 imagine
455 567 623 634 paciS,
679 565 771 617 sed
809 564 1050 631 Lepidum
1087 565 1261 630 specie
1300 563 1551 616 amicitiae
1587 563 1855 630 deceptos3
1902 570 2020 631 post

196 659 486 723 Antonium,
527 656 797 708 Tarentino
820 656 1226 722 Brundisinoque
1266 654 1478 708 foedere
1513 660 1563 707 et
1598 654 1783 722 nuptiis
1822 656 2020 707 sororis

199 750 452 813 inlectum,
495 747 741 799 subdolae
779 747 1048 799 adfinitatis
1085 761 1278 814 poenas
1313 752 1475 799 morte
1512 746 1782 800 exolvisse.
1839 747 2020 798 Pacem

199 841 310 893 sine
338 838 490 890 dubio
528 843 643 903 post
678 837 822 902 haec,
862 853 1038 889 verum
1077 842 1359 889 cruentam:
1393 837 1649 890 Lollianas
1670 838 2060 904 Varianasques

201 930 401 994 cladeS,
457 927 755 980 interfectos
794 929 986 980 Romae
1020 922 1308 993 Vstroneffi
1358 929 1632 996 Egnatius,
1688 927 1840 981 Iulos.
1912 930 2022 982 Nec

201 1010 494 1072 domesticis
534 1018 908 1070 abstinebatur:
952 1019 1169 1070 abducta
1193 1020 1386 1072 Neroni
1421 1035 1568 1085 uxor,
1609 1025 1659 1072 et
1687 1021 1903 1073 consulti
1931 1036 2024 1088 per

199 1110 471 1163 ludibrium
498 1108 764 1175 pontifices
800 1124 864 1159 an
892 1113 1140 1175 concepto
1175 1109 1392 1161 necdum
1430 1110 1570 1161 edito
1606 1115 1753 1176 partu
1789 1112 1886 1163 rite
1924 1125 2025 1162 nu·-

200 1203 372 1265 beret3
411 1200 503 1252 Gai
535 1201 672 1253 Matii
708 1205 757 1251 et
789 1200 937 1252 Vedii
968 1199 1210 1252 Pollionis
1242 1200 1419 1264 luxus3
1452 1206 1710 1267 postremo
1738 1201 1878 1254 Livia
1900 1217 2027 1270 gra-

199 1294 280 1345 vis
316 1292 369 1343 in
406 1307 514 1344 rem
549 1291 799 1358 publicam
836 1296 1014 1355 mater,
1053 1291 1227 1358 gravis
1266 1291 1436 1342 domui
1467 1291 1741 1343 Caesarum
1779 1307 2091 1349 novercam

198 1383 333 1438 Nihil
369 1383 579 1436 deorum
618 1382 897 1434 honoribus
936 1381 1198 1447 relictum,
1262 1398 1374 1433 cum
1424 1397 1482 1435 se
1523 1383 1721 1451 templis
1767 1389 1819 1436 et
1855 1385 2027 1457 effigie

194 1475 458 1550 pum-inum
492 1489 584 1545 per
616 1473 845 1525 flamines
883 1477 932 1524 et
966 1473 1263 1525 sacerdotes
1296 1473 1395 1524 coli
1431 1473 1598 1526 vellet.
1671 1475 1747 1527 Ne
1772 1475 2027 1528 Tiberium

203 1546 650 1634 quidemcaritate
688 1570 772 1616 aut
806 1565 883 1616 rei
928 1564 1164 1631 publicae
1204 1579 1324 1616 cura
1359 1581 1715 1618 successorem
1752 1566 2026 1620 adscitum:

201 1658 295 1713 sed
345 1657 580 1724 quoniam
639 1656 989 1723 adrogantiam
1052 1656 1418 1724 saevitiamque
1479 1656 1589 1709 eius
1646 1658 2026 1726 introspexerit,

205 1748 581 1815 comparatione
641 1747 913 1799 deterrima
980 1747 1076 1799 sibi
1133 1747 1350 1814 gloriam
1406 1748 1739 1815 quaesivisse.

321 1917 364 1960 2.
396 1915 526 1971 specie
557 1913 612 1956 M.

688 1913 731 1957 4.
764 1912 935 1955 subdole
965 1913 1020 1956 M.
1081 1913 1122 1957 6.
1155 1913 1283 1956 iulios
1318 1913 1373 1956 M.
1448 1915 1489 1957 7.
1522 1915 1709 1957 adducta
1737 1915 1793 1958 M.
1868 1915 1910 1960 9.
1946 1916 2031 1959 Gau·

208 1975 338 2017 Matii
368 1974 531 2016 editor:
563 1973 699 2029 vulgo
734 1973 783 2026 Q.
810 1973 938 2015 Tedii.
964 1973 1275 2029 Mnuberetque
1306 1974 1421 2015 tedii.
1493 1975 1560 2018 10.
1593 1976 1769 2031 qratias
1801 1973 2028 2017 domuiM:

207 2036 397 2077 correxit
426 2032 666 2076 Beroaldus
698 2034 743 2073 in
776 2032 1145 2075 annotationibus.

214 2179 400 2223 admissa
433 2187 523 2234 est,
568 2187 615 2221 ut
646 2181 932 2237 iungerentur
965 2193 1076 2237 quae

212 2241 366 2282 eodem
407 2245 603 2295 tempore
645 2239 762 2282 facta
807 2246 931 2282 sunt:
979 2253 1077 2282 nam

209 2299 529 2341 Brundusinum
554 2298 709 2341 foedus
730 2301 864 2341 ictum
890 2305 932 2342 et
946 2299 1081 2342 Octa-

209 2360 283 2401 via
314 2370 425 2399 uxor
455 2358 647 2400 Antonio
682 2358 781 2400 data
814 2364 880 2400 est
912 2372 951 2401 a.
978 2360 1079 2410 714,

208 2417 485 2460 Tarentinum
512 2433 551 2461 a.
577 2418 676 2470 717,
710 2418 787 2459 sed
818 2417 903 2460 hoc
935 2420 1080 2473 priore

211 2477 310 2519 loco
349 2479 562 2531 positum,
607 2490 662 2518 ne
693 2478 966 2531 interpositis
995 2490 1080 2519 nu-

209 2536 311 2591 ptiis
333 2536 515 2578 alterum
529 2536 582 2578 ab
603 2536 742 2578 altero
764 2543 1081 2579 secerneretur.

308 2595 539 2648 varrones,
565 2595 792 2651 Eynatios,
818 2595 962 2638 Iulos:
995 2609 1082 2637 nu-

211 2666 357 2696 merus
389 2655 683 2698 multitudinis
710 2668 848 2711 genus
882 2655 1084 2712 designat

214 2725 363 2755 eorum
409 2716 483 2770 qui
535 2716 716 2756 crimine
765 2716 1083 2757 coniurationis

219 2773 436 2816 cecidere.
502 2772 629 2815 Conf.
651 2772 708 2814 XI
730 2774 771 2826 7,
803 2773 879 2816 XII
903 2775 975 2819 60.
1017 2773 1084 2815 Ex

217 2843 269 2872 eo
305 2845 470 2888 genere
516 2834 741 2887 praecipui
783 2835 962 2875 nomine
1004 2845 1083 2874 suo

216 2891 419 2933 citantur.
506 2891 672 2932 Primus
729 2897 795 2932 est
842 2892 892 2934 1..
946 2892 1084 2934 Varro

218 2949 405 2991 Murena
428 2963 467 2991 a.
486 2951 573 2993 732
596 2955 802 2992 necatus:
835 2950 918 2992 Dio
932 2950 1024 2992 LIV
1040 2952 1084 2993 3.

223 3008 456 3049 Suetonius
486 3008 601 3063 Aug.
639 3008 692 3051 19
725 3015 768 3050 et
801 3009 871 3062 56,
915 3009 1006 3051 Tib.
1039 3009 1083 3052 8.

221 3065 419 3108 Velleius
450 3066 488 3108 II
519 3067 590 3110 91.
655 3067 827 3110 Seneca
868 3068 922 3110 de
952 3069 1083 3111 Brev.

192 3127 336 3168 .vitae
368 3127 410 3179 5,
443 3125 497 3167 de
530 3124 667 3168 Clem.
701 3126 743 3170 9.
805 3126 970 3169 Eodem
1002 3141 1087 3169 no-

217 3185 334 3226 mine
361 3185 421 3227 M.
447 3185 660 3240 Eynatius
682 3186 820 3240 Rufus
843 3199 944 3228 mox
977 3199 1087 3228 con-

221 3242 352 3284 cidit:
396 3244 629 3285 Suetonius
681 3249 725 3285 et
766 3244 934 3287 Seneca
975 3245 1086 3288 locis

222 3300 353 3343 indic.
385 3301 552 3343 Tertius
595 3307 660 3342 est
702 3302 820 3344 Iulus
860 3304 1086 3356 Antonius,

223 3359 334 3401 alter
364 3359 418 3401 M.
451 3360 630 3401 Antonii
673 3374 727 3401 ex
758 3361 915 3403 Fulvia
957 3363 1087 3414 filius,

223 3417 390 3460 Horatii
424 3419 589 3459 amicus
624 3417 788 3471 (Carm.
823 3421 881 3461 lV
914 3423 981 3476 2),
1015 3423 1088 3475 qui

225 3490 322 3519 cum
354 3476 569 3519 adulterio
592 3475 731 3518 Iuliae
754 3477 940 3533 Augusti
973 3479 1091 3519 filiae

225 3535 279 3576 ad
319 3537 483 3578 maiora
523 3534 745 3588 tenderet,
797 3542 871 3578 aut
910 3543 1092 3578 necatus

229 3600 294 3635 est
317 3595 436 3637 iussu
457 3595 666 3648 principis
691 3600 764 3636 aut
786 3595 894 3636 mori
915 3595 1092 3637 adactus

229 3653 392 3696 n.752:
418 3654 501 3695 Dio
524 3653 597 3695 Lv
624 3654 689 3697 10.
726 3654 925 3697 Velleius
939 3653 975 3696 11
993 3655 1091 3698 100.

233 3709 399 3754 Seneca
431 3711 484 3753 de
516 3712 645 3756 Brev.
678 3714 797 3757 vitae
831 3714 884 3769 5,
927 3713 1093 3757 Plinius

315 3803 464 3843 Tacitus
488 3807 516 3844 1.

1223 2035 1290 2075 11.
1325 2034 1461 2089 efficio
1484 2033 1539 2075 M.
1606 2036 1673 2078 12.
1706 2035 1942 2090 flammines
1972 2035 2028 2077 M.

1161 2181 1212 2223 N.
1239 2181 1290 2223 H.
1316 2182 1390 2223 Vll
1403 2181 1474 2224 46.
1509 2181 1681 2224 Tacitus
1702 2181 1759 2224 Ill
1781 2182 1849 2236 18,
1870 2182 1929 2226 1v
1953 2188 2027 2228 44.

1164 2241 1319 2283 Iulium
1342 2242 1452 2284 falso
1475 2243 1690 2284 nominari
1711 2242 1866 2297 probat
1885 2243 2029 2287 Hora.-

1163 2301 1249 2343 tius
1270 2306 1314 2342 et
1338 2301 1750 2343 docetDrumannus
1762 2302 1906 2344 H.R.I
1925 2304 2028 2347 520.

1251 2360 1435 2402 abducta
1476 2361 1644 2402 Neroni
1689 2375 1802 2402 uxor
1850 2387 1907 2394 —
1948 2364 2030 2405 rite

1162 2419 1363 2460 nuberet.-
1399 2420 1456 2461 cf.
1475 2419 1558 2461 Dio
1577 2419 1749 2462 XLVIII
1764 2421 1816 2462 15
1834 2426 1877 2463 et
1889 2422 1947 2463 43
1963 2436 2028 2478 sq.

1164 2478 1402 2520 Suetonius
1414 2479 1528 2535 Aug.
1543 2479 1615 2531 62,
1648 2479 1740 2521 Tib.
1754 2480 1797 2532 4,
1823 2479 1974 2523 Claud.
1990 2484 2029 2524 1.

1163 2537 1288 2579 Livia
1320 2539 1468 2591 nupsit
1501 2539 1702 2594 Augusto
1736 2551 1774 2580 a.
1811 2539 1910 2581 716.

1255 2597 1339 2639 Gai
1382 2596 1511 2639 Matii
1562 2604 1602 2639 et
1652 2597 1773 2641 Vedii
1826 2597 2034 2640 Pollionis

1164 2654 1312 2697 luxus:
1349 2669 1404 2698 ex
1436 2670 1514 2711 que
1545 2657 1649 2698 tedii
1679 2655 1796 2712 quod
1828 2656 1916 2699 seci
1951 2659 2035 2700 Gai

1166 2714 1317 2768 Matii,
1362 2715 1581 2757 medicina
1622 2715 1754 2770 paulo
1786 2716 2035 2758 valentiore

1163 2786 1280 2816 nunc
1311 2787 1444 2827 usus,
1494 2787 1581 2816 non
1613 2775 1919 2829 improbabunt
1962 2778 2038 2832 qui

1168 2830 1544 2875 consideraverint
1566 2835 1729 2890 requiri
1752 2835 1794 2876 h.
1818 2833 1847 2876 l.
1882 2848 2036 2877 exem-

1166 2891 1284 2946 plum
1307 2892 1509 2935 luxuriae
1535 2905 1631 2934 cum
1654 2906 1778 2935 rarae
1810 2905 1861 2934 ac
1893 2892 2038 2935 famo..

1166 2964 1241 2993 sae
1273 2957 1362 2992 tum
1392 2953 1444 2994 ab
1476 2953 1566 3008 ipso
1585 2954 1783 3010 principe
1813 2965 1953 3008 usque
1984 2954 2039 2996 ad

1167 3010 1454 3053 offensionem
1487 3011 1676 3054 adiutae.
1757 3012 1850 3053 Hoc
1893 3017 2038 3055 autem

1167 3075 1343 3124 praeter
1365 3069 1552 3112 Vedium
1575 3069 1819 3113 Pollionem
1845 3073 2037 3126 equitem

1166 3141 1296 3171 nemo
1339 3129 1519 3183 praebet
1559 3129 1643 3171 nisi
1679 3130 1728 3171 G.
1764 3130 1948 3182 Matius,
1996 3135 2039 3170 et

1168 3189 1264 3241 ipse
1297 3200 1433 3243 eques
1458 3188 1677 3230 Romanus
1701 3194 1832 3242 atque
1854 3186 2038 3229 fautoris

1168 3247 1358 3302 Augusti
1382 3246 1633 3287 luxuriosus
1657 3248 1838 3287 amicus.
1880 3246 1919 3286 Is
1942 3247 2038 3300 ipse

1171 3317 1268 3346 cum
1303 3304 1442 3346 Vedio
1474 3305 1519 3346 in
1552 3305 1722 3347 deliciis
1745 3305 1931 3359 Augusti
1963 3318 2039 3346 re-

1171 3362 1309 3404 fertur
1340 3363 1393 3404 ab
1417 3363 1501 3404 hoc
1532 3370 1681 3404 nostro
1699 3362 1873 3406 X1160:
1909 3363 2040 3405 Gaius

1172 3420 1330 3476 Oppius
1373 3427 1413 3462 et
1446 3421 1671 3463 Cornelius
1713 3420 1872 3464 Balbus
1909 3423 2042 3478 primi

1174 3479 1377 3520 Caesaris
1408 3480 1554 3535 opibus
1571 3488 1748 3535 potuere
1778 3482 2042 3522 conditiones

1167 3539 1292 3593 pacis
1348 3544 1386 3579 et
1436 3539 1622 3581 arbitria
1683 3538 1782 3580 belli
1832 3547 2040 3582 tractare.

1175 3597 1334 3638 Matios
1350 3597 1529 3652 posthac
1551 3601 1811 3656 (imperante
1821 3600 2042 3655 Augusto)

1175 3662 1215 3697 et
1246 3655 1395 3698 Vedios
1427 3663 1467 3699 et
1498 3664 1643 3699 cetera
1676 3659 1858 3714 equitum
1878 3659 2043 3701 Roma-

1172 3728 1326 3760 norum
1360 3716 1620 3776 praevalida
1659 3718 1836 3760 nomina
1876 3719 2045 3775 referre

1681 3812 1714 3870 2

1829 1749 2026 1802 Etenim
2045 1765 2092 1803 ιε
