2280 4004
9 218 107 266 ⁵⁶³!
150 225 215 275 ξ(

135 1617 205 1668 52
220 1614 435 1673 locatur.

212 1799 271 1847 et
308 1795 552 1854 missione
602 1796 841 1852 festinata
893 1796 1123 1854 favorem
1167 1795 1375 1851 militum
1433 1795 1798 1861 quaesivisset,

1194 185 1322 243 ἐξ.»

230 294 262 340 a
248 239 354 340 ¹⁶²0.
378 266 477 340 14·
840 245 1220 339 LIBERI.OA1=
1241 295 1436 340 'fio-52.
1991 299 2055 348 '55

228 438 399 510 itineri
438 443 488 490 et
522 438 735 506 proelio.
807 439 927 491 Pars
961 438 1181 504 equitum
1218 443 1267 490 et
1304 438 1601 491 auxiliariae
1628 438 1867 494 cohortes
1895 440 2056 495 duce-

225 531 363 594 bant,
399 544 518 582 mox
543 530 701 595 prima
738 529 893 596 legi0‚
933 535 981 581 et
1005 529 1187 591 mediis
1222 529 1590 595 impedimentis
1628 529 1886 584 sinistrum
1919 530 2052 587 'latus

224 620 672 683 unetvicesimani‚
736 619 966 671 dextrum
1026 619 1251 685 quintani
1301 619 1562 683 clausere3
1621 620 1867 675 vicesima
1911 621 2050 688 legio

228 715 373 778 terga
409 709 654 772 firmavit3
688 715 804 775 post
838 710 994 764 ceteri
1032 711 1305 763 sociorum.
1380 710 1478 762 Sed
1519 710 1711 776 hosteS‚
1752 710 1919 762 donec
1954 726 2052 778 agt-

221 814 338 853 men
370 814 463 865 per
500 799 656 853 saltus
691 800 1067 875 porrigeretur,
1123 800 1341 864 immoti,
1394 800 1512 851 dein
1547 800 1706 858 latera
1747 806 1797 856 et
1831 800 2087 862 frontems

222 889 423 946 modice
459 889 787 953 adsultanteS,
826 895 931 946 tota
968 891 1020 942 vi
1047 891 1355 944 novissimos
1393 890 1673 944 incurrere.
1751 892 2051 951 Turbaban-e-

218 979 399 1046 turmis
426 980 600 1035 densis
629 981 995 1039 Germanorum
1024 981 1242 1039 catervis
1268 982 1409 1048 leves
1432 983 1688 1047 cohor-iffi,
1723 997 1835 1034 cum
1860 982 2051 1037 Caesar

221 1069 463 1128 advectus
502 1070 567 1125 ad
605 1070 946 1127 vicesimanos
996 1086 1128 1125 voce
1164 1086 1349 1139 magna
1396 1072 1495 1123 hoc
1548 1072 1671 1129 illud
1720 1077 1914 1138 tempus
1952 1074 2050 1125 ob-

217 1160 519 1219 litterandae
543 1160 812 1216 seditionis
836 1160 1148 1217 clamitabat:
1175 1166 1465 1228 pergerent,
1492 1167 1827 1227 proper-arent
1854 1162 2050 1227 culpam

218 1251 271 1303 in
296 1251 451 1311 decus
478 1255 696 1311 vertere.
770 1251 1025 1309 Exarsere
1054 1252 1255 1316 animis,
1295 1266 1500 1318 unoque
1537 1252 1724 1318 impetu
1757 1258 2112 1323 perruptuuitto

218 1341 416 1405 hostem
456 1342 694 1409 redigunt
732 1342 784 1392 in
821 1347 994 1408 aperta
1043 1342 1378 1408 caeduntque.
1452 1343 1609 1401 Simul
1645 1326 1801 1409 primi*
1831 1343 2048 1410 agminis

218 1432 398 1499 copiae
437 1447 650 1485 evasere
684 1433 840 1489 silvas
879 1439 1149 1499 castraque
1185 1434 1579 1491 communivere.
1656 1434 1888 1495 Quietum
1929 1433 2048 1493 inde

217 1523 314 1580 iter
326 1541 342 1587 3
377 1523 638 1590 fidensque
673 1525 962 1585 recentibus
999 1539 1059 1581 ac
1082 1525 1307 1599 priorum
1344 1525 1527 1582 oblitus
1552 1524 1696 1582 miles
1732 1525 1784 1581 in
1820 1525 2048 1582 hibernis

543 1615 777 1670 Nuntiata
836 1631 897 1673 ea
948 1614 1201 1673 Tiberium
1258 1615 1448 1673 laetitia
1506 1628 1728 1680 curaque
1788 1615 2044 1673 adiecere.

220 1703 485 1763 Gaudebat
520 1718 813 1771 oppressam
841 1704 1173 1763 seditionem}
1216 1705 1308 1762 sed
1347 1705 1481 1770 quod
1508 1704 1790 1772 largiendis
1815 1705 2045 1770 pecuniis
2064 1714 2110 1751 ²5

1861 1795 2046 1855 bellica

1407 1886 1613 1938 Rettulit
1649 1891 1818 1937 tamen
1856 1885 1920 1936 ad
1959 1900 2048 1936 se-

221 1901 420 1954 quoque
460 1887 747 1940 Germanici
787 1887 979 1957 gloria,
1035 1887 1332 1954 angebatur.

216 1982 388 2055 „natum
425 1977 489 2033 de
524 1977 676 2036 rebus
712 1978 902 2045 gestis,
963 1977 1215 2043 multaque
1256 1977 1320 2029 de
1358 1977 1544 2031 virtute
1582 1977 1689 2029 eius
1727 1976 2042 2039 memoravit,

221 2068 383 2134 magis
430 2068 482 2117 in
522 2067 744 2133 speciem
785 2068 956 2119 verbis
1008 2068 1256 2118 adornata
1309 2082 1457 2133 quam
1502 2071 1556 2116 ut
1603 2066 1802 2131 penitus
1853 2066 2043 2116 sentire

224 2156 532 2210 crederetur.
604 2157 931 2209 Paucioribus
969 2157 1185 2210 Drusum
1224 2162 1273 2211 et
1319 2157 1467 2211 finem
1505 2156 1691 2229 Illyrici
1728 2160 1892 2210 motus
1931 2155 2045 2205 lau-
2062 2171 2111 2207 20

337 2321 379 2364 4.
419 2335 569 2366 acmen
600 2324 655 2365 Μ.
746 2324 787 2366 7.
822 2323 926 2366 levis
956 2324 1010 2366 Μ.
1101 2325 1143 2366 8.
1178 2324 1273 2365 illut
1303 2323 1358 2365 M.
1441 2323 1482 2366 9.
1515 2321 1766 2363 saeditionis
1800 2323 1852 2376 (a
1879 2324 2041 2375 puncto

222 2385 417 2437 notatur)
446 2382 500 2424 Μ.
569 2384 636 2424 11.
664 2383 819 2438 primis
849 2384 1032 2439 agminis
1065 2382 1183 2429 clare
1214 2383 1270 2436 Μ,
1303 2395 1390 2424 non
1414 2381 1568 2439 primis
1599 2381 1830 2437 aqminum.
1897 2379 1966 2422 19.
1999 2380 2047 2421 in

220 2442 418 2499 speciem]
450 2442 683 2499 inspectam
713 2441 779 2511 M'.

223 2591 466 2635 columnam
492 2605 517 2634 a
531 2591 687 2634 Gai-010
699 2593 856 2650 Magno
877 2598 1087 2636 vastatam

223 2651 471 2709 (Irmeusul)
502 2651 639 2693 fuisse
672 2652 838 2693 arboris
890 2657 1088 2694 truncum

224 2712 267 2752 in
305 2723 484 2752 nemore
516 2710 746 2752 Tamfanae
788 2724 842 2752 ex
882 2711 1087 2753 incendio

223 2769 513 2811 Romanorum
555 2776 876 2813 conservatum.
963 2770 1089 2812 Tam-

222 2831 357 2884 sanae
386 2840 543 2870 nomen
567 2841 654 2870 non
688 2836 773 2871 tam
804 2830 927 2870 deam
960 2829 1089 2870 vide-

225 2892 294 2928 tur
325 2887 532 2929 denotare
564 2901 691 2942 quam
723 2887 870 2930 lucum
902 2901 1087 2941 sacrum,

226 2951 431 2987 monente
473 2945 687 2987 Giesersio
734 2953 777 2987 et
822 2953 1091 3001 provocante

227 3004 280 3045 ad
310 3003 368 3045 lv
401 3005 458 3048 73
487 3005 602 3059 apud
631 3004 771 3047 lucum
802 3019 922 3060 quem
944 3005 1090 3048 Badu-

225 3063 394 3105 hennae
413 3070 583 3107 vocant.
635 3063 754 3120 Lege
779 3065 943 3106 Diurna
959 3066 1090 3106 Anti-

257 3123 437 3164 uitatum
469 3129 513 3165 et
544 3121 753 3165 historiae
783 3123 951 3179 patriae
983 3129 1086 3165 tom.

268 3180 323 3222 111
353 3182 459 3224 fasc.
492 3184 533 3226 2.

315 3243 471 3283 excivit
490 3254 544 3284 ea
562 3241 713 3284 caedes
735 3242 978 3294 Bructeros,
1006 3242 1088 3283 Tu-

228 3298 398 3351 bantes,
439 3298 648 3356 Usipetes.-
691 3299 773 3342 hae
821 3302 1021 3341 nationes
1070 3313 1094 3340 a

229 3358 526 3411 septentrione
560 3357 806 3414 (Bructeri)
852 3366 895 3400 et
926 3358 979 3399 ab
1013 3372 1091 3399 oc-

230 3416 404 3458 cidente
430 3415 680 3471 (Usipetes)
705 3417 865 3458 Marsos
898 3419 1093 3472 attinge-

229 3475 346 3517 bant.
415 3474 632 3516 Tubantes
673 3474 809 3516 Taciti
852 3482 996 3517 aetate
1040 3488 1092 3516 eo

229 3537 406 3575 nomine
440 3535 525 3575 iam
558 3546 643 3573 non
687 3536 874 3575 extitere
907 3534 1094 3588 ideoque

232 3594 276 3639 iu
339 3593 573 3635 Germania
640 3605 724 3633 non
788 3598 1092 3643 memorantur.

232 3650 347 3694 idem
378 3652 432 3695 de
466 3651 625 3695 Marsis
657 3650 900 3693 dicendum.

1257 2607 1364 2649 pars
1391 2595 1574 2648 equitum
1605 2600 1645 2637 et
1672 2592 1938 2640 auxiliariae
1967 2605 2044 2634 co-

1174 2654 1340 2696 hortes:
1387 2652 1646 2695 auxiliariae
1691 2653 1897 2694 cohortes
1931 2664 2044 2708 quae

1174 2711 1217 2753 h.
1241 2712 1270 2753 l.
1304 2718 1517 2757 vocantur
1542 2724 1629 2753 non
1652 2718 1753 2754 sunt
1785 2724 1936 2753 omnes
1968 2722 2044 2751 so..

1175 2772 1340 2812 ciorum
1372 2772 1567 2823 numeri,
1616 2772 1694 2812 sed
1732 2783 1831 2825 pars
1866 2782 2042 2812 eorum:

1174 2842 1331 2885 agmen
1366 2831 1482 2871 enim
1507 2829 1714 2871 claudunt
1746 2831 1879 2872 ceteri
1901 2831 2044 2871 socio-

1173 2902 1281 2941 rum,
1315 2894 1363 2928 ut
1393 2890 1538 2930 statim
1572 2888 1775 2944 legimus,
1810 2889 1853 2930 h.
1876 2902 1900 2930 e
1921 2894 2045 2930 cete-

1174 2959 1249 2989 rae
1290 2947 1386 2990 alae
1433 2953 1477 2990 et
1523 2947 1728 2988 cohortes
1768 2947 2042 2989 auxiliariae.

1173 3005 1415 3048 Theodisce
1477 3008 1613 3062 igitur
1663 3013 1895 3048 convertas
1956 3006 2046 3046 und

1174 3065 1390 3108 Cohortem
1410 3065 1486 3106 der
1509 3065 1831 3120 Hulfstruppeu‚
1868 3077 1955 3105 non
1975 3068 2046 3118 (ut

1172 3125 1306 3179 vulgo
1326 3125 1515 3179 faciunt)
1540 3123 1629 3167 und
1656 3123 1710 3166 di
1725 3138 1745 3163 e
1769 3123 1983 3168 Cohortem
2003 3122 2043 3162 d.

1173 3183 1226 3227 Η.
1247 3182 1400 3225 Graeci
1415 3182 1521 3225 talia
1538 3187 1612 3222 aut
1633 3181 1777 3222 addito
1791 3186 1864 3223 aut
1883 3180 2044 3222 omisso

1173 3242 1358 3285 articulo
1379 3242 1626 3284 distinctius
1658 3238 1908 3294 significare
1936 3250 2042 3293 pos-

1176 3305 1293 3344 sunt.

1266 3356 1369 3411 Cap.
1415 3358 1485 3399 52.

1177 3416 1370 3458 scribere
1423 3415 1573 3458 maluit
1621 3429 1746 3470 quam
1795 3429 1959 3470 ponere
2010 3419 2045 3458 is

1178 3477 1351 3516 rauracius
1388 3499 1441 3507 --
1470 3475 1644 3529 adfecit,
1684 3475 1853 3516 evitans
1885 3487 2045 3517 nomen

1179 3532 1423 3574 abstractae
1475 3534 1684 3577 notionis,
1776 3535 1848 3578 Sic
1899 3536 2045 3577 statim

1180 3594 1377 3635 missione
1420 3594 1652 3660 festinata7
1702 3606 1789 3635 non
1834 3594 2046 3636 missionis

1180 3652 1471 3706 festinatione.
1527 3668 1530 3669 ⁷

1557 3359 1759 3399 noviliaca
1797 3369 1874 3399 ea:
1936 3355 2046 3399 haec
