2280 4004
213 280 306 325 m
981 269 1275 320 ANNALIVM
1790 289 1831 321 a.
1857 275 1906 322 «π’.
1938 270 2041 322 815.

214 429 383 476 menta
422 422 642 491 ingressi
679 427 822 486 sunt,
886 426 1152 488 antequam
1205 436 1389 490 agmen
1426 422 1706 475 Romanum
1751 421 2041 490 excederet,

211 522 268 569 et
305 517 684 568 circumstetere
719 514 847 579 vias,
891 515 1087 581 captiva
1123 513 1246 566 -olim
1286 515 1536 582 mancipia
1576 519 1661 566 aut
1693 515 1914 568 iumenta
1948 513 2046 568 adr-

214 609 524 674 gnoscentes
551 603 1019 670 abstrahentesque.
1060 605 1251 671 Raptae
1276 605 1427 656 etiam
1452 608 1640 670 vesteS,
1666 609 1861 658 retenta
1886 621 2043 673 arma,

215 693 401 762 pavido
440 693 596 745 milite
636 698 685 749 et
721 694 1067 760 concedente,
1123 709 1188 746 ne
1227 707 1324 760 qua
1371 694 1554 760 proelii
1592 711 1745 750 causa
1785 697 2043 750 existeret.

180 786 501 853 svologeses
543 785 696 836 armis
743 790 791 836 et
830 766 1130 851 corporibus
1157 800 1422 838 caesorum
1455 787 1768 856 adgregatiS,
1804 788 2049 856 ‘quo'cla-

216 878 329 930 dem
370 882 595 929 nostram
635 882 937 942 testaretur,
988 877 1103 929 visu
1150 878 1448 945 fugientium
1492 879 1750 947 legionum
1789 879 2046 932 abstinuit.

213 971 362 1022 Fama
399 969 765 1021 moderationis
804 969 1167 1035 quaerebatur,
1217 975 1483 1036 postquam
1535 971 1821 1038 superbiam
1856 970 2050 1041 [exple-

213 1067 374 1114 verat.
448 1061 651 1112 Flumen
693 1060 964 1112 Arsaniam
1005 1060 1271 1127 elephanto
1312 1061 1559 1129 insidens,
1604 1063 1864 1130 proximus
1900 1056 2048 1131 quis-²

212 1169 313 1222 vque
348 1168 525 1222 regem
564 1155 614 1205 vi
651 1167 892 1220 equorum
928 1169 1220 1220 perrupere,
1256 1155 1375 1221 quia
1410 1169 1584 1207 rumor
1606 1155 1890 1209 incesserat
1914 1169 2066 1224 pon--

154 1249 313 1298 iot-em
352 1259 614 1297 cessurum
655 1245 799 1297 oneri
838 1245 956 1296 dolo
992 1245 1362 1297 fabricantium.
1437 1247 1536 1300 Sed
1579 1248 1662 1314 qui
1697 1246 1901 1316 ingredi
1937 1247 2047 1300 ausi

213 1343 354 1403 sunt,
405 1337 626 1389 validum
686 1342 736 1389 et
784 1337 934 1388 fidum
979 1337 1295 1390 intellexere.
1371 1338 1605 1390 Ceterum
1645 1339 1874 1401 obsessis
1916 1339 2047 1392 adeo
2067 1342 2134 1390 16

213 1428 617 1497 suppeditavisse
668 1436 775 1480 rem
827 1430 1205 1481 frumentariam
1261 1430 1487 1481 constitit
1530 1435 1586 1482 ut
1637 1430 1838 1483 horreis
1869 1429 2048 1499 ‘ignem

212 1523 480 1587 inicerent,
523 1519 800 1588 contraque
836 1521 1119 1588 prodiderit
1158 1521 1380 1573 Corbulo
1403 1522 1614 1574 Parthos
1655 1523 1835 1590 inopes
1873 1523 2052 1591 copia-

212 1628 322 1666 rum
362 1618 411 1665 et
442 1613 627 1680 pabulo
663 1614 833 1664 'attrito
864 1613 1136 1668 relicturos
1175 1613 1618 1681 oppugnationem,
1658 1628 1826 1682 neque
1852 1629 1916 1668 >se
1933 1614 2050 1682 plus

154 1706 367 1757 istridui
407 1706 589 1757 itinere
627 1705 869 1756 abfuisse.
928 1705 1102 1756 Adicit
1139 1705 1249 1757 iure
1277 1705 1493 1758 iurando
1520 1706 1658 1758 Paeti
1691 1711 1888 1758 cautum
1914 1705 2049 1775 ,apud

215 1796 361 1865 signa
384 1836 398 1863 ,
439 1797 717 1848 astantibus
754 1798 816 1848 iis
856 1811 983 1863 quos
1019 1795 1340 1849 testificando
1378 1802 1473 1850 rex
1510 1797 1758 1864 misisset,
1795 1797 2051 1851 neminem

211 1891 490 1942 Romanuin
529 1889 820 1940 Armeniam
857 1889 1233 1956 ingressurum,
1286 1889 1452 1942 donec
1500 1890 1817 1943 referrentur
1851 1890 2054 1944 litterae

212 1970 449 2039 NeroniS,
494 1989 557 2025 an
590 1974 704 2040 paci
746 1973 1008 2027 adnueret.
1085 1974 1227 2036 Quae
1260 1973 1315 2026 ut
1353 1975 1620 2043 augendae
1642 1975 1881 2029 infamiae
1908 1964 2052 2028 com-2

211 2067 394 2133 posita,
432 2066 508 2118 sic
544 2066 738 2132 reliqua
779 2081 882 2117 non
919 2067 971 2117 in
1005 2067 1226 2119 obscuro
1262 2067 1529 2134 habentur,
1564 2082 1667 2119 una
1706 2067 1789 2120 die
1827 2067 2055 2135 quadra-'-

148 2178 196 2214 πο
213 2159 353 2225 ginta
394 2158 584 2209 milium
620 2159 834 2225 spatium
876 2174 1133 2211 emensum
1175 2174 1290 2211 esse
1329 2159 1559 2225 Paetum,
1612 2159 1829 2212 desertis
1861 2159 2049 2226 passim

212 2251 419 2316 sauciiS‚
460 2265 624 2317 neque
666 2251 830 2303 minus
870 2251 1150 2303 deformem
1174 2251 1309 2303 illam
1334 2251 1633 2320 fugientium
1662 2249 2052 2319 trepidationem

339 2391 381 2435 2.
417 2390 593 2433 adnosc.
630 2389 709 2434 Mn.
806 2391 848 2435 3.
884 2391 1231 2448 abstraentesque
1262 2390 1343 2435 Ma.

213 2464 308 2493 rum
341 2449 417 2493 Ma.
541 2465 716 2507 ayyreq.
754 2448 825 2494 Or.
862 2453 1080 2509 aqqeratis
1113 2453 1336 2495 Heinsius.

210 2511 340 2565 fidum
373 2510 461 2563 Ma,
492 2512 660 2564 firmum
693 2511 725 2552 G
762 2517 805 2553 et
837 2512 927 2554 alii.
1053 2514 1268 2554 caeterum
1299 2511 1379 2555 Ma.

219 2572 286 2612 13.
317 2570 590 2626 prodiderint
620 2583 836 2624 superscr.
873 2579 885 2613 t
918 2571 1075 2613 litteris
1107 2579 1154 2613 nt
1187 2571 1268 2614 Ma.

215 2630 390 2684 affuisse
423 2642 639 2684 superscr.
674 2645 702 2670 u
735 2643 758 2670 a
791 2643 919 2671 manu
951 2632 1120 2673 recenti
1152 2630 1232 2672 Ma.

215 2690 487 2744 referrentur
518 2688 598 2743 Ma,
638 2691 883 2745 referemur
917 2689 963 2731 G.
1040 2689 1179 2733 liuere
1203 2688 1283 2732 Ma.

1431 2395 1474 2436 4.
1511 2390 1654 2450 prael.
1689 2389 1760 2435 Or.
1825 2389 1895 2448 ³5.
1929 2404 2051 2435 ceso-

1447 2453 1488 2496 7.
1521 2451 1767 2509 coepleberat
1802 2449 1883 2495 Ma.
1979 2451 2050 2494 11.

1507 2514 1575 2556 12.
1609 2511 1935 2568 suppiditauisse
1967 2500 2049 2554 Mu.

1395 2572 1463 2614 15.
1512 2573 1669 2613 itinere
1700 2569 1787 2624 Ma,
1819 2570 1972 2613 itineri
2000 2565 2049 2612 G.

1335 2632 1469 2673 adicit
1498 2631 1580 2683 Ma,
1614 2630 1773 2673 adiecit
1807 2628 1855 2672 G.
1980 2626 2050 2672 17.

1370 2690 1438 2733 18.
1474 2702 1578 2732 ann.
1603 2688 1675 2732 Or.
1750 2686 1945 2746 auqende
1966 2687 2049 2732 Ma.

310 2835 414 2891 Cap.
465 2835 532 2880 16.
593 2836 854 2893 prodiderit
877 2837 1091 2880 Corbulo:
1173 2836 1430 2880 tentandos:
1464 2838 1561 2879 sine
1595 2837 1720 2893 equis
1755 2835 1872 2878 enim
1901 2833 2050 2878 Parthi

217 2895 408 2951 prodidit
457 2899 500 2937 in
553 2910 694 2938 rerum
743 2912 917 2940 suarum
969 2911 1093 2940 com-

217 2957 458 3008 mentariis,
499 2969 584 2996 non
615 2958 657 2997 in
679 2958 878 3010 epistolis
898 2957 950 2998 ad
977 2957 1093 2999 Cae-

216 3029 358 3058 sarem
390 3016 560 3068 missis»,
611 3015 654 3056 id
689 3017 804 3071 quod
838 3018 1091 3072 agnoscitur

218 3089 272 3117 ex
304 3076 502 3129 proximo
537 3075 670 3116 adicit
702 3101 758 3108 —-
794 3076 1016 3128 adnuet-et,
1049 3081 1094 3117 et

218 3134 526 3189 comprobatur
547 3134 757 3177 historiae
777 3137 1091 3176 monumentis:

215 3208 313 3236 nam
347 3194 514 3237 Plinius
556 3196 598 3235 in
634 3194 779 3236 indice
812 3194 911 3236 libri
953 3195 1092 3250 quinti

217 3260 262 3296 et
293 3254 406 3296 sexti
448 3255 493 3295 in
538 3254 791 3295 auctoribus
823 3268 848 3296 a
881 3268 928 3296 sc
963 3254 1090 3295 adhi-

219 3313 325 3355 biti—s
358 3319 563 3356 recenset
595 3313 833 3355 Domitium
869 3313 1089 3355 Corbulo-

218 3386 333 3415 nem.
389 3373 506 3415 Idem
542 3373 594 3414 de
626 3373 861 3427 Euphratis
894 3373 1091 3415 fontibus

220 3432 483 3475 Corbulonis
524 3434 820 3474 testimonium
875 3433 1011 3474 refert
1056 3433 1091 3473 V

218 3494 290 3536 20.
353 3491 476 3534 Adde
509 3491 703 3534 eiusdem
741 3491 799 3533 VI
833 3491 861 3533 8
895 3498 938 3533 et
975 3493 1042 3534 15.

303 3551 452 3606 inopes
484 3552 707 3607 copiarum
745 3559 783 3593 et
824 3551 983 3606 pabulo
1025 3558 1096 3591 at·-

219 3609 318 3650 trito
335 3624 349 3650 .·
381 3617 583 3655 recenset
618 3624 669 3652 ea
694 3610 851 3666 quibus
871 3623 980 3664 opus
1000 3615 1092 3652 erat

219 3667 272 3711 ad
300 3668 460 3711 milites
483 3669 739 3712 Parthorum
766 3676 809 3712 et
835 3683 970 3726 equos
995 3683 1095 3713 sus-

1177 2897 1289 2940 nihil
1322 2897 1545 2940 valebant.
1602 2895 1753 2939 Facile
1772 2895 2051 2953 agnoscimus

1176 2960 1318 3001 virum
1358 2959 1462 2998 artis
1499 2969 1605 2998 suae
1639 2955 1843 3011 peritum.
1907 2954 2052 2997 Attri-

1178 3026 1263 3059 lum
1291 3016 1497 3070 pabulum
1533 3022 1598 3058 est
1630 3015 1811 3057 multum
1842 3014 2051 3056 imminu-

1178 3083 1295 3128 tum,
1342 3081 1389 3117 ut
1435 3075 1486 3117 Η.
1520 3075 1557 3117 11
1592 3076 1648 3119 56
1691 3074 1850 3117 attritis
1892 3073 2051 3116 Italiae
2100 3066 2107 3078 '

1177 3136 1318 3187 rebus,
1355 3135 1517 3177 ibidem
1553 3135 1568 3176 1
1611 3136 1664 3178 10
1696 3133 1856 3176 auritis
1888 3133 2048 3189 opibus.

1267 3195 1559 3251 quadrayinla
1592 3194 1779 3236 milium.-
1813 3192 1872 3236 cf.
1898 3192 2052 3249 Vege-

1179 3255 1263 3294 tius
1308 3254 1324 3295 l
1369 3254 1426 3298 9:
1483 3253 1665 3295 militari
1711 3251 1852 3310 yradu
1899 3251 2054 3308 viqt'mt'

1177 3315 1300 3354 milia
1327 3328 1530 3370 passuum
1561 3314 1682 3355 horis
1714 3313 1896 3368 quinque
1928 3311 2051 3354 dum-

1179 3380 1302 3414 taxat
1320 3374 1491 3415 aestivis
1506 3373 1772 3427 conficienda
1783 3379 1902 3424 sunt3
1924 3370 2050 3428 pleno

1178 3439 1318 3473 melem
1350 3433 1511 3487 qraclu,
1546 3434 1617 3487 qui
1649 3433 1823 3474 citatior
1855 3436 1938 3482 est,
1981 3437 2051 3471 to·

1179 3492 1304 3532 tidem
1337 3492 1454 3533 horis
1485 3493 1638 3547 viginti
1677 3497 1874 3546 quattuor
1912 3500 2050 3545 pera-

1180 3551 1321 3606 9enda
1374 3559 1484 3593 sunt.
1547 3551 1756 3604 Quicquid
1817 3546 2050 3599 addideris,

1181 3611 1269 3651 ium
1301 3624 1449 3652 cursus
1480 3618 1556 3652 est.

1270 3669 1375 3724 Cap.
1414 3671 1480 3713 17.
1543 3670 1625 3712 hoc
1659 3672 1943 3723 conquerente
1975 3667 2050 3709 ina

2270 1711 2280 1879 ἰ

2269 1931 2280 2022 25
