2280 4004
216 294 305 337 332
987 257 1195 335 ANNALI
1201 292 1277 335 VM

215 430 541 496 spectabilem
579 443 784 494 operam
817 429 1122 495 praebuerat
1134 447 1148 494 3
1205 445 1366 498 eaque
1419 430 1636 484 offensio
1683 433 1831 485 altius
1883 449 2047 502 pene-

1789 303 1829 336 a.
1861 299 1907 334 ιι.
1937 290 2040 338 819.

215 521 408 586 trabat,
463 521 577 585 quia
627 519 762 571 idem
813 521 1035 572 Thrasea
1073 522 1294 588 Patavii,
1342 523 1478 575 unde
1533 529 1672 576 ortus
1727 530 1876 590 erat,
1912 525 2044 578 ludis

215 613 424 664 vetustis
450 611 715 663 aTroiano
736 611 999 665 Antenore
1035 614 1273 666 institutis
1316 615 1487 666 habitu
1522 618 1723 684 tragico
1763 617 2039 670 cecinerat.

215 703 309 755 Die
349 716 576 767 quoque,
630 717 728 769 quo
777 705 1293 769 'praetor-Antistius
1340 707 1405 757 ob
1456 707 1643 772 probra
1697 708 1750 758 in
1788 708 2053 761 Neronem

179 794 496 860 scomposita
531 794 594 845 ad
620 799 829 846 mortem
857 785 1201 862 damnabatur,
1244 797 1444 848 mitiora
1469 798 1665 849 censuit
1701 790 2046 866 obtinuitque3

217 889 266 936 et
302 900 413 936 cum
455 885 600 936 deum
641 886 865 938 honores
906 887 1169 953 Poppaeae
1209 888 1577 954 decernuntur,
1625 894 1806 955 sponte
1841 889 2046 955 absem,

214 976 380 1029 funeri
429 991 533 1027 non
582 978 898 1029 interfuerat.

975 979 1116 1039 Quae
1158 980 1439 1031 oblitterari
1492 995 1596 1031 non
1631 981 1831 1032 sinebat
1868 981 2045 1048 Capito

217 1062 577 1135 CossutianUS,
629 1074 832 1135 praeter
872 1071 1090 1122 animum
1131 1071 1194 1122 ad
1234 1070 1424 1139 flagitia
1465 1073 1794 1138 praecipitem
1847 1072 2048 1139 iniquus

215 1161 498 1226 Thraseae,
540 1161 674 1227 quod
718 1163 1017 1213 auctoritate
1055 1163 1163 1214 eius
1203 1164 1540 1228 concidisset,
1581 1164 1798 1215 iuvantis
1840 1163 2050 1215 Cilicum

151 1251 442 1320 inlegatos,
497 1253 612 1303 dum
652 1253 947 1318 Capitonem
991 1254 1381 1320 repetundarum
1421 1256 1754 1322 interrogant.

215 1343 299 1396 illa
341 1344 655 1409 obiectabat,
709 1345 958 1411 principio
1013 1346 1131 1396 anni
1168 1346 1331 1396 vitare
1372 1346 1646 1397 Thraseam
1681 1345 1935 1397 sollemne
1967 1345 2046 1396 ius

214 1434 479 1485 iurandum
495 1452 509 1498 3
543 1436 1002 1501 nuncupationibus
1029 1441 1259 1488 votorum
1282 1451 1388 1487 non
1416 1436 1616 1501 adesse,
1649 1436 1876 1502 quamvis
1901 1435 2054 1502 quin-

216 1525 529 1580 decimvirali
548 1527 841 1578 sacerdotio
868 1528 1149 1593 praeditum
1161 1546 1175 1591 ;
1206 1543 1459 1595 nunquam
1487 1543 1576 1594 pro
1610 1528 1772 1580 salute
1808 1527 2052 1594 principis

218 1621 302 1670 aut
339 1617 546 1694 caelesti
583 1632 713 1670 voce
749 1618 1121 1683 immolavisse3
1174 1620 1438 1671 adsiduum
1474 1619 1593 1670 olim
1641 1624 1691 1671 et
1723 1619 2052 1683 indefessum,

157 1728 203 1765 ¹5
221 1707 304 1775 qui
342 1707 636 1776 vulgaribus
691 1723 891 1776 quoque
946 1715 1140 1776 patrum
1193 1711 1437 1762 consultis
1483 1716 1644 1763 semet
1686 1710 1934 1762 fautorem
1973 1713 2059 1761 aut

312 1843 349 1884 1.
386 1842 547 1897 ofensio
583 1840 662 1884 Ma.

220 1902 393 1944 traiano
431 1900 509 1944 Ma.

221 1961 556 2005 decernerentur
586 1960 675 2004 AG.

217 2023 364 2076 fuerit,
400 2020 471 2063 GR
502 2021 712 2076 interfuit.

219 2081 318 2124 tene
350 2079 429 2124 Ma.

223 2141 292 2185 15.
331 2141 442 2196 woly.
476 2138 554 2183 Ma.

757 1847 799 1888 2.
827 1847 982 1900 pataui
1013 1843 1091 1886 Ma.

288 2264 444 2307 parum
464 2257 502 2292 et
531 2251 604 2292 via:
621 2250 896 2306 spectabilem
920 2265 1095 2307 operam

214 2311 501 2367 praebuerat.-
535 2310 619 2352 duo
633 2310 849 2353 Thraseae
872 2311 1094 2352 obiiciun-

218 2376 301 2423 tur,
320 2370 436 2426 quod
455 2371 496 2410 in
514 2369 787 2411 Iuvenalium
812 2371 979 2412 ludicro
997 2383 1094 2411 raro

216 2436 438 2484 spectator
468 2429 682 2481 adfuerat,
717 2436 877 2472 etcum
906 2431 1095 2483 adesset,

218 2491 367 2545 quiete
405 2496 447 2531 et
472 2490 566 2531 sine
598 2489 754 2543 plausu
779 2496 954 2546 egerat:
985 2503 1096 2544 ope-

218 2563 307 2591 ram
341 2550 454 2591 enim
488 2549 749 2602 praebuerat
765 2563 876 2604 quae
895 2551 968 2590 vix
991 2563 1096 2604 spe-

219 2610 325 2650 ctari
378 2608 753 2662 animadvertique
800 2615 962 2661 posset.
1028 2609 1094 2650 Cf.

218 2667 506 2710 Philostratus
538 2668 580 2707 in
617 2668 714 2707 Vita
736 2667 960 2720 Apollonii
983 2669 1015 2708 V
1045 2669 1095 2709 7:

219 2721 302 2775 τὰς
340 2727 473 2774 δίκας
514 2728 588 2769 ἐπὶ
622 2737 715 2771 τοῖς
759 2726 979 2780 ‘redicem
1019 2731 1097 2769 καὶ

220 2796 320 2835 ταῖς
357 2785 523 2842 ῳδαῖς·
567 2785 649 2829 οὐκ
686 2782 819 2838 ἦλθες
857 2785 1096 2844 ἄκροασό-

218 2861 359 2905 μενος
406 2847 625 2897 Νέρωνος
669 2842 691 2898 ἢ
728 2847 954 2902 παρῆσθα
995 2861 1098 2905 μεν,

221 2906 452 2963 ραθυμως
485 2905 532 2946 δὲ
569 2905 742 2977 ιὶκροιῖ,
788 2908 968 2961 ἐγέλας,
1012 2906 1096 2946 οὐκ

220 2946 498 3022 ἐκρότιῑσας,
537 2963 619 3005 οὐκ
658 2966 835 3012 ἔθυσας
867 2966 981 3017 ὑπὲρ
1024 2965 1101 3014 τῆς

223 3024 408 3084 φωνῆς,
446 3024 526 3066 ἵνα
559 3023 767 3066 Πυθῶδε
804 3024 904 3079 (ἀπ’
938 3023 1096 3079 Ὀλυμ-

223 3086 365 3140 πίων)
399 3085 698 3139 λαμπροτέρα
734 3084 875 3125 ἔλθοι.
940 3081 1099 3122 Consi-

222 3144 367 3184 inilem
417 3141 675 3182 emendandi
722 3143 836 3182 viam
876 3142 1101 3197 ingressus

224 3204 464 3255 Seyffertus
479 3201 621 3241 voluit
640 3208 678 3241 ct
695 3202 767 3241 via:
790 3202 1099 3255 spectatricem,

224 3262 299 3304 sed
335 3261 418 3301 hoc
457 3266 499 3301 ct
530 3260 582 3301 ab
606 3260 755 3315 lingua
777 3261 1011 3301 obnoxium
1036 3265 1101 3300 cst

225 3321 455 3362 offensioni
493 3325 536 3360 et
568 3333 589 3359 a
616 3318 815 3360 ductibus
843 3319 905 3360 Ma
927 3319 1100 3374 longius

226 3379 407 3422 recedit.
456 3379 682 3433 Spectator
715 3380 830 3419 enim
864 3385 906 3419 et
929 3385 1100 3433 specta-

227 3441 313 3481 tre’oe
355 3437 560 3479 adicctivi
606 3439 794 3478 nominis
838 3439 936 3479 viee
976 3438 1101 3491 fungi

226 3503 431 3551 possunt,
476 3497 549 3537 ubi
584 3498 823 3552 iunguntur
854 3496 1102 3537 nominibus

228 3557 426 3597 homines
448 3555 521 3597 vel
543 3554 763 3596 hominum
780 3555 1101 3597 multitudinem

230 3614 560 3666 denotantibus,
619 3612 757 3656 veluti
812 3615 861 3656 ΙΙ.
912 3613 970 3656 111
1021 3614 1103 3656 83:

230 3670 380 3714 atterat
411 3673 696 3727 pnynantibus
725 3679 938 3728 spectator
966 3684 1105 3729 popu-

603 1902 644 1945 6.
680 1902 749 1944 dm
787 1917 883 1945 cum
915 1903 993 1945 lin.
1028 1902 1107 1945 Ma.

765 1963 806 2006 7.
840 1964 1101 2018 interfuerat
1127 1963 1385 2006 Iesuitarum
1418 1964 1545 2006 liber.
1581 1963 1749 2007 Oxon.:
1783 1961 1887 2005 GMa
1915 1962 2056 2006 inter-

802 2022 1026 2064 obliterari
1057 2021 1137 2066 Ma.

537 2083 604 2126 12.
641 2082 805 2123 adesset
837 2081 928 2135 Ma,
963 2082 1110 2124 adesse
1144 2082 1191 2126 G.

1183 1846 1226 1888 3.
1264 1845 1436 1886 vetustis
1468 1846 1736 1900 Seyffertusx
1770 1842 1836 1886 Ma
1868 1845 2054 1886 cetastis.

1225 1918 1416 1961 poppeae
1448 1904 1529 1948 Ma.
1643 1905 1935 1946 decernuntur
1964 1902 2053 1950 Ma:

1237 2025 1304 2066 11.
1337 2025 1499 2065 uitaret
1529 2024 1620 2076 Ma,
1651 2025 1794 2066 uitare
1826 2020 1874 2064 G.
1965 2021 2056 2064 sol-

1289 2083 1356 2126 13.
1387 2083 1510 2140 pred.
1546 2081 1624 2125 Ma.
1715 2094 1945 2137 numquam
1974 2080 2055 2125 Ma.

1178 2250 1257 2292 lus.
1301 2250 1464 2291 Lucan.
1499 2248 1556 2290 111
1595 2247 1701 2292 129:
1734 2247 1942 2290 scelerum
1958 2261 2058 2305 spe-

1180 2312 1339 2351 ctatriae
1371 2309 1510 2350 turba.
1554 2308 1786 2350 Praeterea
1817 2309 2057 2362 spectatrix

1178 2383 1265 2411 non
1301 2375 1366 2410 est
1397 2368 1637 2410 'l'acitinum
1666 2367 1946 2410 vocabulum.
1987 2367 2055 2410 Do

1178 2429 1347 2471 ludicro
1378 2426 1650 2469 Iuvenalium
1683 2440 1725 2469 v.
1761 2426 1856 2469 XIV
1892 2427 1959 2469 15.

1265 2547 1374 2588 ludis
1405 2546 1599 2587 vetustis.-
1634 2557 1710 2599 pro
1744 2549 1947 2599 corrupta
1978 2555 2058 2584 co-

1181 2606 1324 2648 dicum
1371 2607 1587 2659 seriptura
1633 2605 1803 2645 cetastis
1846 2615 1931 2659 ego
1961 2616 2059 2644 sce-

1179 2666 1289 2706 nicis
1322 2665 1423 2705 olim
1448 2676 1616 2704 mecum
1641 2664 1828 2714 conieci,
1861 2662 1937 2704 sed
1953 2674 2060 2715 pro-

1181 2725 1276 2778 pius
1310 2722 1363 2764 ad
1404 2723 1646 2763 litterarum
1691 2721 1940 2762 traditarum
1977 2733 2060 2762 ve..

1179 2783 1313 2839 stigia
1375 2781 1545 2823 accedit
1606 2781 1813 2835 Seyfferti
1873 2780 2058 2831 vetustis,

1183 2855 1325 2897 eoque
1355 2841 1440 2883 hoc
1473 2841 1638 2894 recepi.
1703 2839 1882 2882 Scilicet
1913 2851 1942 2879 a
1968 2844 2061 2881 etu

1184 2915 1280 2943 cum
1314 2914 1447 2955 saepe
1480 2902 1521 2941 in
1542 2898 1607 2941 Md
1639 2904 1972 2951 commutentur,
2005 2910 2061 2938 ex

1183 2962 1322 3003 forma
1353 2961 1542 3001 nominis
1574 2960 1746 3000 vetastis
1782 2957 1959 3012 paulum
1991 2957 2062 2999 af-

1182 3022 1299 3062 fecta
1332 3020 1501 3060 cetastis
1545 3024 1591 3058 ut
1631 3018 1755 3059 fieret
1797 3019 1839 3058 in
1874 3015 2062 3071 proclivi

1184 3081 1281 3121 suit.
1347 3079 1473 3119 Conf.
1520 3078 1602 3119 Dio
1650 3075 1759 3118 Lx11
1799 3076 1870 3119 26.
1995 3075 2062 3131 die

1185 3152 1371 3192 quoque,
1414 3151 1516 3191 quo:
1557 3135 1673 3177 conf.
1718 3135 1814 3177 XIV
1848 3133 2061 3186 48—49‚

1187 3198 1283 3238 XVI
1312 3200 1377 3239 14.
1472 3210 1565 3237 cum
1598 3197 1718 3237 deum
1748 3195 1931 3235 honores
1951 3193 2061 3248 Pop-

1181 3256 1319 3313 J‘nteae
1339 3257 1652 3297 decernantur.-
1682 3266 1903 3310 cognosce
1925 3251 2060 3294 'faciti

1186 3324 1319 3357 artem
1354 3322 1396 3356 et
1428 3315 1702 3355 brevitatem.
1768 3313 1906 3365 Supra
1927 3314 1989 3366 (c.
1999 3310 2060 3367 6)

1187 3390 1259 3417 cas
1307 3387 1444 3429 nugas
1493 3374 1660 3415 tradere
1713 3373 1859 3414 omisit
1900 3370 2061 3411 chartis

1187 3448 1223 3488 p
1217 3433 1425 3485 irccndo
1460 3433 1535 3474 sed
1568 3446 1623 3474 ne
1654 3430 1757 3486 quid
1791 3431 2062 3484 p1·1·1eleiii·‚et

1187 3507 1303 3535 nunc
1347 3506 1437 3534 rem
1485 3492 1621 3534 tribus
1668 3489 1815 3531 verbis
1859 3494 1902 3529 et
1939 3486 2062 3542 quasi

1186 3552 1457 3607 praeteriens
1507 3548 1779 3592 memoravit}
1840 3545 2060 3600 'lemplum

1190 3626 1213 3654 a
1246 3616 1400 3654 senatu
1445 3608 1679 3652 decretum
1710 3607 1951 3662 perfectum
1996 3609 2061 3645 est

1192 3682 1230 3713 a.
1254 3669 1311 3714 68
1340 3667 1470 3724 paulo
1497 3672 1598 3711 ante
1623 3666 1841 3709 interitum
1857 3661 2057 3706 Neroni<

1833 1255 1965 1316 Quin
2000 1259 2052 1306 et
2066 1266 2134 1313 22
