2280 4004
143 717 213 765 56

224 311 252 344 a
281 297 330 346 C.
364 299 478 346 52‘

820 294 986 341 LIBER
1014 292 1106 340 XII.
1168 287 1274 339 Cu.
1308 293 1497 339 54—56.
1984 283 2047 337 ’ῦό

224 440 439 511 plebem,
479 439 659 493 fraude
692 438 746 492 in
773 437 952 491 ducem
987 452 1100 490 cum
1135 434 1467 490 barbarorum
1498 433 1671 501 copias
1698 431 2046 499 dissociasset,

226 534 524 588 Troxobore
559 531 836 600 paucisque
868 530 1173 598 primoribus
1222 528 1504 581 interfectis
1543 531 1743 579 ceteros
1781 519 2048 578 clementia

229 623 524 692 composuit.

365 713 466 768 Sub
501 712 636 765 idem
674 717 869 779 tempus
906 712 1039 764 inter
1073 711 1235 763 lacum
1284 709 1522 762 Fucinum
1563 721 1859 774 amnemque
1895 706 2051 758 Lirim

225 810 463 874 perrupto
495 808 683 869 monte,
721 817 820 869 quo
857 801 1230 870 magnificentia
1263 800 1433 867 operis
1470 816 1497 851 a
1530 798 1756 865 pl'uribus
1780 797 2089 862 viseretur,⁵

227 898 343 950 lacu
380 895 564 962 inipso
598 894 779 946 navale
811 893 1061 960 proelium
1090 893 1383 956 adornatur,
1420 895 1475 941 ut
1504 889 1756 956 quondam
1787 889 2048 956 Augustus

227 982 419 1042 structo
459 986 595 1037 circa
635 984 853 1038 Tiberim
889 990 1073 1053 stagno
1118 984 1210 1036 sed
1260 982 1458 1035 levibus
1508 981 1730 1048 navigiis
1767 985 1817 1032 et
1850 968 2049 1031 minore

229 1078 376 1144 copia
414 1076 660 1128 ediderat.

736 1075 973 1127 Claudius
1021 1075 1254 1126 triremes
1295 1072 1743 1139 quadriremesque
1795 1075 1844 1122 et
1883 1069 2049 1121 unde-

226 1167 408 1236 viginti
449 1166 706 1218 hominum
750 1165 887 1217 milia
941 1165 1180 1229 armavit,
1245 1164 1411 1215 cincto
1462 1162 1655 1213 ratibus
1715 1161 1928 1226 ambitu,
1986 1167 2052 1210 ne

226 1273 359 1326 vaga
397 1256 585 1325 effugia
621 1257 818 1323 forent,
872 1270 934 1306 ac
968 1260 1137 1307 tamen
1174 1255 1387 1321 spatium
1425 1252 1682 1318 amplexus
1720 1252 1782 1303 ad
1831 1248 2049 1303 vim're-
2063 1255 2112 1306 io

227 1349 388 1419 migii,
421 1347 809 1418 gubernantium
846 1351 1006 1413 arteS,
1065 1347 1279 1413 impetus
1315 1343 1518 1396 navium
1556 1348 1606 1395 et
1650 1342 1847 1409 proelio
1883 1341 2051 1394 solita.

349 1491 388 1532 1.
419 1487 584 1544 fraude‘
604 1486 694 1531 Ma:
727 1487 761 1531 G
789 1488 960 1544 fraude.

231 1561 328 1592 cum
359 1547 437 1590 lin.
470 1545 552 1590 Ma.
644 1547 686 1592 6.
714 1546 857 1606 prael.
891 1546 965 1591 Or.

234 1610 303 1652 11.
329 1606 473 1665 prael.
508 1605 580 1650 Or.

232 1720 536 1777 quadriremes,
564 1719 712 1777 plures
742 1726 884 1762 autem
912 1720 1100 1761 minores

231 1783 347 1823 inter
375 1794 421 1823 se
453 1781 752 1835 conflixerunt.
815 1779 870 1820 In
896 1780 951 1821 iis
983 1778 1100 1820 clas-

231 1841 346 1883 sibus
371 1846 674 1897 pugnaverunt
700 1844 880 1895 praeter
908 1840 1101 1894 remiqes

231 1899 354 1942 milia
373 1899 589 1941 hominum
611 1898 699 1940 tria
724 1898 913 1940 circiter.
945 1897 1102 1939 Errare

232 1957 406 2000 Tacitus
450 1960 495 2000 in
527 1970 575 2000 re
608 1956 806 2013 quotidie
838 1956 979 1999 oculis
1012 1958 1102 1999 suis

236 2019 435 2072 exposita
449 2029 538 2058 non
560 2018 726 2071 potuit;
753 2029 851 2058 nam
870 2015 1102 2058 Caesarum

234 2089 387 2119 nemus
421 2082 465 2118 et
493 2076 610 2117 horti
629 2073 828 2118 Caesaris
861 2075 991 2117 etiam
1024 2086 1103 2117 suo

236 2148 347 2178 aevo
394 2137 441 2177 in
500 2147 552 2176 ea
603 2135 788 2191 regione
851 2135 1103 2177 extiterunt.

233 2195 354 2252 Lege
387 2195 588 2238 Suetonii
618 2193 755 2236 verba
785 2192 914 2234 modo
964 2195 1106 2247 posita

237 2260 280 2296 et
321 2254 450 2298 Statii
496 2252 603 2296 Silv.
635 2252 697 2295 lv
727 2251 758 2295 4
789 2253 842 2295 5:
894 2252 1105 2294 Continuo

237 2313 412 2356 dea-tras
473 2313 576 2368 flavi
618 2318 716 2368 pete
770 2311 950 2352 Tibridis
990 2326 1105 2364 oras,

238 2373 377 2428 Lydia
401 2371 584 2428 (Tusca)
610 2385 693 2426 qua
710 2371 880 2426 penitus
910 2377 1108 2427 staqnum

236 2431 393 2474 navale
426 2436 593 2472 coercet
623 2431 740 2486 Ripa
773 2429 1107 2485 suburbanisque

236 2491 390 2532 vadum
401 2490 672 2546 praetexitur
687 2488 822 2530 hortis
841 2486 1106 2546 (Caesaris).

237 2550 303 2592 De
335 2549 403 2591 his
435 2548 546 2590 locis
578 2555 700 2590 trans
736 2547 916 2589 Tiberim
960 2547 1108 2590 dicere

237 2609 283 2649 in
316 2621 392 2650 ore
424 2609 615 2649 omnium
649 2613 766 2649 erat:
799 2607 948 2649 Horat.
970 2607 1107 2651 Serm.

236 2666 407 2711 19-18:
447 2667 580 2708 Trans
617 2666 797 2708 Tiberim
828 2666 953 2722 longe
984 2667 1110 2708 cubat

237 2727 275 2768 is
330 2739 464 2783 prope
516 2726 719 2768 Caesaris
776 2725 935 2767 hortos.
1001 2724 1108 2767 Cum

239 2785 375 2841 igitur
403 2784 648 2826 adhibenda
685 2786 742 2827 sit
775 2786 990 2826 correctio
1025 2796 1109 2827 vo-

241 2843 366 2885 culae
391 2844 465 2895 cis,
498 2843 620 2884 nulla
637 2844 777 2900 magis
797 2844 842 2883 in
863 2845 1108 2899 propinquo

243 2907 308 2942 est
353 2903 581 2957 magisque
630 2908 731 2956 apta
786 2915 913 2956 quam
973 2904 1108 2943 circa.

243 2961 314 3002 Sic
346 2960 579 3002 Suetonius
614 2959 643 3001 l.
680 2974 717 3002 c.
751 2959 804 3001 de
838 2959 922 3002 hoc
954 2967 1109 3017 stagno

242 3018 418 3072 scripsit
461 3024 504 3060 et
545 3018 786 3060 Tacitinum
828 3018 938 3060 illud
982 3020 1108 3062 1141

249 3077 429 3119 Tiberim
468 3078 591 3119 iuxta
634 3078 687 3119 de
731 3076 868 3119 hortis
912 3077 1110 3120 Caesaris

243 3135 357 3177 idem
377 3135 510 3178 valet.
559 3135 782 3178 Beckerus
802 3136 1111 3179 inEnchiridio

242 3194 344 3236 Ant.
360 3195 483 3236 Rom.
518 3199 548 3236 t.
574 3194 591 3236 1
624 3207 666 3249 p.
688 3195 772 3238 657
802 3202 950 3238 annot.
982 3197 1110 3248 1416,

244 3254 399 3294 vitium
432 3266 536 3295 vere
569 3265 829 3309 agnoscens,
861 3253 928 3296 uls
952 3267 1027 3308 pro
1053 3257 1113 3296 cis

245 3311 592 3354 substituendum
646 3312 821 3365 suadet,
886 3313 964 3355 sed
1029 3312 1113 3354 hoc

249 3371 431 3412 Varroni
466 3371 725 3423 conveniet,
758 3383 845 3411 non
875 3371 1039 3412 Tacito.

306 3430 499 3471 triremes
521 3429 912 3483 quadriremesque.-
927 3429 1113 3483 Lipsius,

251 3489 493 3543 respiciens
526 3487 659 3529 verba
690 3486 843 3529 Dionis
875 3488 948 3528 Lx
980 3489 1037 3531 33
1071 3487 1116 3531 οἱ

249 3547 298 3589 δὲ
358 3546 746 3605 ναυμαχήσαντες
794 3548 983 3604 θανάτῳ
1033 3563 1115 3589 κα-

248 3605 640 3666 ταδεδικασμένοι
672 3601 807 3660 ἦσαν,
838 3608 918 3648 καὶ
950 3606 1117 3659 πεντή-

251 3677 393 3714 κοντα
412 3667 529 3717 ναῦς
550 3664 763 3730 ἑκάτεροι
785 3665 928 3727 εἶχον,
952 3666 1000 3711 οἱ
1027 3665 1119 3729 μὲν

1053 1490 1096 1532 2.
1129 1487 1356 1530 trooeoboro
1390 1491 1535 1546 (erasa
1566 1483 1650 1526 litt.
1675 1488 1708 1543 t)
1729 1485 1812 1528 Ma.

1036 1547 1077 1590 7.
1113 1549 1234 1590 circa
1271 1547 1451 1590 Tiberim
1484 1544 1651 1588 editor:
1683 1543 1751 1587 Ma
1783 1545 1844 1588 cis
1874 1543 2055 1588 tiberim.

1904 1484 1947 1527 4.
1981 1483 2056 1526 liri

1180 1720 1372 1772 Ῥόδιοι,
1408 1719 1522 1764 οἶδὲ
1544 1722 1728 1765 Σικελοὶ
1757 1717 2058 1779 dropace&-

1184 1792 1272 1832 τες,
1299 1779 1413 1833 apud
1440 1778 1633 1821 Tacitum
1666 1785 1832 1822 centum
1863 1779 2058 1821 triremes

1187 1839 1561 1894 quadriremesque
1620 1851 1835 1894 reponere
1890 1837 2058 1889 voluit,

1185 1898 1264 1941 sed
1282 1897 1367 1939 Dio
1400 1909 1528 1939 omne
1554 1900 1702 1954 'genus
1722 1898 1898 1939 navium
1924 1898 1969 1938 in
2003 1908 2057 1938 eo

1186 1957 1356 2012 proelio
1391 1959 1652 1998 certantium
1686 1956 1940 2011 complexus
1975 1961 2056 2008 est,

1188 2016 1509 2072 quadriremes,
1542 2018 1767 2070 triremes,
1805 2015 2059 2067 liburnicas,

1186 2075 1372 2128 lembos,
1404 2074 1575 2118 Tacitus
1595 2078 1782 2117 maiores
1809 2076 2061 2116 nominasse

1190 2140 1421 2176 contentus
1448 2134 1547 2176 fuit.
1609 2136 1675 2177 Ac
1700 2148 1805 2177 sane
1822 2135 2060 2175 triremium

1188 2206 1276 2235 non
1308 2193 1456 2248 plures
1490 2206 1617 2248 quam
1640 2193 1868 2236 duodenae
1889 2192 2061 2234 utrobi-

1191 2266 1275 2308 que
1322 2252 1639 2294 conflixerunt:
1683 2254 1863 2297 Sueton.
1907 2250 2059 2293 Claud.

1190 2315 1274 2357 21:
1315 2311 1397 2353 hoc
1436 2311 1677 2368 spectaculo
1720 2313 1869 2354 classis
1911 2309 2063 2353 Sicula

1192 2379 1230 2413 et
1264 2370 1437 2413 Rhodia
1469 2379 1803 2424 concurrerunt,
1838 2370 2061 2414 duodena-

1190 2444 1286 2471 rum
1333 2431 1571 2472 triremium
1620 2430 1831 2486 sinyulae.
1917 2429 2062 2472 Etiam

1193 2489 1302 2530 haec
1333 2490 1470 2531 verba
1490 2489 1662 2544 Lipsius
1696 2490 1940 2541 attentavit,
1973 2500 2062 2529 non

1191 2548 1328 2590 bene:
1360 2550 1562 2590 nimirum
1596 2549 1649 2591 ad
1681 2549 1822 2591 lacum
1849 2547 2062 2590 Fucinum

1191 2609 1236 2649 in
1259 2607 1410 2650 Marsis
1439 2610 1568 2650 situm
1590 2609 1782 2651 minores
1814 2620 1948 2649 naves
1979 2619 2063 2648 ve-

1192 2666 1351 2709 hiculis
1393 2668 1558 2722 portari
1602 2673 1827 2722 poterant,
1874 2667 2064 2708 maiores

1193 2732 1338 2768 autem
1379 2727 1502 2768 nullo
1548 2740 1602 2768 ex
1640 2728 1747 2769 mari
1790 2739 1971 2768 accessu
2011 2724 2065 2766 ad

1193 2786 1335 2839 ipsum
1367 2785 1666 2828 aedificandae
1702 2792 1850 2838 erant3
1895 2784 2066 2826 accedit

1194 2844 1310 2900 quod
1340 2843 1440 2886 lacu
1477 2846 1637 2887 emisso
1666 2848 1865 2887 triremes
1886 2843 2064 2899 quadri-

1192 2915 1426 2958 remesque
1467 2903 1647 2945 inutiles
1690 2910 1825 2946 erant.
1902 2903 1977 2944 llis
2010 2901 2064 2943 de

1196 2963 1338 3003 causis
1370 2963 1414 3003 in
1447 2963 1618 3017 proelio
1652 2964 1796 3006 navali
1830 2975 1854 3003 a
1880 2960 2063 3003 Claudio

1196 3021 1313 3062 edito
1358 3020 1586 3078 longarum
1636 3025 1812 3064 navium
1858 3032 2063 3062 numerus

1194 3081 1336 3121 minor
1362 3087 1468 3133 erat,
1507 3087 1549 3122 et
1570 3081 1744 3134 plurimi
1777 3080 2065 3136 pugnantium

1195 3138 1369 3180 levibus
1403 3139 1733 3180 concurrebant.

1285 3198 1424 3237 cincto
1459 3198 1622 3238 ratibus
1655 3197 1838 3238 ambitu:
1878 3196 2064 3237 ambitus

1198 3254 1239 3295 h.
1279 3255 1308 3296 l.
1344 3262 1408 3296 est
1439 3255 1654 3312 περίοδός
1687 3272 1769 3307 τις,
1802 3267 1890 3295 non
1923 3254 1945 3305 ἦ
1979 3267 2067 3299 πε-

1199 3312 1372 3369 ρίοδος,
1405 3314 1613 3354 wahrend
1640 3315 1710 3355 ein
1729 3314 1892 3354 rander
1914 3314 2067 3355 Bezirk

1200 3371 1299 3425 (des
1333 3371 1462 3427 Sees)
1497 3373 1571 3413 mit
1606 3372 1885 3414 Flossbalken
1917 3372 2066 3427 einqe-

1197 3432 1303 3483 sasst
1334 3444 1440 3471 war.
1504 3430 1704 3472 Proxima
1725 3431 1836 3472 lianc
1868 3430 2068 3484 explica-

1199 3490 1362 3528 tionem
1393 3489 1628 3541 postulant.
1692 3490 1831 3531 Minus
1863 3495 2068 3531 accurate

1201 3546 1284 3588 Dio
1308 3546 1380 3587 Lx
1412 3548 1494 3590 33:
1529 3548 1682 3606 τεῖχός
1711 3561 1756 3592 τε
1789 3552 1898 3604 περὶ
1927 3540 2069 3603 αὐτὴν

1203 3608 1405 3665 (λίμνην)
1438 3605 1624 3656 ξύλινον
1649 3609 1962 3655 κατεσκεύασε
1988 3608 2070 3654 καὶ

1203 3667 1333 3727 ἴκρια
1370 3666 1521 3725 ἔπηξε.
