2280 4004
127 1508 194 1559 15

203 283 247 322 a·
259 275 308 322 G.
341 277 412 322 55.

730 263 733 265 ’
774 277 936 321 LIBER
966 278 1082 321 xm.

1146 277 1250 322 Car}
1288 277 1473 321 13—15.
1942 272 2028 321 121

203 419 419 485 posthac
454 417 733 486 Agrippina
771 434 922 469 ruere
956 418 1019 469 ad
1067 423 1314 470 terrorem
1354 421 1404 469 et
1438 417 1629 481 minas,
1687 428 1853 483 neque
1887 415 2033 483 prina-

207 510 333 575 cipis
371 510 576 561 auribus
613 509 868 560 abstinere
897 524 994 575 quo
1035 508 1198 559 minus
1229 512 1500 559 testaretur
1531 507 1751 559 adultum
1788 508 1885 559 iam
1916 521 2031 558 esse

203 601 563 664 Britannicum,
594 614 766 651 veram
804 599 1110 666 dignamque
1137 599 1342 664 stirpem
1383 598 1708 664 suscipiendo
1748 599 1904 664 patris
1933 598 2034 648 im-z-

203 691 364 757 peri0,
407 691 539 757 quod
579 691 759 741 insitus
791 695 840 742 et
879 690 1144 756 adoptivus
1172 705 1263 756 per
1302 690 1512 741 iniurias
1549 690 1720 740 matris
1751 692 2031 741 exerceret.

203 782 317 833 Non
354 781 575 833 abnuere
609 796 667 832 se
706 781 826 847 quin
866 786 1045 831 cuncta
1083 780 1304 831 infelicis
1339 780 1516 832 domus
1557 780 1686 831 mala
1718 779 2069 846 patefierent,s

208 887 331 924 suae
365 872 416 922 in
452 871 625 938 primis
662 872 894 937 nuptiae,
953 887 1095 922 suum
1148 871 1470 922 veneficium.

214 963 607 1029 sibi‘provisum
645 962 780 1028 quod
837 962 1035 1014 viveret
1082 963 1360 1029 privignus.

473 1053 749 1105 Audiretur
801 1053 920 1104 hinc
972 1053 1261 1105 Germanici
1312 1054 1445 1116 filia,

206 1059 388 1118 castra.

1545 871 1596 922 Id
1639 871 1801 922 solum
1856 870 1934 921 dis
1982 875 2032 922 et

1437 963 1618 1013 Ituram
1675 978 1787 1012 cum
1840 961 1926 1012 illo
1979 961 2031 1012 in

1509 1053 1628 1104 inde
1684 1052 1799 1103 vilis
1854 1066 2030 1103 rursus

204 1144 392 1195 Burrus
432 1149 480 1195 et
519 1143 632 1195 exul
670 1143 898 1207 Seneca,
962 1148 1138 1194 trunca
1177 1143 1373 1194 scilicet
1422 1158 1572 1193 manu
1619 1147 1668 1193 et
1715 1142 2031 1208 professoria

204 1234 376 1302 lingua
429 1235 635 1302 generis
679 1235 884 1286 humani
922 1235 1153 1302 regimen
1200 1234 1592 1299 expostulantes

207 1325 329 1377 dere
356 1341 549 1389 manus,
581 1341 833 1393 aggerere
860 1326 1064 1390 probra,
1104 1330 1455 1376 consecratum
1483 1324 1762 1388 Claudium,
1780 1335 1782 1338 ’
1802 1324 2031 1377 infernos

208 1415 491 1468 Silanorum
530 1431 703 1467 manes
742 1415 1014 1480 invocare,
1053 1421 1102 1467 et
1135 1420 1207 1466 tot
1246 1416 1395 1466 inrita
1435 1415 1680 1466 facinora.

347 1507 591 1562 Turbatus
618 1507 699 1560 his
725 1508 880 1572 Ner0,
922 1512 971 1558 et
1000 1507 1282 1575 propinquo
1305 1507 1386 1558 die
1419 1515 1517 1573 quo
1555 1511 1749 1559 sextum
1786 1506 2034 1559 decimum

331 1691 369 1732 1.
401 1697 546 1733 rueret
576 1689 667 1733 Ma:
701 1690 735 1733 G
765 1705 907 1735 ruere.

210 1749 251 1792 5.
287 1749 492 1792 abnueret
523 1749 614 1794 Ma:
649 1749 682 1792 G
713 1751 916 1793 abnuere.

205 1867 461 1925 postulantis
484 1867 563 1911 Ma.
660 1871 728 1912 11.
759 1870 932 1926 inferno
961 1870 1041 1913 Ma.

210 2009 275 2051 las
306 2009 397 2051 sich
429 2010 752 2067 ausbedunyen,
785 2012 882 2054 dass
911 2027 958 2054 er
987 2027 1078 2055 we-

210 2083 292 2125 yen
324 2068 472 2110 keiner
498 2069 736 2126 Massreqel
767 2085 845 2113 aus
868 2072 944 2113 der
970 2072 1078 2114 Ver-

209 2128 470 2184 gangenheit
480 2143 556 2170 zur
567 2129 885 2187 Rechenschaft
895 2145 1080 2187 qezoyen

210 2187 382 2230 werden
424 2188 585 2240 kenne,
627 2189 718 2230 und
757 2190 823 2231 die
864 2191 1080 2232 ndmliche

213 2246 495 2302 Berechnun9
537 2248 612 2289 mit
651 2247 743 2289 dem
774 2250 923 2290 Stante
956 2250 1077 2291 habe.

301 2305 400 2347 inde
435 2307 531 2348 vilis
562 2320 712 2348 rursus
735 2308 896 2350 Burrus
925 2315 964 2350 et
984 2309 1082 2351 exul

213 2365 405 2406 Seneca:
439 2364 623 2406 medicei
647 2366 845 2408 indebilis
867 2368 987 2409 iuxta
1008 2381 1081 2409 ar-

213 2428 299 2463 tem
333 2423 590 2466 solvendum
620 2431 685 2466 est
704 2426 802 2467 inde
829 2427 940 2479 vilis,
970 2427 1081 2469 nihil

214 2483 328 2523 enim
355 2483 625 2538 frequentius
648 2488 985 2528 commutatione
1006 2486 1082 2527 lit-

213 2547 401 2583 terarum
449 2543 471 2584 b
522 2548 565 2584 et
609 2557 659 2595 υ,
707 2550 755 2585 ut
795 2545 838 2585 in
883 2546 1080 2600 proximo

214 2600 409 2655 faborem
442 2601 701 2659 (favorem),
732 2602 953 2646 velaberat
975 2607 1081 2660 (ve-

212 2660 420 2716 laverat),
465 2660 713 2703 bocabubum
754 2663 1081 2721 (vocabulum),

211 2719 339 2774 fabor
372 2719 562 2777 (favor),
595 2719 690 2762 albo
715 2722 879 2779 (alvo),
909 2724 1082 2779 few-bore

215 2778 480 2836 (fervore),
539 2785 581 2820 et
631 2781 695 2822 sic
742 2780 901 2823 milies.
962 2781 1080 2824 Idem

214 2839 459 2879 sententiae
476 2839 606 2879 unice
627 2842 848 2881 convenit.
902 2841 1083 2882 Scilicet

214 2909 364 2936 rursus
395 2895 508 2937 idem
542 2895 663 2938 valet
695 2899 810 2952 quod
851 2900 1007 2940 iterum
1039 2905 1083 2941 et

215 2954 405 3007 pertinet
443 2954 495 2995 ad
536 2953 744 3008 Burrum,
792 2964 839 2998 ut
882 2958 980 3000 eoeul
1028 2959 1081 3000 ad

217 3012 441 3054 Senecam.
503 3013 665 3056 Burrus
706 3014 816 3057 nihil
864 3016 1007 3058 fuerat
1039 3024 1082 3058 et

217 3070 324 3111 nihil
346 3077 546 3125 potuerat
566 3079 796 3129 antequam
810 3076 1080 3132 Agrippinae

217 3129 369 3170 favore
410 3130 462 3171 ad
508 3133 824 3186 praefecturam
873 3137 1080 3189 praetorii

218 3187 414 3230 admotus
457 3197 569 3243 erat,
617 3193 784 3234 Seneca
826 3193 927 3235 exul
967 3195 1081 3235 inter

218 3244 377 3287 corsos
410 3248 540 3289 vitam
567 3250 831 3293 toleraverat
850 3258 1078 3308 antequam

217 3304 270 3345 ab
304 3305 453 3347 eadem
497 3307 659 3349 femina
702 3310 753 3351 ad
794 3323 957 3352 summa
1000 3325 1080 3353 ex-

216 3363 478 3416 tollebatur3
518 3378 558 3407 v.
602 3366 678 3408 ΧΠ
723 3368 751 3410 8
784 3375 827 3409 et
858 3371 930 3411 42.
993 3368 1078 3410 Iam

216 3423 459 3479 Agrippina
493 3423 575 3466 hoc
611 3424 741 3477 dicit,
785 3428 994 3468 Senecam
1039 3434 1081 3468 et

215 3480 398 3523 Burrum
434 3485 578 3524 omnia
609 3496 686 3525 sua
719 3485 799 3526 sibi
843 3486 1004 3527 debere
1038 3493 1081 3527 et

218 3541 312 3582 sine
344 3553 392 3582 se
422 3540 534 3583 nihil
568 3555 690 3596 esse,
721 3545 758 3585 si
790 3545 883 3598 ipsa
927 3544 1080 3599 vellet,

220 3598 314 3644 fore
365 3605 412 3641 ut
459 3606 642 3657 uterque
693 3603 827 3658 priori
880 3602 1082 3647 fortunae

219 3656 496 3713 redderetur,
530 3665 577 3702 ut
607 3659 768 3704 Burrus
800 3671 948 3705 rursus
979 3662 1081 3705 nul-

991 1715 997 1721 ·
1031 1694 1073 1735 3.
1109 1692 1414 1736 brittannicum
1447 1690 1524 1733 Ma.

1009 1766 1053 1794 se
1086 1753 1186 1808 quin
1209 1751 1265 1794 G:
1297 1754 1415 1806 sequi
1445 1749 1526 1793 Ma.

208 1809 252 1851 8.
283 1809 383 1851 inde
414 1809 510 1850 vilis
538 1809 577 1851 A
609 1822 706 1852 corr
737 1810 798 1852 B:
832 1809 895 1853 Ma
927 1811 1149 1865 indebilis,
1182 1817 1230 1852 ut
1259 1809 1386 1853 Bodl.
1421 1824 1470 1865 pr
1501 1809 1610 1851 Bud.
1644 1810 1754 1865 Reg.

1647 1693 1690 1735 4.
1725 1689 1919 1746 adoptius
1954 1688 2031 1735 Ma.

1619 1751 1660 1794 6.
1690 1750 1935 1804 beneficium
1952 1748 2031 1795 Ma.

1851 1810 1919 1853 10.
1956 1823 2034 1850 esc-

1139 1871 1206 1913 13.
1230 1877 1393 1913 sextum
1416 1871 1582 1914 editor:
1617 1869 1792 1912 codices
1823 1875 2034 1925 quartum.

1161 2014 1245 2064 lius
1281 2013 1411 2068 pretii
1455 2011 1880 2066 existimationisque
1905 2010 2035 2051 homo

1163 2073 1296 2129 (vilis)
1334 2072 1554 2123 evaderet,
1589 2071 1758 2113 Seneca
1778 2071 1820 2110 in
1855 2069 2035 2111 exilium

1161 2133 1393 2187 migraret3
1446 2130 1529 2171 hoc
1575 2135 1688 2171 statu
1734 2130 1938 2170 venirent
1991 2130 2033 2170 in

1164 2197 1304 2233 castra
1364 2190 1582 2245 praetoria
1642 2189 1818 2245 generis
1880 2188 2035 2229 huma-

1162 2252 1206 2291 ni
1247 2250 1445 2306 regimen
1487 2248 1831 2302 expostulantes.
1907 2245 2033 2290 Conf.

1163 2310 1213 2350 H.
1254 2309 1311 2350 lV
1354 2309 1434 2352 80:
1488 2307 1599 2349 unde
1639 2306 1850 2362 paulatim
1902 2306 2036 2347 levior

1162 2369 1370 2423 viliorque
1415 2366 1567 2408 haberi
1614 2366 1895 2422 (Antonius).
1958 2365 2035 2406 Li-

1163 2429 1315 2482 psiana
1340 2428 1593 2468 coniectura
1611 2426 1710 2466 inde
1735 2425 1883 2466 debilis
1905 2423 2034 2467 Orel-

1163 2487 1224 2528 lio
1246 2486 1426 2541 probata
1445 2484 1695 2527 resolvendi
1711 2485 1792 2525 arti
1811 2485 2032 2539 convenit,

1164 2546 1410 2588 sententiae
1444 2549 1685 2600 repugnat:
1729 2550 1826 2584 nam
1871 2543 2033 2596 debilis,

1165 2605 1207 2646 h.
1244 2619 1282 2647 e.
1328 2611 1480 2645 trunca
1527 2615 1681 2656 manu,
1729 2602 1891 2644 Burrus
1937 2615 2035 2644 esse

1163 2677 1250 2705 non
1284 2663 1429 2717 desiit,
1461 2675 1557 2704 cum
1578 2662 1718 2704 factus
1741 2667 1808 2704 est
1827 2662 2034 2716 praetorii

1164 2724 1429 2778 praefectus.
1478 2722 1677 2776 Ineptum
1713 2722 1848 2777 igitur
1881 2727 1947 2763 est
1965 2721 2034 2762 di-

1166 2796 1266 2825 cere
1318 2782 1428 2834 hoc,
1477 2782 1572 2823 fore
1617 2787 1664 2822 ut
1695 2793 1843 2821 rursus
1877 2780 2034 2822 debilis

1164 2841 1252 2884 fiat.
1309 2841 1432 2892 Quod
1457 2842 1601 2882 statim
1635 2841 1833 2895 sequitur
1858 2842 2035 2896 profes-

1162 2903 1280 2942 soria
1314 2899 1463 2956 linqua
1487 2901 1579 2958 (mit
1605 2898 2036 2941 sehulmeisterlicher

1164 2960 1330 3018 Zunqe)
1347 2966 1412 3001 est
1426 2958 1555 3009 ἅπαξ
1572 2958 1714 3016 λεγόμ
1724 2973 1853 3003 eveus:
1875 2959 2035 3013 quippe

1162 3020 1227 3060 ira
1260 3019 1456 3060 mulieris
1489 3018 1650 3060 atrocis
1683 3018 1858 3059 insolita
1888 3023 2035 3059 secta-

1164 3083 1234 3118 tur
1267 3083 1310 3119 et
1341 3077 1523 3132 profert.

1239 3135 1342 3191 Cap.
1383 3138 1449 3179 15.
1516 3150 1594 3191 quo
1627 3143 1790 3177 sextum
1829 3135 2034 3175 dccinmm

1163 3196 1316 3236 aetatis
1352 3209 1541 3235 annum:
1576 3195 1690 3249 quod
1729 3200 1828 3234 ante
1863 3206 1930 3233 mc
1963 3192 2032 3232 le-

1164 3253 1348 3308 gebatur
1379 3259 1575 3307 quartum
1608 3253 1828 3303 decimum,
1863 3251 2032 3304 planis-

1163 3312 1271 3352 sime
1311 3316 1528 3368 repugnat
1571 3313 1625 3352 iis
1676 3325 1786 3365 quae
1829 3323 1852 3350 a
1885 3308 2031 3350 'l'acito

1163 3369 1241 3410 ΧΙΙ
1276 3370 1330 3411 25
1365 3370 1417 3410 (le
1451 3375 1594 3410 aetate
1612 3370 1848 3411 Britannici
1876 3367 2031 3409 tradita

1163 3428 1366 3483 legimus,
1429 3428 1543 3469 Nero
1576 3430 1689 3469 enim
1724 3428 1807 3468 hoc
1837 3433 2032 3481 tempore

1165 3486 1467 3542 duodeviginti
1502 3499 1638 3527 annos
1670 3493 1795 3528 natus
1828 3492 1943 3538 erat,
1986 3492 2033 3526 ut

1167 3551 1346 3599 apparet
1388 3558 1442 3586 ex
1483 3545 1560 3587 Xll
1595 3545 1667 3598 58,
1701 3544 1799 3598 xm
1830 3545 1858 3588 6
1890 3543 2028 3600 (conf.

1167 3604 1344 3646 Sueton.
1382 3603 1483 3647 Ner.
1517 3604 1544 3648 6
1578 3610 1622 3647 et
1651 3605 1695 3657 8,
1731 3606 1860 3646 etiam
1881 3609 2029 3646 annot.

1167 3662 1217 3703 ad
1252 3661 1327 3705 XII
1342 3662 1439 3720 25),
1473 3663 1674 3720 idemque
1701 3662 1870 3707 biennio
1892 3662 2032 3708 maior

1668 1233 1823 1285 Simul
1864 1234 2034 1285 inten-
2049 1243 2097 1284 ιο
