2280 4004
239 235 336 298 -3203
1011 239 1313 294 ΑΝΝΑιινιι
1812 255 1852 289 a.
1870 255 1931 289 ru.
1959 243 2065 305 ¹779.

242 388 544 450 auctamque
600 383 764 434 adhuc
809 383 1062 451 Lydorum
1116 385 1418 451 opulentiam
1479 386 1647 439 missis
1698 387 1751 438 in
1785 388 2067 441 Graeciam

242 475 460 541 populis,
501 474 580 525 cui
608 490 726 526 mox
760 490 788 525 a
813 475 997 540 Pelope
1024 490 1227 528 nomen.
1303 477 1460 529 Simul
1486 461 1685 530 ⁴litteras
1711 477 2068 544 imperatorum

246 570 295 617 et
351 565 451 617 icta
499 566 765 617 nobiscum
818 565 1047 620 foedera..
1083 567 1218 618 bello
1269 568 1638 634 Macedonum,
1690 552 2071 636 ubertatemque

243 655 499 707 fluminum
538 670 772 721 suorum,
837 651 1131 723 temperiem
1187 658 1315 710 caeli
1368 675 1429 711 ac
1483 659 1613 711 dites
1671 659 1862 724 circum
1906 663 2071 711 terras

199 765 229 807 ⁴5
246 747 608 799 memorabant.

245 837 366 890 Iove
405 845 545 891 ortus
583 839 717 904 illos,
759 839 871 892 sive
910 840 1133 892 Theseus
1171 841 1341 892 divina
1384 846 1434 893 et
1466 841 1576 908 ipse
1613 843 1788 909 stirpe,
1828 841 1939 894 sive
1973 856 2074 892 una

232 931 561 1004 ‘Amazonum
623 931 969 997 condidisset,
1033 933 1401 985 transcendere
1457 933 1520 985 ad
1578 949 1637 985 ea
1691 933 1803 1000 quis
1856 932 2074 986 maxime

235 1020 466 1094 'fidebant
524 1022 576 1072 in
619 1022 855 1089 populum
895 1024 1172 1076 Romanum
1226 1023 1435 1090 officiis,
1502 1024 1656 1076 missa
1711 1023 1881 1081 navali
1928 1023 2074 1091 copia

248 1127 349 1163 non
386 1113 538 1164 modo
576 1119 783 1167 externa
822 1115 884 1166 ad
923 1114 1086 1180 bella,
1133 1115 1225 1167 sed
1269 1130 1398 1182 quae
1436 1115 1486 1165 in
1523 1115 1663 1167 Italia
1700 1115 2046 1173 tolerabantur
2060 1133 2075 1179 3

174 1216 232 1272 ,ιο
248 1219 405 1270 seque
441 1204 631 1271 primos
668 1206 902 1271 templum
954 1206 1094 1257 urbis
1133 1208 1326 1259 Romae
1362 1207 1623 1272 statuisse,
1681 1207 1855 1259 Marco
1894 1207 2074 1259 Porcio

249 1296 489 1361 consule,
543 1297 742 1364 magnis
790 1297 990 1363 quidem
1028 1298 1126 1349 iam
1163 1298 1333 1364 populi
1372 1298 1584 1351 Romani
1622 1297 1803 1363 rebus,
1851 1298 2075 1350 nondum

248 1389 414 1437 tamen
450 1386 514 1438 ad
551 1402 796 1438 summum
836 1386 999 1451 elatis,
1041 1392 1205 1440 stante
1230 1388 1395 1440 adhuc
1421 1388 1606 1440 Punica
1644 1388 1772 1440 urbe
1808 1392 1858 1440 et
1891 1387 2076 1440 validis

236 1491 335 1551 vper
373 1477 548 1528 Asiam
586 1477 813 1545 regibus.
889 1476 1045 1530 Simul
1071 1477 1277 1529 Lucium
1315 1477 1502 1532 Sullam
1538 1483 1720 1530 testem
1754 1477 2076 1544 adferebant,

246 1567 553 1633 gravissimo
605 1568 657 1618 in
697 1567 992 1619 discrimine
1037 1568 1291 1620 exercitus
1344 1569 1409 1620 ob
1450 1569 1772 1635 asperitatem
1809 1568 1989 1621 hiemis
2029 1573 2078 1620 et

174 1673 230 1721 ‚15
246 1658 508 1724 penuriam
546 1658 738 1724 vestis,
800 1674 910 1709 cum
961 1658 1012 1708 id
1059 1658 1324 1726 Zmyrnam
1363 1661 1415 1710 in
1462 1661 1752 1712 contionem
1800 1660 2077 1712 nuntiatum

172 1735 174 1737 ’
248 1749 396 1815 soret,
429 1749 592 1800 omnis
632 1750 715 1816 qui
746 1750 1017 1801 adstabant
1045 1749 1330 1804 detraxisse
1360 1752 1563 1818 corpori
1600 1750 1823 1820 tegmina
1858 1751 2079 1803 nostris-

249 1852 346 1905 que
382 1837 674 1905 legionibus
714 1839 935 1892 misisse.
1026 1839 1098 1891 Ita
1133 1839 1303 1906 rogati
1354 1839 1659 1891 sententiam
1695 1846 1865 1906 patres
1900 1841 2079 1908 Zmyr-

245 1943 405 1980 naeos
440 1929 743 1995 praetulere.
820 1928 1128 1995 Censuitque
1150 1923 1326 1981 Vibius
1351 1929 1548 1981 Marsus
1584 1935 1638 1981 ut
1661 1930 1836 1983 Marco
1864 1931 2074 1998 Lepido,

249 2020 327 2070 cui
365 2035 422 2070 ea
458 2019 723 2086 provincia
760 2018 1070 2084 obvenerat,
1134 2034 1288 2085 super
1334 2034 1618 2094 numerum
1623 2020 1933 2089 legaretur,
1994 2021 2077 2088 qui

183 2127 236 2163 20
247 2110 415 2177 templi
455 2125 625 2161 curam
677 2109 974 2176 susciperet.
1067 2108 1129 2161 Et
1168 2109 1283 2175 quia
1307 2086 1539 2175 Lepidus
1579 2077 1956 2179 ipseffiTiZg‘Efe
1987 2126 2080 2178 per

247 2201 548 2254 modestiam
574 2200 844 2265 abnuebat,
856 2199 1088 2252 Valerius
1107 2200 1244 2252 Naso
1275 2215 1303 2252 e
1326 2200 1596 2266 praetoriis
1620 2205 1759 2253 sorte
1778 2200 1962 2254 missus
1985 2205 2076 2253 est.

406 2284 540 2343 Inter
600 2307 729 2357 quae
784 2291 870 2341 diu
918 2291 1159 2342 meditato
1222 2291 1521 2357 prolatoque
1576 2291 1781 2358 saepius
1841 2291 2076 2357 consilio,
2093 2296 2163 2346 5⁷

247 2382 449 2434 tandem
503 2382 693 2433 Caesar
739 2381 790 2431 in
845 2381 1168 2447 Campaniam
1208 2400 1276 2446 ae,
1349 2381 1524 2446 specie
1574 2381 1846 2433 dedicandi
1897 2381 2079 2448 templa

249 2473 378 2540 apud
419 2474 637 2539 Capuam
679 2472 814 2538 lovi,
858 2472 988 2538 apud
1023 2472 1202 2524 Nolam
1242 2471 1505 2539 AugustO,
1564 2472 1656 2524 sed
1696 2478 1862 2525 certus
1900 2472 2079 2541 procul

367 2606 408 2647 3.
446 2605 560 2646 dicta
591 2605 657 2646 M:
707 2605 840 2645 tacite
882 2606 1072 2645 correxit
1104 2603 1356 2645 Rhenanus.
1455 2606 1522 2647 10.
1559 2605 1619 2647 Μ.
1653 2604 1707 2647 Μ.
1833 2605 1902 2648 13.
1940 2605 1989 2647 L.
2023 2604 2076 2649 M.

255 2663 319 2706 16.
355 2678 442 2705 oms
478 2676 573 2704 cum
605 2662 756 2704 lin.lll.
852 2662 918 2704 18.
953 2663 1092 2704 uibius
1123 2676 1295 2704 marcus
1326 2663 1380 2704 M.
1477 2663 1537 2705 M.
1571 2664 1626 2705 M.
1718 2665 1790 2707 22.
1823 2665 1990 2718 inlerq3
2023 2664 2077 2706 M.

213 2758 216 2761 .
250 2724 322 2767 23.
357 2722 555 2764 defectus
587 2723 759 2778 signum
794 2727 860 2763 est
895 2722 947 2765 ab
985 2721 1184 2775 editore3
1218 2722 1322 2764 abiit
1355 2721 1458 2763 olim
1491 2721 1629 2764 fuisse
1661 2727 1782 2776 puto.
1845 2722 2001 2780 templa
2022 2723 2078 2776 M,

250 2792 337 2823 non
369 2781 572 2824 Ber-oaldi
605 2780 816 2838 templum.

341 2901 446 2959 Cap.
481 2904 551 2947 56.
615 2904 702 2945 sive
740 2902 918 2946 Theseus
950 2929 1004 2936 -—
1036 2904 1122 2945 sive
1287 2900 1390 2958 Cap.
1408 2903 1478 2946 57.
1530 2904 1697 2946 Caesar
1711 2903 2078 2961 inCampaniam:

702 748 770 799 At
807 748 1074 815 Zmyrnaei
1122 751 1335 816 repetita
1373 755 1652 816 vetustate,
1711 765 1804 803 seu
1837 749 2158 811 Tantalus56

251 2977 340 3007 una
357 2964 645 3005 Amazonum:
678 2963 734 3005 cf.
763 2965 903 3012 Γένος
920 2963 1001 3020 ‘Ou
1010 2963 1122 3020 η’ρου

255 3025 476 3079 (vitarum
527 3023 763 3076 scriptores
818 3024 1007 3063 minores
1054 3022 1120 3064 ed.

252 3083 556 3126 Westermann
588 3095 632 3136 p.
663 3081 759 3138 27),
785 3081 1123 3123 uhiPisistiatus

254 3141 307 3185 de
338 3142 550 3184 Homero:
588 3142 825 3216 ἡμέτερος
838 3132 931 3199 γὰρ
973 3149 1071 3185 xm
1076 3157 1125 3188 ος

254 3201 278 3244 ὁ
331 3202 534 3259 χρύσεος
587 3198 642 3255 ἦν
695 3195 933 3255 nol-trane,
991 3204 1122 3257 εἴπερ

249 3261 502 3314 Ἀθηαῖοι
532 3261 764 3319 Σμύρναν
807 3262 1122 3317 ἐπῳκίσαιιεν.

253 3320 410 3362 Strabo
452 3319 549 3360 XIV
588 3321 607 3361 l
649 3321 692 3370 §.
726 3318 769 3361 4.
831 3318 941 3360 Plin.
981 3319 1014 3359 V
1051 3318 1121 3361 31.

343 3378 493 3420 natali
526 3380 678 3434 copia.-
715 3378 770 3419 cf.
806 3383 952 3419 annot.
989 3377 1041 3418 ad
1065 3375 1123 3417 lv

254 3437 283 3479 4
316 3444 423 3479 exti.
508 3437 569 3479 M.
607 3437 756 3478 Porcio
791 3437 977 3488 consule,
1013 3435 1054 3477 h.
1083 3449 1122 3476 e.

256 3496 341 3539 559
374 3510 413 3538 a.
440 3509 480 3536 u.
607 3496 665 3537 M.
702 3495 884 3550 Lepido.-
922 3508 962 3537 v.
998 3494 1051 3535 ad
1070 3493 1125 3535 111

256 3553 342 3605 32;
377 3555 594 3611 leyarelur
627 3559 692 3595 est
722 3553 884 3611 leyalus
916 3554 1125 3597 decerne-

257 3619 388 3657 retur.

1208 2969 1305 3016 post
1350 2963 1458 3005 haec
1498 2962 1653 3005 deesse
1698 2962 1880 3005 verbum
1921 2964 2075 3020 liquet.

1210 3021 1344 3075 Lipsii
1379 3023 1630 3063 coniectura
1665 3022 1831 3064 Caesar
1860 3023 1910 3064 iit
1944 3023 2075 3064 Cam·

1203 3082 1384 3136 panium
1416 3093 1502 3121 non
1534 3083 1646 3135 sapit
1673 3080 1818 3122 stilum
1844 3079 2076 3123 Cornelia-

1209 3151 1326 3182 num.
1367 3139 1552 3192 Ellipsin
1577 3141 1648 3195 qui
1673 3145 1825 3193 putant
1847 3139 2078 3182 admissam

1212 3211 1331 3250 esse,
1382 3210 1467 3239 non
1523 3204 1836 3252 reputaverunt
1888 3211 1983 3241 eam
2023 3197 2077 3240 ab

1212 3258 1340 3298 huius
1374 3258 1459 3298 loci
1494 3263 1647 3300 tenore
1679 3257 1867 3301 alienam
1905 3271 2018 3301 esse.

1299 3316 1443 3358 rettuli
1454 3331 1466 3356 .·
1502 3330 1542 3359 v.
1579 3331 1616 3358 c.
1649 3315 1721 3359 41.
1831 3316 2078 3374 plerumque

1207 3389 1482 3430 permoveor.-
1527 3375 1628 3430 quid
1661 3375 1831 3417 Tacitus
1870 3375 2074 3427 voluerit,

1209 3434 1372 3475 clarum
1406 3440 1487 3486 est,
1521 3434 1598 3476 sed
1631 3436 1725 3489 ipsa
1756 3434 1919 3476 locutio
1953 3435 2076 3474 inso-

1209 3492 1301 3545 lita,
1335 3495 1409 3535 vix
1441 3493 1606 3535 Latina.
1660 3490 2074 3547 Equidememedio

1210 3552 1390 3594 verbum
1435 3553 1648 3607 ambigere
1681 3550 1895 3592 excidisse
1927 3552 2073 3604 suspi-

1212 3624 1309 3666 cor,
1351 3613 1555 3654 omissum
1589 3623 1614 3653 a
1646 3609 1824 3654 librario
1857 3609 1929 3668 qui
1966 3621 2075 3653 con-
