2280 4004
277 287 367 335 1³2
1039 277 1330 332 manvu
1844 302 1899 336 a.
1916 275 1962 337 ιι.
1992 275 2100 340 soe.

279 428 533 483 validiore
573 427 704 496 apud
742 426 986 482 libidines
1022 428 1266 497 principis
1303 426 1483 484 Paride
1533 444 1682 499 quam
1713 436 1769 486 ut
1801 449 1970 503 poena
2004 420 2102 490 ad-

277 521 529 574 ficeretur.
601 518 800 571 Plautus
838 519 901 571 ad
938 535 1183 586 praesens
1223 521 1426 574 silentio
1464 523 1791 578 transmissus
1828 528 1921 579 est.

415 611 724 664 Deferuntur
759 611 944 663 dehinc
986 613 1314 666 consensisse
1346 614 1508 667 Pallas
1546 631 1607 668 ac
1641 615 1847 685 BurruS,
1887 621 1942 670 ut
1973 618 2188 673 Cor-23

277 702 441 756 nelius
479 702 633 769 Sulla,
674 702 973 757 claritudine
1006 706 1213 773 ‘generis
1252 710 1302 758 et
1339 706 1596 760 adfinitate
1634 708 1858 776 Claudii,
1899 709 1979 763 cui
2011 726 2105 779 per

239 794 475 861 {nuptias
511 793 767 847 Antoniae
812 809 975 863 gener
1008 800 1147 862 erat,
1209 796 1274 849 ad
1321 796 1583 865 imperium
1622 805 1910 855 vocaretur.
1981 801 2104 856 Eius

278 886 620 939 accusationis
675 892 854 940 auctor
907 888 1068 941 extitit
1101 888 1282 942 Paetus
1325 889 1560 957 quidam,
1617 891 1923 946 exercendis
1972 891 2103 962 apud

276 977 530 1030 aerarium
580 978 893 1033 sectionibus
945 979 1170 1033 famosus
1235 984 1286 1034 et
1335 985 1438 1033 tum
1492 981 1728 1035 vanitatis
1789 983 2104 1037 manifestus.

274 1069 383 1123 Nec
418 1074 518 1121 tam
557 1074 702 1137 grata
738 1069 974 1122 Pallantis
1005 1071 1297 1123 innocentia
1326 1086 1474 1138 quam
1510 1073 1685 1141 gravis
1711 1074 1949 1141 superbia
1987 1074 2104 1128 ruit:

277 1159 459 1227 quippe
495 1160 766 1213 nominatis
803 1160 999 1214 libertis
1051 1161 1192 1228 eiuS‚
1251 1177 1378 1229 quos
1435 1163 1674 1216 conscios
1725 1163 1966 1230 haberet,
2016 1180 2108 1219 re-

213 1259 261 1307 io
275 1253 482 1319 spondit
506 1252 632 1304 nihil
659 1268 878 1320 unquam
916 1269 974 1306 se
1011 1253 1148 1306 domi
1184 1254 1284 1306 nisi
1318 1259 1440 1306 nutu
1469 1259 1554 1307 aut
1580 1271 1731 1308 manu
1764 1255 2104 1325 significasse,

275 1343 358 1395 vel
395 1344 438 1395 si
486 1343 630 1411 plura
667 1344 1062 1397 demonstranda
1106 1350 1306 1411 essent,
1369 1346 1560 1413 scripto
1593 1361 1767 1412 usum,
1823 1361 1890 1399 ne
1923 1361 2107 1400 vocem

278 1435 619 1487 consociaret.
695 1436 911 1501 BurruS,
957 1436 1184 1502 quamvis
1220 1451 1368 1502 reus,
1407 1437 1541 1489 inter
1571 1437 1770 1490 iudices
1807 1436 2109 1490 sententiam

277 1526 418 1579 dixit.
491 1527 811 1594 Exiliumque
859 1528 1148 1580 accusatori
1193 1527 1512 1596 inrogatum,
1566 1533 1617 1581 et
1659 1527 1862 1584 tabulae
1898 1533 2109 1584 exustae

278 1623 411 1685 sunt,
450 1619 630 1685 quibus
670 1619 955 1672 oblitterata
999 1620 1185 1672 aerarii
1223 1620 1427 1672 nomina
1466 1620 1774 1674 retrahebat.

212 1722 260 1766 ¹⁵
414 1711 537 1763 Fine
579 1711 698 1763 anni
732 1711 882 1764 statio
912 1711 1139 1764 cohortis
1173 1711 1413 1764 adsidere
1444 1711 1576 1764 ludis
1613 1712 1761 1765 solita
1790 1712 2105 1780 demovetur,
2120 1713 2194 1768 24

276 1815 375 1868 quo
413 1803 577 1854 maior
603 1803 802 1869 species
840 1803 1087 1855 libertatis
1120 1808 1273 1869 esset,
1312 1808 1465 1870 utque
1494 1803 1639 1856 miles
1673 1803 1909 1857 theatrali
1940 1804 2108 1858 licen-

274 1893 378 1945 tiae
415 1908 520 1946 non
555 1894 832 1961 permixtus
871 1894 1216 1962 incorruptior
1255 1900 1460 1964 ageret,
1525 1900 1575 1947 et
1612 1894 1788 1963 plebes
1831 1895 1978 1950 daret
2013 1912 2109 1950 ex-

395 2047 435 2088 1.
469 2047 544 2103 aff.
580 2046 651 2090 Or.
794 2050 837 2090 4.
884 2047 972 2105 cui]
1008 2060 1033 2103 q
1065 2062 1160 2091 cum
1212 2049 1291 2091 lin.
1334 2053 1530 2090 traversa
1576 2048 1685 2105 (qui)
1722 2046 1811 2091 Ma:
1858 2046 2108 2091 emendavit

273 2103 528 2149 Rhenanus.
629 2107 670 2150 7.
705 2107 897 2148 erarium
927 2106 1008 2149 Ma.
1105 2110 1173 2153 10.
1207 2108 1344 2151 nichil
1373 2106 1453 2151 Ma.
1555 2110 1716 2163 uquam
1746 2105 1826 2150 Ma.
1923 2109 1991 2152 13.
2023 2120 2108 2150 au-

273 2164 506 2221 xiliumque
536 2163 627 2208 Ma:
662 2165 915 2222 exiliumque
949 2166 996 2210 G.
1094 2176 1238 2212 eaeuste
1270 2166 1350 2210 Ma.
1448 2167 1515 2211 14.
1548 2168 1810 2209 monimenta
1842 2164 1923 2220 Ma,
1951 2180 2108 2210 monu-

272 2232 419 2267 menta
452 2225 508 2268 G:
541 2226 719 2267 nomina
750 2225 783 2269 Ι.
806 2225 875 2269 Fr.
912 2226 1174 2272 Gronovius.
1264 2226 1517 2271 retrahebat
1539 2224 1629 2270 Ma:
1664 2226 1698 2270 G
1727 2224 1939 2270 trahebat.
2033 2227 2103 2271 15.

270 2285 361 2339 tin&
393 2287 521 2329 annis
552 2283 643 2328 Ma:
677 2291 920 2329 correctum
952 2287 996 2328 in
1030 2286 1079 2329 G.

353 2428 458 2483 Cap.
486 2429 558 2473 23.
603 2444 684 2486 per
714 2431 886 2487 nuptias
904 2429 1147 2473 Antoniae.-
1235 2432 1393 2486 potuit.
1445 2429 1570 2482 Quod
1593 2429 1769 2472 codices
1786 2428 1999 2485 praebent
2013 2443 2108 2472 mo-

275 2487 364 2530 vid.
408 2488 462 2530 ad
501 2488 597 2530 XlIl
643 2490 710 2532 17.
779 2490 964 2533 Faustus
1013 2490 1149 2542 Sulla,
1235 2492 1427 2532 nimenta
1467 2503 1544 2546 pro
1609 2490 1884 2543 nominibus,
1942 2489 2110 2532 librarii

276 2561 415 2604 gener
448 2545 647 2601 Claudii,
694 2550 847 2591 consul
892 2555 984 2592 erat
1024 2564 1062 2592 a.
1095 2551 1153 2592 52
1237 2550 1390 2591 vitium
1415 2556 1507 2591 est:
1537 2563 1635 2592 nam
1657 2550 1826 2591 aerarii
1847 2550 2109 2592 monimenta

278 2606 440 2664 (805):
478 2606 552 2647 XII
584 2608 665 2660 523
703 2608 928 2664 relegatus
955 2615 1021 2650 est
1042 2622 1079 2650 a.
1096 2607 1152 2650 58
1237 2610 1360 2663 ipsae
1393 2608 1568 2650 tabulae
1600 2614 1700 2650 sunt
1730 2607 1858 2649 modo
1888 2620 2109 2650 memora-

278 2665 440 2722 (8102
467 2665 563 2707 Xlll
593 2665 674 2720 473
701 2669 988 2722 interemptus
1018 2668 1151 2710 a.62:
1239 2674 1334 2719 tae,
1370 2668 1414 2708 in
1447 2667 1604 2723 quibus
1638 2666 1860 2709 debitores
1892 2667 2108 2726 (nomina)

280 2724 379 2766 XIV
413 2725 484 2767 57.
589 2727 840 2769 exercendis
873 2727 988 2784 apud
1018 2740 1153 2768 aera..
1239 2727 1396 2769 Paetus
1428 2728 1760 2782 perscripserat.

277 2785 393 2826 ‘rium
435 2785 690 2827 sectionibus
729 2789 943 2842 famosus.-
995 2786 1152 2828 aerarii

278 2845 457 2885 nomina
487 2844 689 2886 acerbius
720 2860 847 2901 quam
867 2847 1050 2903 aequius
1072 2859 1153 2887 ex-
1314 2843 1418 2901 Cap.
1453 2845 1526 2889 24.
1584 2859 1638 2887 ex
1666 2858 1871 2902 responso
1904 2845 2110 2903 haruspi-

280 2903 497 2958 quirebat‚
531 2916 713 2959 quorum
747 2907 790 2946 in
823 2906 939 2947 bona
971 2905 1152 2948 damna·
1240 2919 1360 2947 cum.-
1387 2904 1665 2959 haruspicum
1685 2905 1924 2962 collegium
1938 2904 2111 2948 aclau-

281 2964 400 3004 tione
444 2968 488 3003 et
520 2962 644 3005 hasta
678 2964 745 3018 (h.
781 2979 819 3007 e.
854 2965 1150 3021 sectionibus)
1238 2965 1308 3006 dio
1339 2965 1613 3006 institutum:
1646 2978 1688 3007 v.
1711 2965 1768 3006 XI
1794 2965 1861 3008 15.
1906 2963 2110 3008 Ceterum

280 3022 487 3075 saeviret,
521 3022 881 3078 quemadmodum
900 3057 910 3076 ‚
945 3024 1022 3066 sed
1054 3024 1153 3066 aliis
1239 3032 1278 3066 et
1310 3025 1353 3066 in
1376 3022 1443 3066 Ma
1473 3036 1551 3079 pro
1584 3038 1639 3066 ezr
1668 3025 1885 3081 originem
1915 3024 2034 3080 cepit
2055 3036 2111 3067 ex

278 3083 325 3123 in
360 3081 519 3134 rebus,
555 3081 848 3125 Corbulonem
888 3084 1050 3125 fecisse
1084 3083 1154 3125 le-
1241 3097 1292 3125 ea
1324 3083 1530 3125 Italorum
1563 3084 1921 3138 pronuntiatione
1953 3097 2037 3140 qua
2058 3096 2112 3125 em

282 3143 424 3198 gimus
459 3140 516 3183 111
549 3143 621 3185 31.
680 3141 746 3184 Cf.
779 3143 831 3185 Η.
866 3142 883 3184 1
915 3144 973 3187 20
1006 3148 1049 3184 et
1081 3143 1152 3185 90.
1239 3143 1333 3185 sere
1367 3148 1581 3199 tamquam
1616 3157 1659 3185 es
1695 3144 1886 3186 effertur.
1953 3142 2021 3186 cf.
2044 3142 2112 3187 12

370 3208 410 3243 et
445 3201 616 3243 tabulae
649 3211 823 3245 eaeustae
856 3209 975 3255 sunt,
1010 3202 1156 3257 quibus
1238 3203 1359 3244 novis
1403 3217 1456 3244 ea:
1495 3202 1620 3245 rebus
1666 3203 1797 3245 aucei.
1861 3204 1920 3246 24
1968 3215 2022 3244 επ
2061 3214 2110 3243 re

283 3285 340 3294 ·—-
365 3260 642 3302 retrahebat.-
689 3275 785 3304 cum
819 3261 939 3304 Paeti
972 3260 1155 3304 menda-
1241 3262 1544 3304 consulturum.
1607 3260 1655 3304 G.
1707 3262 1764 3305 29
1805 3274 1895 3303 non
1933 3260 2110 3304 muttum

284 3321 392 3362 citas
426 3320 554 3361 modo
587 3323 764 3377 cognita
790 3328 906 3364 esset
929 3327 972 3363 et
995 3321 1155 3363 illustri
1242 3335 1295 3364 ex
1325 3323 1439 3378 ripa.
1491 3321 1655 3362 Plinius
1687 3320 1767 3362 XV
1787 3319 1847 3365 40
1868 3321 1972 3377 (30)
2007 3318 2107 3362 lau-

283 3379 546 3421 documento
572 3380 766 3434 probata,
801 3383 930 3423 etiam
961 3383 1004 3423 in
1031 3386 1156 3422 cete-
1240 3382 1424 3437 riferam
1455 3380 1648 3423 tellurem
1675 3379 1796 3422 illam
1824 3379 2038 3421 osculatus
2055 3390 2109 3419 ex

283 3441 343 3480 ris
386 3439 516 3480 rebus
569 3439 675 3482 fides
726 3442 765 3482 ei
819 3442 1029 3497 derogata
1073 3445 1153 3482 est.
1239 3454 1456 3497 responso.
1505 3440 1684 3494 Semper
1715 3445 1859 3481 tamen
1891 3452 1913 3479 e
1942 3450 1990 3478 re
2018 3449 2106 3494 pu-

285 3497 543 3540 Oblicterata
562 3500 920 3542 aerariinomina
945 3498 1155 3551 (Schuld-
1241 3499 1374 3553 blica,
1430 3499 1503 3541 ubi
1559 3499 1674 3540 idem
1723 3496 1839 3554 quod
1885 3494 1994 3536 utile
2040 3495 2106 3537 rei

283 3557 391 3613 titel)
425 3564 526 3599 sunt
558 3558 804 3612 debitores,
855 3572 1037 3615 quorum
1081 3571 1155 3600 aes
1240 3558 1460 3614 publicae,
1494 3564 1540 3599 ut
1574 3558 1611 3600 11
1641 3558 1713 3609 33,
1745 3555 1803 3598 111
1833 3555 1906 3608 53,
1938 3552 1998 3595 1v
2029 3555 2102 3598 31.

282 3615 474 3656 alienum
518 3618 687 3659 aerario
725 3618 985 3660 solvendum
1025 3617 1156 3660 certis
1342 3617 1446 3672 Cap.
1491 3618 1564 3662 25.
1637 3628 1721 3670 qua
1761 3613 1876 3656 Nero
1919 3612 2105 3656 itinera:

281 3675 527 3722 rationibus
548 3675 798 3736 tabulisque
827 3678 1042 3725 vindicari
1065 3689 1156 3724 nou
1240 3676 1295 3723 de
1328 3677 1480 3723 eadem
1517 3687 1567 3721 re
1607 3675 1665 3720 cf.
1697 3673 1879 3722 Sueten.
1911 3671 2013 3720 Ner.
2044 3670 2104 3724 26
