2280 4004
247 310 274 341 a
305 296 352 341 C.
385 298 458 343 65.
847 297 1013 342 LIBER
1043 299 1137 343 XV.
1201 298 1307 343 cst.
1342 300 1532 346 72-74.

1986 307 2073 348 309

249 446 458 506 senatu,
510 441 742 492 oratione
779 441 911 493 inter
946 445 1115 507 patres
1152 441 1352 505 habita,
1416 441 1635 493 edictum
1667 442 1799 509 apud
1835 443 2071 509 populum

249 538 299 585 et
338 532 527 584 collata
566 532 618 582 in
653 532 811 583 libros
858 532 1047 584 indicia
1099 532 1556 598 confessionesque
1594 533 1940 585 damnatorum
1979 535 2074 585 ad-

246 623 421 674 iunxit.
496 623 691 674 Etenim
743 624 925 674 crebro
975 623 1114 689 vulgi
1165 638 1370 674 rumore
1415 623 1765 688 lacerabatur,
1823 629 2074 690 tamquam

245 715 410 766 viros*
445 728 476 763 *
531 718 580 764 et
633 715 863 766 insontes
924 714 989 765 ob
1053 714 1295 764 invidiam
1354 718 1437 764 aut
1499 719 1683 765 metum
1754 715 2070 766 extinxisset.

247 806 478 858 Ceterum
506 809 734 870 coeptam
762 805 1079 870 adultamque
1117 810 1166 856 et
1203 804 1446 856 revictam
1471 805 1872 856 coniurationem
1907 819 2109 871 neques

245 902 364 948 tunc
399 897 695 947 dubitavere
727 896 906 962 quibus
942 911 1116 947 verum
1156 895 1404 947 noscendi
1441 911 1562 946 cura
1602 901 1727 960 erat,
1767 901 1816 947 et
1854 896 2073 947 fatentur

247 989 488 1055 qui‘post
539 987 792 1038 interitum
830 987 1048 1039 Neronis
1104 987 1156 1036 in
1205 987 1381 1038 urbem
1427 987 1655 1054 regressi
1711 992 1841 1037 sunt.
1914 987 1982 1037 At
2021 988 2074 1038 in

245 1084 425 1131 senatu
463 1079 676 1142 cunctiS,
718 1082 771 1128 ut
809 1079 991 1143 cuique
1021 1077 1283 1143 plurimum
1326 1078 1601 1142 maeroriS,
1640 1078 1692 1127 in
1733 1078 2072 1128 adulationem

247 1169 517 1233 demissiS‚
576 1169 767 1219 Iunium
805 1168 1087 1219 Gallionem
1129 1169 1357 1220 Senecae
1407 1169 1579 1219 fratris
1634 1174 1796 1220 morte
1834 1169 2071 1235 pavidum

246 1265 296 1312 et
331 1275 423 1326 pro
461 1275 550 1311 sua
586 1259 930 1310 incolumitate
966 1259 1242 1324 supplicem
1278 1259 1527 1323 increpuit
1561 1259 1791 1311 Salienus
1822 1260 2070 1324 ClemenS,
2091 1276 2137 1311 ιο

245 1351 441 1402 hostem
482 1355 532 1402 et
568 1350 874 1416 parricidam
909 1365 1132 1414 vocans,
1172 1350 1338 1401 donec
1380 1364 1635 1402 consensu
1665 1356 1860 1416 patrum
1899 1352 2074 1402 deter-

245 1442 371 1493 ritus
412 1446 519 1505 est,
561 1456 625 1491 ne
663 1441 876 1506 publicis
917 1441 1060 1491 malis
1104 1441 1238 1492 abuti
1279 1441 1342 1492 ad
1383 1442 1709 1492 occasionem
1743 1442 1926 1507 privati
1967 1442 2072 1492 odii

246 1533 535 1597 videretur,
594 1547 693 1583 neu
731 1533 1010 1597 composita
1064 1537 1147 1582 aut
1184 1532 1470 1583 oblitterata
1511 1533 1895 1584 mansuetudine
1932 1534 2075 1598 prin-

161 1630 231 1679 74
247 1623 373 1690 cipis
424 1638 608 1674 novam
658 1623 721 1673 ad
765 1622 1028 1673 saevitiam
1072 1622 1369 1673 retraheret.
1445 1623 1564 1672 Tum
1606 1622 1811 1674 decreta
1850 1623 1983 1674 dona
2024 1629 2074 1674 et

245 1719 416 1782 grates
476 1714 613 1777 deiS,
675 1713 1009 1778 propriusque
1058 1712 1223 1763 honos
1275 1712 1381 1765 Soli
1434 1713 1543 1776 (cui
1595 1718 1672 1764 est
1718 1719 1863 1765 vetus
1917 1714 2071 1766 aedes
2089 1724 2136 1760 1⁵

364 1884 406 1925 2.
441 1881 767 1937 dampnatorum
796 1880 1021 1922 adiuncoeit
1051 1878 1130 1921 Ma.
1225 1883 1266 1925 3.
1300 1887 1416 1935 tanq.
1449 1878 1530 1921 Ma.
1621 1880 1663 1923 4.
1699 1887 1739 1922 et
1769 1881 1958 1923 insontes
1989 1880 2072 1935 Ma,

245 1941 279 1984 G
309 1949 349 1984 et
378 1942 593 1982 insontos:
624 1941 814 1981 insontes
845 1938 891 1980 G.
982 1941 1277 1983 exstincxisset
1294 1938 1372 1982 Ma.
1468 1940 1510 1981 5.
1546 1946 1711 1995 ceptam
1742 1938 1821 1982 Ma.
1919 1941 1960 1983 9.
2003 1941 2073 1982 di-

243 2002 380 2043 missis
413 1999 536 2042 Gala:
589 1999 863 2041 emendatum
896 2012 921 2040 a
951 1998 1207 2041 Puteolano.

1365 2000 1432 2041 13.
1469 1998 1702 2053 composita
1743 2006 1818 2040 aut
1850 1999 2077 2041 obliterata

242 2059 571 2103 mansuetudine
601 2059 640 2100 M
674 2064 717 2100 et
749 2059 783 2100 G
825 2059 879 2113 (is
911 2058 1171 2112 oblitterata)
1207 2063 1250 2099 et
1283 2058 1451 2099 ceteri:
1498 2058 1688 2098 correxit
1718 2057 1905 2111 Lipsius.
2002 2058 2071 2101 14.

243 2121 439 2162 seuitiam
470 2117 548 2161 Ma.

645 2124 730 2159 tum
762 2118 935 2158 decreta
967 2143 1022 2149 -—
1056 2118 1144 2159 deis
1177 2117 1339 2159 editor:
1373 2115 1437 2158 Ma
1463 2124 1548 2158 tum
1580 2117 1754 2158 decreta
1785 2142 1840 2148 —
1873 2117 1962 2158 deis
1995 2118 2073 2158 de-

246 2186 494 2231 cernuntur,
529 2178 562 2220 1.
584 2176 654 2219 Fr.
676 2177 921 2219 Gronovius
957 2183 1041 2218 tum
1075 2178 1191 2219 dona
1210 2203 1258 2211 -
1283 2176 1371 2218 deis
1409 2176 1710 2229 decernuntur,
1746 2182 1789 2218 et
1821 2177 1883 2218 ita
1916 2176 2069 2233 vulgo.

247 2321 403 2363 tarium
455 2332 606 2361 munus
649 2332 678 2360 a
726 2319 896 2362 Vatinio
952 2318 1118 2359 celebre

246 2381 462 2422 edebatur.
522 2379 717 2420 Vatinius
735 2380 849 2420 inter
869 2378 1119 2432 foedissima

246 2441 335 2481 eius
356 2439 483 2480 aulae
507 2444 672 2479 ostenta
692 2439 788 2492 fuit,
811 2442 895 2478 cet.
926 2436 1025 2477 XVI
1049 2437 1116 2489 18,

249 2505 477 2554 postquam
527 2510 620 2551 cap.
659 2497 709 2538 17
750 2496 974 2538 Petronius
1021 2509 1116 2537 cum

245 2557 346 2600 aliis
374 2557 620 2598 nominatus
653 2561 770 2608 erat,
803 2556 1029 2611 pergitur:
1068 2555 1118 2596 de

247 2618 356 2659 Gaio
390 2616 587 2658 Petronio
630 2628 776 2671 pauca
815 2628 948 2670 supra
989 2628 1116 2669 repe-

247 2677 375 2719 tenda
420 2681 531 2717 sunt.
626 2675 901 2728 Quapropter
945 2673 1116 2714 Tacitus

246 2735 421 2778 videtur
453 2735 682 2788 scripsisse
716 2746 826 2788 quae
858 2734 902 2773 in
929 2739 1115 2774 annota-

246 2797 368 2837 tione
404 2794 631 2847 superiore
668 2793 872 2845 prompsi,
905 2792 982 2833 sed
1013 2791 1116 2833 vul..

249 2860 392 2911 gatam
418 2852 603 2892 toleravi
636 2852 845 2892 audaciae
870 2850 1041 2904 culpam
1075 2856 1118 2891 et

249 2910 438 2954 novandi
473 2910 718 2964 cupidinem
751 2910 981 2950 vitaturus.

337 2971 437 3025 quia
467 2983 582 3011 nunc
621 2970 803 3025 primum
835 2967 997 3009 oblatus
1030 2973 1116 3008 est:

249 3031 376 3087 plura
407 3031 450 3070 in
489 3035 682 3070 extrema
726 3033 847 3081 parte
883 3026 1117 3068 Annalium

251 3091 304 3132 de
335 3087 599 3143 Nymphidio
642 3088 871 3140 imperium
904 3085 987 3127 sibi
1018 3098 1116 3126 mo-

250 3149 388 3190 liente
435 3147 626 3188 narravit
684 3144 809 3185 nobis
875 3145 1114 3200 incognita.

253 3206 320 3248 Cf.
355 3207 406 3249 H.
442 3207 459 3246 l
491 3207 517 3249 5
548 3218 644 3247 cum
677 3210 822 3246 annot.

341 3322 445 3376 Cap.
479 3323 549 3365 73.

255 3382 454 3424 cabulum
496 3382 657 3423 nobiles
700 3380 774 3422 vel
809 3380 952 3421 claros
994 3380 1119 3420 exci-

254 3442 369 3482 disse
414 3446 608 3493 apertum
643 3445 732 3491 est,
787 3451 1042 3494 quamquam
1075 3439 1117 3478 in

255 3499 479 3542 codicibus
522 3498 688 3540 nullum
728 3497 934 3539 indicium
978 3497 1119 3538 hiatus

254 3561 382 3601 inest.
434 3557 770 3613 Bezzenberger
793 3555 984 3598 coniecit
1018 3562 1119 3596 tan-

254 3631 379 3673 quam
407 3617 520 3658 ultro
551 3622 590 3657 et
618 3618 820 3668 insontes,
852 3614 930 3657 sed
960 3626 1117 3656 nomen

253 3676 368 3726 viros
389 3674 630 3731 suspicioni
650 3673 764 3718 haud
784 3672 1020 3717 obnoxium
1038 3676 1118 3716 ent.

618 3322 756 3363 viros.-
788 3327 885 3375 post
916 3321 1001 3362 hoc
1032 3333 1116 3361 vo-

1291 2318 1426 2359 donec
1454 2331 1662 2360 consensu
1688 2324 1860 2373 patrum
1893 2319 2074 2361 deterri·

1203 2383 1266 2418 tus
1299 2383 1383 2428 est,
1416 2390 1497 2418 ne:
1549 2378 1847 2418 hexametrum
1888 2391 1985 2422 esse
2020 2379 2074 2420 ad

1202 2435 1220 2476 Ι
1266 2437 1285 2475 1
1335 2437 1499 2476 monui.
1579 2435 1719 2477 Gallio
1765 2450 1881 2479 nunc
1928 2444 2075 2479 trans-

1200 2495 1373 2548 missus,
1406 2500 1504 2549 post
1524 2501 1666 2537 tamen
1687 2508 1711 2535 a
1735 2495 1909 2538 Nerone
1933 2499 2074 2538 inter-

1200 2553 1343 2595 fectus
1378 2561 1469 2596 est:
1502 2554 1584 2595 Dio
1618 2554 1731 2607 apud
1763 2555 1928 2608 Xiphil.
1962 2555 2076 2597 LXII

1200 2613 1279 2655 25:
1313 2618 1392 2656 καὶ
1424 2616 1472 2656 οἱ
1501 2613 1701 2669 ἀδελφοὶ
1744 2613 1945 2669 ὕστερον
1991 2618 2076 2659 ἐπ-

1200 2673 1458 2717 anal-orto.
1522 2672 1693 2713 Fratres
1718 2672 1913 2715 Senecae
1950 2675 2075 2716 fuere

1199 2732 1404 2774 Annaeus
1440 2731 1554 2773 Mela
1585 2731 1747 2772 Lucani
1778 2739 1915 2785 pater,
1950 2747 1988 2774 a.
2018 2733 2075 2775 66

1200 2790 1396 2832 sublatus
1431 2790 1552 2846 (XVI
1591 2792 1684 2846 17),
1720 2796 1762 2831 et
1796 2791 1944 2832 lunius
1967 2791 2072 2832 Gal-

1199 2849 1288 2900 lio,
1348 2855 1476 2898 ante,
1505 2849 1559 2890 M.
1602 2850 1807 2890 Annaeus
1862 2850 2073 2893 Novatus.

1201 2907 1413 2948 Gallionis
1454 2907 1632 2951 caedem
1674 2908 1718 2947 in
1763 2908 1945 2962 perditis
1975 2909 2071 2949 An-

1198 2966 1362 3008 nalium
1393 2966 1587 3022 partibus
1615 2966 1787 3008 Tacitus
1825 2969 2033 3010 narravit.

1278 3084 1381 3138 Cap.
1401 3085 1472 3126 74.
1523 3085 1696 3125 decreta
1719 3084 1832 3125 dona
1860 3090 1900 3125 et
1930 3091 2074 3139 yrates

1198 3144 1311 3184 deis.-
1327 3149 1426 3196 post
1443 3155 1597 3184 vocem
1621 3143 1708 3184 deis
1728 3149 1801 3183 aut
1826 3143 2074 3199 διττογρα-

1199 3207 1313 3260 φίας
1347 3214 1493 3243 errore
1526 3201 1814 3242 decernuntur
1842 3203 2074 3255 repetitum

1199 3267 1264 3303 est
1288 3267 1361 3302 aut
1378 3260 1489 3301 falsa
1504 3261 1713 3313 opinione
1734 3260 1920 3302 alicuius
1947 3262 2073 3303 adie-

1200 3326 1336 3371 ctum,
1377 3320 1450 3374 qui
1483 3319 1597 3361 dona
1633 3326 1673 3360 et
1701 3327 1845 3374 yrates
1879 3331 1991 3372 non,
2023 3327 2072 3361 ut

1200 3379 1363 3430 debuit,
1398 3379 1553 3428 iunxit,
1575 3378 1652 3419 sed
1682 3378 1795 3418 dona
1824 3378 2071 3421 hominibus

1200 3438 1311 3489 data,
1335 3443 1479 3492 grates
1512 3436 1605 3478 deis
1626 3436 1824 3478 decretas
1858 3438 2069 3479 crederet.

1202 3497 1287 3538 Sed
1318 3502 1543 3551 postquam
1571 3494 1754 3537 relatum
1779 3496 1965 3552 legimus
1986 3497 2070 3538 Mi-

1202 3554 1366 3596 lichum
1430 3555 1744 3596 coniurationis
1803 3555 2068 3609 proditorem

1197 3613 1403 3670 praemiis
1451 3613 1627 3655 ditatum
1670 3625 1767 3655 esse
1819 3616 1936 3669 (cap.
1972 3612 2069 3670 71),

1205 3671 1489 3727 praetorianis
1542 3670 1645 3715 bina
1690 3680 1908 3716 nummum
1949 3669 2070 3715 milia
