2280 4004
280 305 306 336 a
338 291 386 335 O.
424 293 490 336 17.
515 294 526 319 ⁷-
856 289 1018 334 LIBER
1048 287 1099 332 11.
1163 289 1269 333 CAr.
1303 289 1494 335 48—50.

2014 281 2105 336 338

281 430 587 498 cceptasque
624 431 687 481 ab
711 424 945 498 Augusto
986 430 1255 494 dedicavit,
1286 431 1472 483 Libero
1500 431 1815 498 Liberaeque
1850 438 1900 485 et
1926 434 2103 489 Cereri

279 524 416 575 iuxta
448 523 636 574 circum
662 523 944 587 maximum,
955 522 1304 593 guam-‘Aulus
1321 523 1600 575 Postumius
1629 523 1848 575 dictator
1872 533 2100 578 voverat.

279 615 572 679 Eodemque
607 614 657 663 in
695 614 810 664 loco
848 614 1025 666 aedem
1062 613 1241 664 Florae
1281 613 1342 664 ab
1386 615 1542 665 Lucio
1583 620 1633 666 et
1656 616 1829 667 Marco
1863 617 2102 670 Publiciis

282 707 529 759 aedilibus
588 706 934 770 constitutam,
996 712 1045 756 et
1080 707 1199 757 Iano
1247 707 1510 772 templum,
1575 708 1706 773 quod
1755 709 1884 774 apud
1935 709 2101 760 sorum

281 797 544 867 Olitorium
581 796 734 846 Gaius
773 797 966 847 Duilius
1006 802 1287 861 struxerat,
1333 798 1416 863 qui
1455 798 1642 863 primus
1680 813 1787 849 rem
1824 800 2141 855 Romanami
2182 838 2184 840 -

277 873 519 955 prospere
576 887 700 937 mari
742 887 904 953 gessit
941 888 1340 953 triumphumque
1390 889 1618 940 navalem
1671 889 1734 940 de
1768 890 1950 941 Poenis
1990 906 2102 941 me·-

278 981 390 1057 ruit.
465 979 580 1045 Spei
619 977 773 1029 aedes
808 993 835 1028 a
862 977 1164 1030 Germanico
1193 983 1451 1031 sacratur:
1495 980 1625 1031 hanc
1664 980 1848 1032 Atilius
1888 986 2102 1035 voverat

277 1071 457 1123 eodem
496 1069 646 1121 bello.

413 1160 757 1212 Adolescebat
780 1162 974 1212 interea
1007 1161 1091 1212 lex
1115 1161 1409 1213 maiestatis.
1470 1162 1531 1212 Et
1554 1161 1818 1227 Apuleium
1842 1162 2099 1227 Variliam,

274 1253 469 1304 sororis
509 1253 724 1319 Augusti
777 1257 1006 1318 neptem,
1066 1252 1181 1318 quia
1233 1253 1498 1318 probrosis
1551 1253 1872 1304 sermonibus
1932 1253 2167 1304 divumio

272 1343 553 1412 Augustum
591 1360 651 1395 ac
688 1344 940 1395 Tiberium
981 1348 1029 1394 et
1066 1349 1275 1395 matrem
1313 1345 1421 1395 eius
1461 1344 1749 1409 inlusisset,
1791 1345 2101 1411 Caesarique

274 1448 503 1486 connexa
556 1433 803 1485 adulterio
863 1438 1147 1496 teneretur,
1207 1435 1521 1485 ma1cstat1s
1523 1431 1741 1486 delator
1790 1436 2099 1487 arcessebat

270 1525 346 1577 De
380 1524 628 1578 adulterio
667 1527 790 1576 satis
834 1524 1004 1575 caveri
1042 1525 1158 1590 lege
1196 1505 1335 1575 Iulia
1355 1526 1548 1575 v1sum:
1585 1504 1864 1577 maiestatis
1908 1527 2101 1577 crimen

190 1161 262 1208 50

390 1687 430 1728 2.
466 1698 570 1739 quas
603 1685 666 1726 M:
718 1683 1137 1737 correxit-Lipsius.

271 1743 526 1786 Beroaldus.

271 1809 313 1846 4.
347 1810 451 1860 aput
481 1804 533 1846 M.
598 1805 640 1846 5.
674 1802 918 1844 holitorium
952 1802 1003 1844 M.
1078 1803 1124 1844 C.

271 1869 497 1905 tentatum.

271 1923 312 1966 9.
346 1922 455 1978 App.
489 1922 561 1965 Or.
628 1924 696 1966 12.
731 1935 897 1963 conexa
933 1921 985 1963 M.

273 2072 303 2113 ii
337 2076 501 2112 temere
536 2070 800 2121 iudicarunt,
832 2082 976 2124 neque
1008 2082 1142 2123 repu-

273 2136 495 2181 taverunt,
536 2129 670 2192 verba
709 2129 824 2185 legis
867 2141 987 2180 esse,
1030 2141 1142 2183 quae

274 2189 498 2231 luculente
539 2202 590 2229 ac
624 2187 727 2229 sine
776 2187 1006 2241 ellipsibus
1037 2199 1143 2241 pro-

276 2247 454 2290 ferenda
505 2253 642 2289 erant.
704 2245 906 2288 Concinit
957 2246 1140 2299 Dionys.

274 2308 388 2348 A.nt
421 2305 542 2349 V19
580 2307 639 2349 4¹
686 2309 803 2349 ιαοῦ
853 2320 1145 2353 κατασκευης

274 2369 561 2438 ἐξεμίσθωσε
574 2366 648 2420 (Α.
662 2365 907 2406 Postumius
921 2366 1004 2407 257
1020 2378 1057 2406 a.
1074 2369 1140 2420 u.)

272 2426 485 2484 Alaenoi
525 2431 601 2468 καὶ
638 2424 850 2480 Διονυσῳ
894 2428 970 2466 καὶ
1007 2426 1141 2482 Κόων]

273 2486 373 2527 και’
406 2483 558 2541 εὐχήν.
620 2483 705 2525 Iam
738 2496 844 2525 vero
864 2465 1141 2536 Capitolium,

273 2543 464 2600 ingentis
498 2543 858 2612 magnificentiae
893 2555 1034 2596 opuS,
1099 2543 1141 2582 in

275 2603 641 2658 comparationem
680 2604 827 2644 vocari
868 2603 1019 2657 utique
1060 2615 1143 2643 ne-

274 2664 398 2717 quit:
459 2661 502 2702 id
556 2662 701 2713 enim,
759 2663 920 2717 quippe
972 2674 1140 2702 sacrum

274 2722 411 2763 tribus
443 2721 619 2762 summis
659 2719 868 2762 Etruscae
912 2720 1142 2776 religionis

275 2779 545 2832 numinibus,
591 2779 684 2820 lovi
716 2778 870 2820 Iunoni
903 2780 1141 2830 Minervae,

276 2851 362 2879 non
411 2837 551 2880 solum
613 2843 700 2879 tres
757 2838 892 2880 cellas
942 2838 1019 2879 sed
1063 2839 1143 2879 tria

275 2897 437 2950 templa
460 2898 555 2938 sive
579 2896 710 2938 aedes
734 2896 1143 2950 comprehendebat.

276 2954 473 2996 Formam
518 2968 621 3009 quas
664 2956 839 3009 scripsit
885 2956 957 3011 qui
991 2955 1143 2997 oculos

277 3025 379 3055 suos
409 3013 463 3055 ad
493 3013 695 3055 Liberum
726 3013 923 3055 Liberam
973 3019 1017 3055 et
1056 3013 1144 3056 Ce-

279 3085 416 3114 rerem
449 3085 682 3114 conversos
715 3073 887 3115 direxit.

375 3132 426 3172 ab
476 3131 607 3173 Lucio
658 3139 696 3173 et
746 3133 898 3176 Marco
949 3133 1144 3176 Publiciis

279 3192 572 3231 constitutam.-
608 3192 724 3233 conl’.
762 3193 897 3233 Varro
932 3192 984 3232 «h
1019 3193 1063 3233 1,.
1098 3193 1141 3234 l.

284 3249 318 3287 V
358 3250 403 3299 δ.
456 3249 563 3300 158,
617 3250 741 3291 ovid.
797 3250 910 3291 Fust.
963 3252 998 3291 V
1042 3252 1142 3302 28»,

281 3306 432 3347 Festus
464 3319 498 3348 s.
531 3320 572 3347 v.
610 3307 818 3349 Publicius
852 3309 994 3351 clivus.

365 3365 474 3419 quod
511 3366 624 3420 apud
663 3370 804 3420 sorum
837 3368 1057 3409 olitorium
1093 3367 1140 3407 (“.

282 3424 449 3466 Duilius
499 3432 745 3466 struxerat:
812 3425 919 3466 have
973 3427 1140 3466 adiecta

277 3488 391 3535 sunt,
424 3488 470 3524 ut
488 3481 614 3524 lanus
635 3496 760 3539 quem
784 3485 939 3524 struxit
955 3484 1141 3534 Duilius,

279 3555 303 3583 a
334 3541 436 3584 lano
451 3542 645 3598 Bifronte
677 3543 771 3583 sive
792 3543 982 3594 Gemino,
1016 3555 1142 3598 quem

279 3600 414 3645 Numa
444 3602 499 3645 ad
529 3601 722 3646 infimum
747 3601 994 3659 Argiletum
1021 3600 1144 3644 aedi*

281 3659 426 3706 flcuvu
464 3655 582 3718 (Liv.
614 3660 633 3707 1
666 3660 766 3719 19),
809 3660 1144 3705 discerneretur.

606 1864 646 1906 7.
679 1876 708 1903 a
738 1862 1005 1903 Beroaldus:
1057 1862 1094 1903 Μ
1134 1862 1194 1903 iu.

1262 1684 1529 1738 apostumius»
1554 1684 1617 1725 M:
1661 1683 1797 1725 Aulus
1835 1683 2101 1725 Posthumius

676 1745 719 1786 3.
754 1744 918 1801 aedem]
967 1744 1079 1784 aead
1127 1745 1248 1798 (cum
1282 1743 1358 1784 lin.
1405 1748 1524 1785 recta
1564 1756 1694 1797 super
1741 1742 1926 1784 alterum
1960 1748 2010 1800 a)
2044 1743 2098 1784 M.

1205 1835 1214 1844 .
1288 1802 1444 1843 dullius
1476 1803 1543 1854 M,
1579 1802 1621 1844 h.
1657 1816 1694 1844 e.
1738 1802 1907 1844 Duilius
1941 1802 2101 1847 leviter

1294 1860 1473 1902 iatillius
1505 1862 1567 1903 M:
1617 1862 1807 1903 correxit
1842 1861 2098 1903 Beroaldus.

1227 2069 1353 2109 Ianus
1393 2068 1558 2110 Numae
1605 2068 1688 2108 fuit
1731 2068 1784 2108 ad
1827 2068 1967 2110 forum
2009 2069 2102 2110 Ro-

1228 2141 1400 2168 manum
1442 2128 1485 2167 in
1531 2133 1685 2168 octava
1728 2126 1844 2168 urbis
1885 2128 2100 2183 Regione,

1228 2186 1365 2228 Duilii
1399 2188 1443 2227 in
1476 2186 1571 2227 foro
1595 2185 1781 2228 Olitorio
1810 2186 1863 2227 ad
1886 2186 2100 2227 theatrum

1228 2245 1422 2287 Marcelli
1471 2258 1607 2299 prope
1655 2244 1841 2286 Tiberim
1887 2247 1932 2286 in
1984 2245 2101 2286 urbis

1227 2306 1409 2360 regione
1442 2317 1570 2346 nona.
1630 2304 1867 2359 Utrumque
1899 2305 2101 2358 imperite

1229 2365 1503 2405 commiscuit
1564 2364 1741 2405 Servius
1804 2363 1857 2403 ad
1926 2363 2101 2419 Virgilii

1227 2424 1337 2464 Aen.
1369 2422 1556 2466 v1607:
1590 2423 1834 2464 sacrarium
1859 2422 1939 2463 hoc
1962 2423 2104 2463 Numa

1229 2482 1458 2537 Pompilius
1489 2485 1657 2537 fecerat
1689 2484 1809 2523 circa
1840 2482 1970 2523 imum
2009 2482 2101 2522 Ar-

1226 2540 1398 2595 9iletum
1444 2543 1567 2582 inacta
1621 2541 1831 2582 theatrum
1884 2539 2100 2581 Marcelli.

1228 2599 1295 2642 Cf.
1316 2599 1504 2642 Beckeri
1536 2600 1759 2642 Enchirid.
1794 2600 1941 2654 Antiq.
1976 2599 2098 2641 Rom.

1227 2665 1256 2700 t.
1291 2661 1307 2700 1
1341 2673 1382 2714 p.
1418 2660 1518 2704 259.

1316 2719 1430 2760 lianc
1491 2718 1648 2761 Atilius
1708 2725 1914 2760 voverat:
1978 2718 2102 2758 vovit

1226 2777 1387 2819 Atilius
1441 2777 1662 2821 Calatinus
1711 2777 1864 2819 consul
1916 2790 1954 2818 a.
1998 2776 2099 2827 496,

1228 2836 1493 2890 triumphum
1513 2838 1695 2891 adeptus
1716 2837 1826 2879 497:
1860 2834 2015 2876 Cicero
2048 2835 2100 2876 dc

1227 2895 1419 2951 Legibus
1452 2895 1487 2936 11
1524 2898 1597 2947 11,
1652 2895 1801 2937 Livius
1833 2894 1950 2949 Epit.
1985 2893 2102 2937 XVII

1229 2960 1272 2996 et
1304 2953 1399 2995 XXI
1430 2955 1502 3007 62,
1536 2955 1690 2996 Florus
1723 2954 1760 2995 Il
1793 2957 1821 2997 2
1857 2956 1924 2997 12.

1331 3012 1435 3068 Cap.
1477 3015 1549 3058 50.
1612 3014 1870 3069 Apuleium.-
1934 3012 2099 3055 Orellio

1229 3073 1300 3129 qui
1346 3078 1390 3114 ct
1444 3073 1515 3114 hic
1561 3079 1604 3114 et
1654 3073 1782 3126 paulo
1832 3078 1930 3126 post
1981 3071 2102 3113 dedit

1227 3132 1482 3188 Appuleiam
1524 3138 1746 3172 auctorem
1790 3132 1926 3172 ruisse
1959 3130 2101 3171 Medi-

1230 3204 1354 3232 ceum
1388 3204 1473 3231 non
1507 3190 1662 3237 credo:
1696 3202 1794 3229 nam
1828 3188 1966 3229 altero
2002 3188 2099 3227 loco

1230 3250 1265 3290 M
1301 3249 1479 3290 exhibet
1508 3247 1710 3303 puleium,
1742 3247 1785 3287 h.
1807 3260 1845 3287 e.
1875 3245 2103 3301 Apuleium

1228 3307 1429 3360 absorpta
1453 3309 1585 3360 prima
1607 3306 1751 3346 littera
1775 3309 1870 3358 post
1902 3304 2099 3346 vocalem

1229 3365 1527 3418 liberm-uque.
1590 3370 1630 3404 ut
1676 3364 1690 3403 l
1732 3365 1789 3405 39
1829 3364 1876 3402 ui
1928 3362 2103 3416 quiliser

1228 3436 1303 3476 pro
1324 3425 1370 3463 ui
1388 3425 1604 3477 aquilifer.
1629 3422 1829 3476 idemque
1854 3421 1867 3462 1
1899 3422 1919 3463 7
1949 3420 2103 3462 scribit

1229 3482 1478 3537 A,puleium
1522 3495 1572 3522 ao
1607 3479 1842 3522 Beroaldus
1878 3479 2101 3536 Apuleium

1229 3540 1363 3581 edidit
1407 3531 1489 3582 hoc
1529 3546 1674 3581 nostro
1716 3539 1839 3591 loco,
1889 3537 2099 3595 quemad-

1228 3600 1408 3644 modum
1433 3599 1450 3643 1
1483 3601 1506 3643 7-
1540 3599 1764 3659 Apuleium
1796 3604 1972 3646 secutus
2004 3596 2098 3641 Me·-

1229 3658 1415 3703 diceum.
2091 3677 2094 3679 >
