2280 4004
242 286 267 317 a
299 271 347 317 G.
381 274 455 319 35.
814 269 979 313 LIBER
1016 266 1085 311 VI.
1150 265 1256 309 CAr.
1289 265 1479 311 30-32.
1977 257 2066 305 84¹2

244 414 438 478 Abdus,
472 415 733 481 ademptae
766 413 1032 465 virilitatis.
1094 414 1204 464 Non
1233 411 1521 476 despectum
1551 409 1601 459 id
1639 406 1768 474 apud
1798 406 2064 471 barbamS,

244 505 476 570 ultroque
498 505 770 571 potentiam
801 504 968 556 habet.
1045 503 1082 553 Ii
1119 501 1328 553 adscitis
1366 505 1415 552 et
1453 498 1564 551 aliis
1599 495 1920 565 primoribus,
1951 493 2066 563 quia

246 594 494 647 nendnem
533 595 701 662 gentis
737 593 1098 645 Arsacidarum
1138 606 1362 644 summae
1399 590 1473 641 rei
1514 589 1775 656 imponere
1814 591 2066 654 poterant,

246 685 528 737 interfectis
556 685 618 736 ab
644 685 906 736 Artabano
933 684 1190 751 plerisque
1219 687 1303 734 aut
1338 681 1560 733 nondum
1595 679 1794 744 adultiS,
1821 678 2071 729 Phraaten

246 776 386 843 regis
434 775 660 827 Phraatis
716 775 867 826 filium
916 777 1073 827 Roma
1134 775 1443 842 poscebant:
1515 771 1720 824 nomine
1780 774 1966 823 tantum
2019 773 2106 822 ets

247 871 456 917 auctore
510 881 665 932 opuS,
723 872 776 918 ut
832 872 1012 933 sponte
1050 867 1312 930 Caesaris,
1366 870 1420 916 ut
1468 878 1631 932 genus
1665 862 1876 914 Arsacis
1909 861 2069 927 ripam

161 955 377 1023 32apud
403 956 670 1023 Euphratis
697 962 1006 1008 cerneretur.
1065 956 1291 1022 Cupitum
1327 956 1378 1006 id
1404 955 1624 1006 Tiberio.
1700 954 1860 1006 Ornat
1882 952 2076 1004 Phraa⁴

248 1051 332 1098 teu
369 1047 691 1115 accingitque
738 1052 1001 1113 paternum
1055 1048 1121 1098 ad
1180 1047 1464 1114 fastigium,
1529 1045 1777 1096 destinata
1828 1044 2075 1107 retinens,-

251 1137 479 1189 consiliis
516 1143 566 1190 et
610 1143 722 1190 astu
759 1152 844 1192 res
899 1143 1136 1190 externas
1175 1138 1371 1201 moliri,
1431 1150 1569 1187 arma
1625 1135 1803 1202 procul
1863 1134 2070 1185 habere.

252 1230 447 1282 Interea
487 1229 706 1296 cognitis
746 1229 945 1281 insidiis
979 1229 1270 1280 Artabanus
1310 1227 1500 1279 tardari
1538 1231 1689 1291 metu,
1731 1225 1882 1276 modo
1929 1224 2140 1291 cupi-to

249 1321 368 1372 dine
419 1319 673 1371 vindictae
723 1320 1068 1372 inardescere.
1161 1319 1222 1371 Et
1270 1318 1503 1370 barbaris
1558 1316 1811 1368 cunctatio
1854 1313 2073 1379 serviliS,

250 1410 413 1463 statim
450 1411 632 1476 exequi
670 1411 866 1477 regium
905 1411 1121 1461 videtur.
1195 1410 1362 1462 Valuit
1396 1414 1563 1461 tamen
1598 1407 1820 1472 utilitaS,
1878 1411 1930 1458 ut
1966 1405 2079 1458 Ab-

250 1501 367 1552 dum
392 1492 569 1568 'specie
597 1501 848 1553 amicitiae
875 1505 1109 1553 vocatum
1139 1501 1202 1551 ad
1229 1499 1402 1568 epulas
1426 1500 1562 1552 lento
1589 1513 1789 1550 veneno
1821 1497 2074 1565 inligaret,

251 1591 507 1644 Sinnacen
534 1590 936 1642 dissimulatione
965 1607 1025 1642 ac
1048 1591 1213 1655 doniS,
1243 1591 1389 1642 simul
1416 1605 1508 1656 per
1544 1589 1750 1658 negotia
1777 1592 2074 1641 moraretur.

209 1676 219 1748 ἶ
253 1681 313 1733 Et
346 1680 586 1734 Phraates
619 1681 748 1748 apud
786 1681 982 1748 Syriam
1023 1681 1139 1732 dum
1180 1681 1371 1732 omisso
1409 1679 1542 1731 cultu
1579 1681 1825 1744 Romano,
1865 1679 1944 1730 cui
1987 1692 2142 1744 peris

197 1759 210 1883 J
253 1776 327 1825 tot
373 1786 535 1823 annos
590 1772 910 1836 insueverat,
974 1771 1196 1824 instituta
1248 1772 1544 1824 Parthorum
1599 1770 1842 1836 adsumit,
1902 1770 2078 1837 patriis

202 1884 227 1955 N
255 1862 478 1915 moribus
513 1863 673 1929 impar
701 1863 879 1915 morbo
908 1864 1200 1929 absumptus
1225 1868 1318 1915 est.
1393 1862 1492 1915 Sed
1516 1876 1620 1914 non
1644 1861 1875 1914 Tiberius
1912 1860 2082 1912 omisit

227 1953 469 2019 incepta.
542 1954 800 2006 Tiridaten
837 1956 1101 2022 sanguinis
1140 1955 1365 2006 eiusdem
1404 1954 1655 2006 aemulum
1676 1953 1958 2017 ArtabanO,
1995 1968 2083 2004 re-

255 2044 662 2110 ciperandaeque
697 2045 971 2096 Armeniae
1009 2045 1248 2097 Hiberum
1281 2045 1604 2096 Mithridaten
1641 2043 1848 2113 deligit,
1901 2042 2080 2095 conci·-

254 2133 440 2200 liatque
477 2134 621 2186 fratri
657 2133 1009 2199 Pharasmani,
1047 2136 1130 2201 qui
1167 2136 1357 2203 gentile
1392 2135 1654 2201 imperium
1692 2133 1980 2196 obtinebat3
2032 2137 2146 2184 etao

256 2225 448 2277 cunctis
515 2239 644 2292 quae
701 2226 831 2292 apud
870 2226 1128 2278 Orientem
1178 2227 1516 2293 parabantur,
1574 2225 1778 2278 Lucium
1827 2224 2080 2276 Vitellium

370 2379 412 2420 3.
446 2379 533 2434 inp.
568 2378 622 2420 M.

257 2437 295 2504 7.
331 2437 514 2504 cubitum
546 2437 599 2479 Μ.

255 2503 438 2536 insumit.

255 2554 457 2596 Beroaldi
487 2556 701 2612 incoepta.

255 2613 325 2657 21.
364 2614 414 2656 L.
453 2614 506 2656 Μ.

706 2378 748 2422 4.
783 2385 940 2420 artano
973 2379 1027 2421 M.
1115 2379 1354 2437 Phraaten]
1392 2380 1448 2422 cf.
1484 2380 1537 2422 ad
1573 2383 1601 2423 2
1635 2382 1673 2422 1.
1754 2379 1796 2422 6.
1831 2392 2005 2421 arsaces
2029 2379 2084 2421 M.

706 2439 748 2481 9.
783 2445 908 2480 asatu
939 2439 994 2480 Μ.
1105 2441 1171 2482 13.
1204 2440 1335 2496 specie
1367 2439 1421 2481 M.
1525 2441 1592 2482 16.
1628 2439 1812 2481 adsumit
1845 2438 2013 2480 editor:
2048 2439 2087 2481 M

536 2497 604 2539 17.
639 2496 883 2554 adsumptus
915 2496 979 2538 M:
1014 2498 1206 2540 correxit
1237 2498 1495 2540 Beroaldus.
1593 2497 1661 2541 18.
1695 2498 1867 2555 incepta
1899 2498 1936 2540 Μ
1955 2531 1966 2550 ,
1997 2511 2085 2539 non

824 2556 1040 2601 tiridatem
1071 2557 1127 2600 Μ.
1240 2557 1307 2602 19.
1343 2557 1652 2600 mithridanten
1681 2557 1735 2601 Μ.
1859 2556 1997 2614 diligit
2030 2557 2084 2601 M.

255 2755 326 2796 44.
362 2754 597 2797 Insumitur
614 2762 758 2799 autem
781 2757 897 2812 quod
919 2757 973 2800 ad
995 2757 1124 2799 aliam

256 2824 344 2853 rem
389 2815 719 2868 comparandam
768 2817 828 2858 ita
878 2816 1124 2868 adhibetur,

258 2876 302 2911 ut
336 2872 474 2924 ipsum
498 2874 744 2927 usurpando
766 2881 916 2928 pereat
950 2881 993 2916 et
1016 2888 1125 2916 con-

257 2935 464 2970 sumatur.
529 2932 601 2974 Sic
632 2931 669 2974 11
701 2934 786 2976 53:
831 2947 994 2988 paucos
1037 2934 1126 2976 dies

259 2989 478 3044 insumpsit
496 2991 755 3044 reficiendae
773 2991 914 3034 classi.
957 2991 1012 3035 ΙΙΙ
1043 2995 1124 3036 44:

258 3046 368 3101 quod
400 3073 454 3080 —-
487 3049 640 3093 libellis
670 3058 971 3094 accusatorum
1001 3052 1124 3093 insu-

258 3113 387 3147 meret
435 3122 622 3163 operam.
718 3109 817 3151 XVI
858 3112 943 3154 23:
983 3113 1130 3166 portui

262 3163 547 3218 Ephesiorum
582 3168 816 3223 aperiendo
838 3182 841 3185 ·
864 3183 1015 3211 curam
1054 3171 1128 3211 ia-

258 3232 506 3277 sumpserat.
583 3226 833 3269 Adsumitur
863 3227 979 3283 quod
1026 3234 1128 3269 ante

1211 2765 1394 2800 sumant.
1473 2758 1553 2799 XV
1594 2759 1678 2802 54:
1725 2759 1874 2800 umoris
1924 2771 2085 2813 quoque

1213 2817 1437 2859 consilium
1458 2818 1534 2859 ads
1635 2825 1765 2859 serat.
1831 2818 2015 2859 Otnnino
2042 2819 2085 2859 in

1212 2876 1386 2917 deliciis
1419 2875 1503 2918 hoc
1535 2877 1716 2918 verbum
1752 2875 1986 2929 Corneli03
2027 2878 2084 2920 cf.

1212 2933 1229 2976 1
1262 2935 1305 2986 8,
1330 2933 1425 2976 XIII
1461 2937 1529 2988 12,
1552 2935 1652 2977 XIV
1674 2936 1744 2987 57,
1769 2937 1843 2977 XV
1868 2936 1926 2978 34
1953 2942 1995 2977 et
2015 2937 2086 2988 71,

1212 2993 1311 3035 XVI
1342 2996 1384 3037 2.
1450 2994 1501 3036 Η.
1536 2993 1574 3036 11
1613 2994 1671 3037 69
1703 3000 1747 3036 et
1780 2995 1863 3046 72,
1914 2994 1971 3036 III
2015 2995 2085 3038 59.

1214 3053 1266 3094 A.
1300 3055 1328 3095 3
1362 3059 1406 3095 et
1452 3053 1505 3094 13
1539 3058 1582 3094 et
1614 3054 1686 3095 25.
1752 3052 1800 3094 0.
1842 3054 1894 3095 14
1938 3059 1981 3094 et
2012 3054 2086 3095 31.

1301 3111 1460 3167 qentile
1491 3111 1747 3166 imperium:
1790 3110 1831 3150 h.
1868 3125 1906 3152 c.
1942 3112 2086 3166 gentis

1213 3182 1319 3211 suae
1345 3169 1653 3224 (Hiberorum)
1675 3169 1919 3221 imperium.
1954 3168 2081 3211 Gonf.

1214 3227 1269 3269 XI
1306 3230 1354 3268 1:
1402 3228 1581 3282 gentiles
1626 3227 1796 3282 [gentis
1828 3233 1958 3284 suae)
1999 3241 2085 3268 na-

262 3292 346 3320 non
380 3282 530 3324 aderat
554 3296 696 3339 neque
728 3298 807 3327 usu
843 3286 1125 3337 eonsumitur,

261 3344 307 3379 ut
348 3338 422 3380 XII
465 3343 519 3384 2:
567 3342 605 3382 si
642 3356 791 3385 rursus
833 3344 1127 3386 adsumeretur

261 3399 509 3451 (repudiata
532 3401 733 3456 coniux).
782 3403 832 3443 5:
866 3402 975 3455 quod
994 3416 1126 3457 porro

259 3457 473 3500 honestius
520 3460 742 3501 censoriae
807 3463 958 3502 mentis
1006 3460 1127 3502 leva--

259 3523 441 3558 mentum
472 3532 598 3572 quam
619 3518 850 3566 padsumere
891 3519 1125 3573 coniuyem.

260 3574 357 3618 xlv
391 3578 470 3621 20:
502 3576 603 3632 quid
616 3579 833 3633 superesse
852 3578 937 3621 uisi
955 3584 1000 3620 ut
1025 3592 1125 3621 cor·

257 3643 369 3691 pora
400 3650 559 3694 quoque
585 3637 744 3681 nudent
777 3645 815 3682 el
848 3645 1012 3682 caestus
1043 3638 1125 3680 ad-

1213 3286 1363 3327 tiones.
1420 3284 1676 3340 lfizyentile
1701 3285 1841 3327 decus.
1893 3285 1967 3327 xtl
2007 3288 2084 3329 14:

1211 3343 1382 3386 levitate
1404 3343 1568 3400 qentili.
1616 3344 1694 3385 17:
1716 3343 1888 3399 yerttilis
1904 3344 2083 3386 utilitas.

1211 3403 1294 3444 34:
1324 3402 1476 3457 yentili
1506 3401 1730 3456 reliqione.
1795 3402 1909 3444 Idem
1940 3403 1995 3444 Vl
2025 3404 2083 3446 33

1211 3474 1328 3502 neore
1359 3462 1542 3517 qentico.

1304 3520 1351 3561 1..
1386 3519 1620 3562 Vitellium:
1651 3521 1822 3574 Syriam
1849 3533 1925 3575 pro
1950 3533 2079 3574 prae-

1212 3585 1306 3621 tore
1338 3579 1717 3622 administrandam
1751 3582 1951 3635 accepit,
1986 3594 2082 3623 cum

1210 3650 1323 3680 anno
1357 3645 1458 3682 ante
1490 3638 1576 3696 (VI
1608 3639 1689 3696 28)
1722 3639 1875 3684 consul
1908 3640 2081 3684 fuisset.
