2222 4022
971 269 1119 315 Cuvr
1147 272 1311 316 9—10.
1979 274 2077 321 xlx

250 408 482 461 ordinem
520 415 570 462 et
609 427 839 477 cursum,
902 413 1031 464 haec
1086 416 1137 464 in
1180 415 1360 466 librum
1400 415 1707 481 peculiarem
1758 415 1979 466 coniecit
2015 432 2076 466 ac

250 500 400 565 paulo
439 502 695 567 copiosius
736 505 971 555 tractavit
1009 520 1154 570 quam
1190 506 1377 572 alioqui
1417 508 1640 558 facturus
1686 512 1810 557 erat.
1885 507 1986 557 Iam
2025 507 2077 557 in

250 597 424 656 aperto
465 596 543 643 est
583 609 733 644 causa
777 610 893 659 cur,
950 611 1059 646 cum
1101 598 1257 647 ceteri
1294 598 1458 648 Taciti
1493 597 1608 648 libri
1646 612 1819 649 omnes
1859 614 1885 649 a
1925 613 2079 663 prae-

249 681 439 732 fatione
474 683 716 748 incipiant
753 690 801 735 et
838 687 1150 751 propositum
1181 688 1445 753 scriptoris
1482 689 1911 754 occasionemque
1945 688 2080 739 scri-
2108 722 2112 725 ,

177 766 194 769 ”
246 771 403 821 bendi
450 772 703 824 luculente
758 782 1044 841 exponant,
1105 794 1203 829 una
1242 778 1510 830 Germania
1566 779 1831 845 prooemio
1884 784 2071 843 careat,

248 861 346 914 iam
387 862 564 913 mirum
614 865 734 916 illud
774 869 1033 918 evanescit
1074 884 1187 934 cur,
1247 885 1357 920 cum
1398 871 1648 921 Historias
1686 871 1924 921 continuo
1963 875 2078 936 post

248 952 543 1020 Agricolam
581 961 652 1017 (c.
693 955 751 1020 3)
787 961 1049 1008 secuturas
1085 957 1285 1010 Tacitus
1326 959 1714 1023 annuntiaverit,
1757 959 1853 1010 hae
1890 974 2079 1010 conse-

250 1048 396 1123 eptae
429 1059 532 1095 non
568 1046 850 1110 videantur,
885 1048 975 1097 sed
1016 1048 1149 1098 aliud
1181 1050 1473 1114 opusculum
1514 1055 1563 1100 et
1598 1050 1708 1100 sine
1749 1050 2079 1100 excusatione

248 1139 299 1185 et
358 1135 469 1186 sine
519 1136 618 1187 ulla
680 1138 926 1202 propositi
981 1139 1302 1204 expositione
1355 1139 1642 1206 legentibus
1700 1139 1937 1190 traditum
1995 1140 2074 1190 sit.

245 1221 388 1277 Hanc
426 1242 584 1277 meam
634 1229 935 1278 sententiam
977 1230 1126 1280 etiam
1179 1230 1298 1281 illud
1345 1231 1664 1282 commendat
1715 1235 1763 1281 et
1815 1230 2075 1295 approbat,

248 1318 384 1383 quod
422 1318 535 1369 talis
574 1318 804 1387 edendae
847 1319 1149 1372 Germaniae
1190 1337 1342 1374 causa
1382 1338 1480 1373 una
1519 1322 1641 1372 satis
1675 1321 1805 1371 iusta
1841 1320 2075 1371 videtur:

247 1403 378 1460 aliae
423 1409 530 1459 eius
570 1409 684 1459 libri
737 1411 1096 1462 conscribendi
1133 1412 1358 1463 rationes
1397 1429 1424 1463 a
1478 1413 1601 1463 viris
1642 1412 1805 1462 doct-is
1844 1410 2074 1462 subtilius

249 1513 396 1564 quam
431 1499 603 1550 verius
639 1500 962 1566 excogitatae
998 1502 1084 1552 vix
1119 1502 1306 1553 habent
1348 1517 1446 1568 quo
1479 1502 1685 1568 placere
1724 1503 1920 1568 possint
1947 1507 1978 1551 ¹.

387 1590 580 1641 Partem
611 1591 945 1643 Historiarum
974 1592 1082 1657 ipse
1111 1592 1398 1659 designavit
1435 1593 1486 1642 in
1509 1592 1791 1643 Annalibus
1819 1593 2074 1659 aliquanto

244 1685 361 1747 post
398 1681 590 1747 coeptis
632 1682 701 1733 Xl
743 1684 833 1733 11:
869 1683 1130 1748 utriusque
1159 1684 1412 1749 principis
1449 1685 1675 1734 rationes
1712 1682 1912 1746 omitte,
1948 1682 2076 1734 satis

243 1777 489 1822 narratas
561 1771 705 1822 libris
783 1774 961 1838 quibus
1010 1791 1094 1826 res
1144 1775 1467 1841 imperatoris
1515 1774 1788 1826 Domitiani
1842 1774 2073 1838 exposui.

247 1861 420 1913 Totius
462 1864 632 1929 operis
685 1865 921 1915 ambitum
974 1866 1280 1933 significavit
1336 1868 1387 1917 in
1442 1867 1705 1933 prooemio
1741 1865 2076 1916 Historiarum

251 1967 294 2002 c.
339 1954 394 2016 1,
454 1969 628 2004 verum
689 1955 796 2006 eius
851 1970 1037 2007 nomen
1081 1957 1266 2010 Plinius
1323 1958 1505 2022 (Epist.
1547 1959 1634 2008 VII
1673 1957 1767 2022 33)
1813 1957 2073 2021 indicavit,

249 2043 390 2093 cuius
429 2045 584 2095 verba
624 2050 740 2096 ante
793 2046 1039 2112 legimus,
1098 2048 1214 2098 item
1254 2047 1587 2098 Tertullianus
1640 2049 1690 2097 in
1729 2047 2072 2114 Apologetico

249 2146 292 2181 c.
332 2131 422 2183 16:
476 2134 767 2184 somniastis
807 2141 958 2199 caput
1002 2136 1252 2186 asininum
1291 2151 1402 2185 esse
1435 2136 1577 2185 deum
1615 2142 1855 2187 nostrum.
1932 2137 2078 2213 lianc

246 2222 512 2274 Cornelius
553 2223 755 2274 Tac-itus
793 2225 1130 2290 suspicionem
1179 2226 1422 2276 eiusmodi
1466 2226 1703 2276 inseruit:
1755 2227 1800 2276 is
1856 2227 1985 2277 enim
2025 2227 2077 2276 in

245 2312 419 2377 quinta
482 2313 824 2365 Historiarum
881 2331 1091 2366 suarum
1158 2316 1338 2367 bellum
1386 2317 1646 2368 Iudaicum
1716 2330 1934 2367 exorsus
2012 2317 2076 2368 ab

246 2404 438 2470 oriyine
486 2406 646 2472 yemis
681 2411 776 2456 cet.
1266 2398 1268 2400 ’

94 2559 97 2561 Β
165 2502 234 2550 10
385 2495 479 2546 Per
527 2495 660 2546 idem
714 2501 907 2561 tempus
962 2496 1171 2548 orandis
1220 2497 1388 2549 causis
1442 2501 1491 2548 et
1526 2498 1850 2564 eloquentiae
1894 2500 2074 2551 studiis

250 2601 452 2652 operam
490 2586 693 2651 dicavit,
735 2591 783 2638 et
814 2587 910 2636 hac
941 2588 1023 2639 via
1049 2587 1263 2654 gloriam
1303 2589 1512 2654 adeptus
1549 2589 1646 2640 iam
1677 2596 1784 2640 erat
1811 2595 2075 2655 antequam

247 2692 415 2728 rerum
443 2681 699 2743 gestarum
738 2682 972 2728 narrator
996 2675 1149 2744 vulgo
1189 2681 1422 2746 cognitus
1450 2684 1540 2730 est.
1607 2680 1758 2731 Cuius
1788 2682 1863 2732 rei
1898 2685 2081 2732 testem«

247 2767 489 2818 habemus
525 2767 733 2821 Plinium
768 2767 994 2832 pluribus
1043 2768 1368 2832 epistolarum
1421 2769 1575 2820 locis.·
1642 2770 1736 2829 Qui
1777 2785 1884 2819 cum
1926 2784 2079 2835 prae-

249 2862 503 2923 ceptorem
551 2857 755 2907 dicendi
804 2857 1000 2922 patriae
1071 2873 1194 2908 suae
1229 2859 1374 2910 Novo
1435 2859 1592 2912 Como
1640 2860 1918 2925 parandum
1973 2861 2080 2910 cir-

325 3003 366 3045 1.
398 3002 606 3044 Nonnulli
622 3002 893 3045 Germaniam
913 3004 1117 3059 scriptam

1202 3006 1312 3046 rium
1346 3005 1398 3047 ab
1428 3006 1593 3060 impetu
1618 3012 1661 3048 et
1693 3007 1940 3048 incursibus
1974 3007 2076 3048 bar-

250 3060 303 3103 ab
335 3068 513 3105 auctore
545 3068 711 3116 putant,
743 3068 790 3102 ut
811 3062 1016 3104 Romanis
1047 3065 1119 3104 in-

1204 3064 1407 3105 barorum
1441 3065 1638 3108 defendit
1670 3065 1962 3121 firmavitque,
1998 3078 2075 3120 pro

252 3128 477 3176 corruptos
511 3127 554 3163 et
587 3124 782 3163 sinceros
811 3120 1119 3163 Germanorum

252 3191 396 3222 mores
438 3181 709 3222 intuentibus
750 3179 958 3235 pudorem
993 3184 1122 3223 ineu-

251 3243 364 3280 teret
396 3241 675 3295 (propositum
707 3240 915 3296 morale),
949 3241 1041 3293 alii,
1075 3246 1122 3280 ut

253 3297 615 3340 validissimarum
659 3300 855 3354 gentium
888 3312 1004 3340 arma
1047 3301 1117 3341 vi-

253 3368 411 3411 resque
445 3358 533 3397 suis
567 3357 735 3397 civibus
768 3357 822 3397 ob
856 3358 1008 3399 oculos
1041 3371 1123 3412 po-

251 3421 403 3467 neret,
451 3415 666 3456 monendo
714 3422 760 3456 ut
809 3416 891 3457 sibi
944 3417 996 3458 ab
1037 3417 1124 3458 illis

255 3481 460 3516 caverent
520 3475 801 3530 (propositum
854 3476 1123 3530 politicum),

254 3532 353 3585 alii,
410 3539 455 3574 ut
501 3546 571 3575 res
619 3546 643 3574 a
685 3532 878 3573 Traiano
918 3534 1124 3575 adversus

255 3591 489 3636 Germanos
514 3598 674 3648 gestas,
703 3591 859 3647 quibus
883 3591 960 3634 ille
982 3594 1125 3647 impe-

1204 3123 1321 3164 virili
1355 3130 1478 3178 parte
1520 3124 1765 3167 celebraret
1798 3126 2078 3181 (propositum

1202 3184 1450 3238 privatum).
1528 3183 1629 3225 Alio
1673 3183 1903 3225 intellectu
1946 3190 2076 3237 atque

1208 3253 1292 3297 ego
1343 3241 1630 3283 Historiarum
1683 3242 1925 3295 episodium
1967 3242 2077 3283 Ger-

1208 3300 1392 3341 maniam
1456 3302 1632 3342 vocavit
1693 3301 1724 3342 Ι.
1775 3301 1824 3342 H.
1879 3299 2076 3354 Becker;

1211 3371 1252 3400 v.
1288 3359 1491 3399 Seebodii
1530 3359 1642 3401 Bibl.
1691 3361 1785 3401 crit.
1820 3372 1858 3400 a.
1897 3359 2007 3401 1825
2039 3356 2079 3400 11

1210 3430 1252 3470 p.
1293 3416 1398 3468 195,
1444 3417 1638 3458 eiusdem
1669 3417 1857 3459 Beckeri
1890 3425 2077 3460 annota-

1209 3477 1351 3515 tiones
1387 3482 1430 3515 et
1463 3489 1670 3518 excursus
1713 3477 1763 3518 ad
1797 3477 1931 3519 Taciti
1967 3477 2077 3519 Ger-

1210 3535 1412 3587 maniam,
1446 3535 1731 3578 llannoverae
1765 3549 1804 3578 a.
1843 3535 1970 3579 1830.
