2280 4004
256 271 354 346 isi
945 281 962 320 ἴ
1011 292 1302 338 ANNAuvn
1822 305 1862 338 a.
1894 279 1946 338 in.
1971 278 2083 340 sui

254 444 540 498 temeritate
567 441 801 504 solutum,
836 453 934 490 nec
969 437 1180 504 amplius
1215 452 1360 504 quam
1390 435 1600 489 decurio
1639 435 1861 503 equitum
1884 430 2107 489 auden-⁵

255 537 353 587 tius
401 546 708 601 progressus
760 534 810 583 et
855 529 1056 598 sagittis
1117 529 1344 581 confixus
1405 533 1605 581 ceteros
1653 528 1716 580 ad
1781 527 2080 595 obsequium

257 624 485 690 exemplo
535 622 849 687 firmaverat,
911 621 1205 688 propinquis
1252 621 1349 672 iam
1404 619 1630 673 tenebris
1679 619 1947 672 abscessit.
2019 619 2162 674 Et41

256 715 476 768 Corbulo
515 712 686 766 eastra
716 713 769 764 in
804 713 921 765 loeo
949 709 1180 779 metatuS,
1223 727 1286 763 an
1321 712 1569 779 expeditis
1605 711 1894 781 legionibus
1930 714 2085 763 nocte

215 808 497 861 sArtaxata
533 809 769 874 pergeret
796 805 1099 871 obsidioque
1129 803 1469 855 circumdaret
1503 803 1728 872 agitavit,
1759 802 2086 855 concessisse

252 898 373 950 illuc
422 897 679 949 Tiridaten
725 901 880 948 ratus.
979 896 1108 948 Dein
1153 900 1420 963 postquam
1473 895 1824 962 exploratores
1871 893 2083 947 attulere

251 989 584 1056 longinquum
620 988 760 1055 regis
797 988 894 1039 iter
926 991 975 1039 et
1000 987 1133 1039 Medi
1170 1000 1233 1038 an
1271 986 1457 1038 Albani
1490 991 1784 1053 peterentur
1816 986 2082 1050 incertum,

252 1081 417 1133 lucem
453 1079 736 1147 opperitur3
797 1079 1178 1146 praemissaque
1231 1078 1359 1130 levis
1414 1083 1692 1142 armatura,
1746 1092 1876 1144 quae
1912 1082 2084 1128 muros

254 1172 457 1224 interim
508 1171 722 1223 ambiret
788 1171 1317 1239 oppugnationemque
1382 1169 1576 1222 eminus
1632 1168 1895 1235 inciperet.
1983 1167 2084 1221 Sed
2144 1154 2149 1157 ’

193 1280 241 1317 io
257 1262 495 1330 oppidani
520 1261 682 1329 portis
709 1266 889 1328 sponte
918 1261 1184 1328 patefactis
1219 1276 1276 1312 se
1307 1275 1499 1327 suaque
1521 1259 1762 1312 Romanis
1787 1259 2083 1326 permisere.

258 1353 407 1416 Quod
445 1353 656 1405 salutem
690 1352 815 1419 ipsis
852 1352 988 1416 tulit3
1036 1351 1294 1404 Artaxatis
1333 1351 1468 1419 ignis
1508 1351 1779 1416 immissuS,
1821 1350 2087 1416 delet-aque

256 1450 307 1498 et
342 1444 455 1497 solo
496 1449 710 1511 aequata
749 1449 895 1509 sunt,
954 1444 1069 1510 quia
1109 1459 1205 1496 nec
1243 1443 1406 1495 teneri
1456 1442 1568 1495 sine
1599 1442 1784 1499 ,valido
1825 1440 2090 1509 praesidio

255 1536 322 1587 ob
363 1534 761 1603 magnitudinem
798 1535 1083 1600 moenium,
1142 1550 1238 1586 nec
1287 1534 1336 1585 id
1388 1533 1538 1585 nobis
1587 1533 1769 1585 virium
1805 1536 1916 1584 erat
1950 1531 2088 1599 quod

254 1617 500 1678 firmando
544 1626 804 1693 praesidio
847 1630 897 1678 et
950 1626 1269 1693 capessendo
1318 1625 1455 1677 bello
1508 1624 1849 1677 divideretur:
1909 1622 1993 1675 vel
2041 1613 2087 1675 si

193 1719 457 1787 „integra
495 1724 545 1771 et
582 1719 890 1771 incustodita
931 1718 1367 1785 relinquerentur,
1412 1717 1547 1768 nulla
1586 1716 1639 1767 in
1679 1730 1741 1768 eo
1777 1715 1968 1768 utilitas
2005 1719 2091 1767 aut

257 1810 422 1879 gloria
463 1810 597 1876 quod
637 1815 782 1877 capta
821 1816 1007 1862 essent..
1100 1811 1337 1861 Adicitur
1377 1808 1674 1861 miraculum
1708 1807 1845 1860 velut
1883 1808 2088 1860 numine

258 1901 504 1953 oblatum:
551 1916 667 1952 nam
711 1906 890 1953 cuncta
946 1905 1087 1952 extra
1146 1901 1314 1966 [tectis
1373 1901 1640 1965 hactenus]
1694 1899 1804 1951 sole
1856 1898 2090 1951 inlustria

257 1992 427 2058 fuere,
489 1991 623 2059 quod
672 1992 940 2044 moenibus
994 1992 1318 2060 cingebatur,
1381 1991 1449 2042 ita
1511 1994 1723 2057 repente
1787 1993 1895 2042 atra
1953 1989 2087 2042 nube

372 2165 413 2208 5.
449 2165 689 2221 obsidioque
721 2165 810 2220 Ma,
862 2166 1159 2222 obsidioneque
1193 2167 1239 2211 G.
1360 2167 1404 2210 8.
1438 2167 1522 2210 levi
1552 2165 1641 2209 Ma:
1681 2173 1924 2209 correctum
1959 2169 2005 2210 in
2037 2165 2087 2210 G.

261 2226 327 2267 11.
364 2227 560 2266 artaxati
591 2224 670 2268 Ma.
772 2227 874 2268 inm.
908 2225 988 2269 Ma.
1100 2229 1165 2271 12.
1202 2234 1357 2284 equata
1389 2226 1468 2269 Ma.
1594 2227 1662 2270 14.
1697 2227 1953 2283 capessendo
1987 2225 2092 2270 GM&

256 2286 364 2341 (non
397 2285 696 2341 capescendo).
811 2285 879 2329 16.
915 2293 1072 2343 cappla
1102 2285 1183 2329 Ma.
1291 2287 1421 2329 uelud
1452 2287 1531 2329 Ma.
1643 2287 1710 2330 17.
1745 2286 1934 2344 glossam
1969 2287 2090 2329 tectis

255 2344 464 2385 hactenus
494 2344 677 2386 seclusit
710 2345 874 2387 editor:
907 2345 975 2387 Ma
1006 2347 1127 2388 tectis
1147 2353 1322 2388 actenus
1356 2346 1420 2401 (h.
1452 2360 1490 2388 e.
1525 2345 1645 2388 tectis
1675 2346 1916 2405 hactenus)²
1941 2346 2014 2390 GR
2046 2350 2090 2387 et

257 2402 532 2446 Oxonienses
565 2411 677 2445 tecla
708 2404 929 2447 hactenus.
1024 2405 1087 2448 ill.
1123 2405 1193 2448 Or.
1291 2407 1358 2449 18.
1395 2406 1506 2460 quod
1535 2413 1711 2463 repente
1741 2407 1957 2450 moenibus
1989 2406 2088 2449 cin-

254 2462 437 2520 qebatur
466 2464 530 2504 ita
561 2470 662 2505 atra
692 2463 857 2506 AGMa:
907 2466 1039 2507 tacite
1074 2466 1264 2508 correxit
1294 2465 1546 2508 Rhenanus.

256 2605 460 2646 adversus
492 2612 648 2646 temere
687 2606 925 2648 subeuntes.
993 2607 1043 2649 H.
1078 2607 1133 2648 111

257 2664 340 2707 23:
390 2670 429 2704 et
459 2663 600 2718 falso,
633 2665 756 2705 ut'in
789 2679 998 2720 corpora,
1045 2668 1133 2708 ictu

258 2721 346 2763 tela
398 2722 580 2764 hostium
623 2724 735 2764 citra
779 2724 1004 2766 cadebant.
1066 2725 1132 2766 Ex

257 2780 397 2822 altera
428 2788 551 2835 parte
584 2782 702 2824 conf.
735 2782 835 2824 XIV
868 2784 952 2826 37:
1001 2783 1132 2826 hostis

258 2846 372 2881 certo
405 2841 523 2882 iactu
553 2840 639 2882 tela
658 2841 933 2884 exhauserat.
977 2843 1053 2883 XV
1075 2844 1130 2887 9:

257 2913 368 2940 saxa
400 2907 439 2940 et
470 2900 620 2941 hastae
653 2900 819 2956 longius
836 2902 1130 2957 permeabant,

259 2972 385 3012 quam
415 2965 461 2999 ut
493 2962 712 3001 contrario
737 2962 993 3015 saqittarum
1016 2962 1133 3004 iactu

260 3017 625 3072 adaequarentur.
696 3020 770 3060 11:
805 3019 940 3061 donec
971 3021 1133 3075 ignium

258 3077 376 3118 iactu
425 3077 821 3120 circumveniretur.
909 3079 960 3121 Η.
1001 3079 1033 3119 V
1079 3082 1132 3123 7:

259 3136 424 3192 campi,
483 3150 583 3190 quos
624 3138 772 3192 ferunt
811 3162 865 3170 —-
908 3138 1134 3193 fulminum

259 3196 378 3236 iactu
413 3196 586 3237 arsisse.

334 3311 439 3367 Cap.
461 3313 532 3355 41.
590 3313 691 3367 quia
708 3327 789 3356 nec
813 3316 977 3357 teneri.-
1012 3318 1132 3358 notio

258 3371 381 3413 verbi
410 3379 614 3427 poterant
638 3374 681 3413 in
705 3376 989 3428 sequentibus
1019 3389 1132 3431 quo-

258 3431 486 3471 dammodo
530 3431 705 3473 latitans
737 3433 998 3476 infinitivum
1033 3450 1133 3478 sus-

257 3491 381 3530 tinet.
501 3492 713 3543 firmando
743 3495 982 3547 praesidio:
1020 3496 1060 3536 h.
1093 3510 1131 3537 e.

259 3554 305 3586 ut
333 3550 504 3601 firmum
531 3551 796 3605 praesidium
847 3553 994 3595 facere
1028 3567 1133 3608 pos-

260 3618 419 3647 semus.
463 3607 752 3651 .Praesidium
794 3611 846 3654 de
886 3612 984 3654 loco
1020 3627 1133 3656 nunc

263 3663 422 3705 dictum
458 3672 536 3708 est.

1307 2614 1464 2648 cuncta
1497 2615 1621 2649 extra
1654 2632 1709 2640 —-
1741 2608 1958 2650 moenibus
1990 2608 2089 2650 cin-

1215 2666 1422 2720 gebatur.-
1463 2666 1536 2707 diu
1570 2672 1636 2708 est
1669 2679 1765 2708 cum
1798 2667 1933 2709 verba
1967 2667 2088 2709 tectis

1217 2725 1424 2766 hactenus
1462 2739 1515 2766 ex
1549 2725 1697 2782 glossa
1727 2732 1827 2768 nata
1859 2739 1957 2768 esse
1978 2727 2086 2780 vidi,

1217 2784 1292 2826 sed
1340 2784 1524 2841 originis
1582 2786 1795 2827 rationem
1857 2798 2087 2840 perperam

1218 2844 1452 2898 explicavi.
1508 2844 1689 2887 Scilicet
1719 2844 1797 2886 illa
1828 2857 1915 2886 non
1942 2844 2087 2888 addita

1216 2909 1317 2943 sunt
1354 2904 1576 2958 prioribus
1619 2910 1776 2946 cuncta
1806 2911 1933 2946 extra
1963 2905 2090 2960 quasi

1218 2963 1260 3003 in
1279 2963 1644 3017 supplementum,
1668 2976 1754 3019 quo
1778 2965 1956 3006 minime
1977 2976 2088 3019 opus

1218 3028 1334 3075 erat,
1384 3022 1461 3063 sed
1504 3035 1580 3076 pro
1625 3023 1774 3079 glossa
1819 3025 1915 3065 sive
1946 3024 2089 3065 inter..

1218 3082 1465 3136 pretatione
1512 3083 1699 3136 ascripta
1739 3088 1839 3124 sunt
1884 3084 1928 3124 in
1970 3095 2089 3124 mar..

1220 3142 1323 3195 gine
1358 3141 1624 3197 ιέρχετὺπου
1673 3141 1838 3183 codicis
1880 3141 2089 3184 adversus

1220 3199 1330 3254 quod
1359 3201 1576 3242 moenibus
1619 3201 1896 3256 cingebatur,
1945 3213 2090 3257 eoque

1221 3272 1346 3300 casus
1380 3259 1584 3301 vocabuli
1617 3260 1834 3302 vrioenibus
1880 3261 2010 3303 etiam
2043 3261 2089 3302 in

1220 3317 1367 3374 glossa
1399 3325 1597 3360 servatus
1632 3325 1720 3372 est,
1754 3325 1802 3360 ut
1833 3325 1949 3362 esset
1980 3319 2090 3374 quod

1218 3379 1457 3430 moenibus,
1507 3378 1712 3420 hactenus
1758 3381 1878 3421 tectis
1913 3381 2006 3434 (=
2035 3390 2087 3418 ea

1218 3450 1329 3491 quae
1375 3451 1512 3492 usque
1548 3437 1599 3478 ad
1634 3437 1717 3479 hoc
1761 3444 1930 3491 tempus
1970 3441 2085 3477 tecta

1220 3502 1364 3549 erant,
1413 3511 1476 3538 wo
1510 3496 1652 3537 bislter
1683 3497 1853 3538 Hc‘iuser
1893 3499 2083 3550 waren),

1219 3556 1484 3611 cinqebatur.
1532 3556 1603 3597 Sic
1625 3555 1841 3596 ablativus
1864 3554 1983 3596 tectis
2013 3555 2085 3595 iu-

1218 3621 1326 3655 stam
1390 3614 1521 3656 habet
1583 3613 1934 3667 explicationem.
2001 3612 2084 3664 Qui

1217 3673 1363 3727 Lipsio
1396 3678 1576 3715 auctore
1609 3672 1727 3715 tectis
1763 3678 1881 3714 tenus
1913 3670 2082 3728 legunt,
