2280 4004
230 272 319 315 151
998 268 1289 314 ANNALIVM

1801 284 1841 316 a.
1873 282 1918 316 u.
1951 270 2052 319 7⁷2.

371 413 715 468 Consultatum
772 412 892 463 inde
947 411 1078 464 inter
1134 412 1333 479 legatos
1387 411 1573 479 quique
1627 411 1712 464 alii
1767 419 2059 468 senatorum
2077 418 2146 468 n

228 506 456 571 aderaut,
487 506 714 571 quisnam
743 504 922 570 Syriae
958 504 1335 570 praeficeretur.
1411 504 1474 556 Et
1513 504 1698 556 ceteris
1737 504 1939 560 modice
1973 507 2078 567 ni-v

227 598 330 662 sis,
382 598 515 648 inter
562 597 760 647 Vibium
787 596 1008 647 Marsum
1036 599 1093 647 et
1124 595 1351 648 Gnaeum
1375 596 1599 650 Sentium
1635 596 1721 648 diu
1757 597 2059 664 quaesitum:

229 689 348 740 dein
371 689 566 740 Marsus
604 688 798 739 seniori
823 693 872 739 et
907 687 1075 738 acrius
1112 685 1340 739 tendenti
1368 688 1542 741 Sentio
1580 689 1853 741 concessit.
1914 690 2088 756 Isque.

188 780 465 836 sinfamem
512 779 774 831 veneficiis
821 795 881 831 ea
935 780 987 830 in
1036 780 1303 846 provincia
1355 785 1404 833 et
1450 781 1720 833 Plancinae
1775 795 2059 848 percaram,

226 872 431 925 nomine
466 872 763 938 Martinam,
820 872 874 922 in
911 871 1089 924 urbem
1135 873 1298 938 misit,
1353 874 1722 940 postulantibus
1760 873 1963 926 Vitellio
2000 890 2062 926 ac

226 964 448 1016 Veranio
509 964 793 1032 ceterisque
845 964 930 1033 qui
985 963 1196 1017 crimina
1251 970 1300 1016 et
1363 967 1741 1018 accusationem
1806 970 2059 1033 tamquam

227 1057 473 1109 adversus
499 1059 741 1123 receptos
767 1057 866 1109 iam
897 1071 1017 1108 reos
1053 1057 1384 1110 instruebant.
1447 1050 1525 1109 vAt
1544 1058 1845 1126 Agrippina,
1881 1072 2061 1126 quam-
2077 1054 2146 1106 *75

226 1162 374 1216 quam
415 1148 619 1200 defessa
670 1148 808 1200 luctu
849 1153 898 1200 et
934 1163 1153 1215 corpore
1191 1165 1379 1218 aegro,
1437 1150 1659 1202 omnium
1711 1155 1881 1204 tamen
1924 1161 2055 1216 quae

165 1255 213 1294 ιο
227 1240 467 1292 ultionem
506 1245 841 1306 morarentur,
881 1241 1178 1306 intoleranS,
1217 1242 1449 1294 ascendit
1476 1242 1690 1294 classem
1729 1257 1842 1293 cum
1871 1242 2062 1294 cineri·-

226 1333 320 1384 bus
360 1332 648 1384 Germanici
687 1337 737 1384 et
772 1332 977 1398 liberis,
1026 1333 1384 1385 miserantibus
1438 1334 1633 1385 cunctis
1687 1334 1823 1400 quod
1871 1333 2059 1386 semina

225 1423 488 1477 nobilitate
521 1423 776 1492 princepS‚
814 1424 1155 1490 pulcherrimo
1193 1425 1347 1476 modo
1374 1425 1695 1476 matrimonio
1730 1425 1864 1476 inter
1894 1439 2061 1477 vene-

224 1514 384 1566 rantis
426 1509 776 1582 gratantisque
827 1515 985 1581 aspici
1033 1515 1214 1581 solita,
1275 1520 1393 1567 tunc
1447 1516 1620 1568 feralis
1669 1516 1910 1584 reliquias
1946 1516 2061 1568 sinu

226 1606 411 1672 ferret,
462 1606 658 1660 incerta
692 1606 926 1672 ultionis,
982 1607 1134 1658 anxia
1173 1607 1251 1659 sui
1290 1612 1339 1659 et
1369 1607 1563 1659 infelici
1603 1606 1915 1659 fecunditate
1947 1607 2063 1659 for-

161 1703 376 1750 astunae
411 1699 598 1750 totiens
639 1698 881 1753 obnoxia.
953 1699 1189 1752 Pisonem
1236 1699 1436 1751 interim
1483 1699 1612 1766 apud
1655 1699 1813 1752 Coum
1847 1699 2059 1751 insulam

223 1791 427 1843 nuntius
464 1790 760 1857 adsequitur
797 1791 1086 1844 excessisse
1120 1791 1490 1845 Germanicum.
1567 1793 1677 1854 Quo
1715 1792 2063 1858 intemperan-

225 1888 305 1935 ter
343 1888 554 1949 accepto
595 1883 764 1935 caedit
797 1883 1048 1949 victimas,
1088 1883 1194 1935 adit
1228 1883 1429 1950 templa,
1470 1898 1638 1950 neque
1672 1884 1783 1951 ipse
1819 1882 2059 1951 gaudium

226 1975 518 2041 moderanS‚
560 1980 610 2028 et
646 1976 810 2044 magis
849 1976 1193 2029 insolescente
1217 1976 1472 2041 Plancina,
1514 1990 1642 2042 quae
1676 1976 1864 2027 luctum
1903 1975 2062 2027 amis-

227 2084 318 2121 sae
366 2068 561 2121 sororis
617 2072 718 2120 tum
781 2068 996 2135 primum
1062 2068 1197 2120 laeto
1251 2069 1385 2119 cultu
1434 2073 1658 2119 mutawt.
1754 2066 2146 2121 Adfluebantw

162 2161 571 2225 wcenturioneS,
611 2161 984 2227 monebantque
1021 2166 1250 2228 prompta
1286 2161 1358 2212 illi
1388 2160 1646 2228 legionum
1681 2159 1874 2212 studia:
1909 2172 2063 2226 repe-

226 2258 355 2304 teret
389 2252 706 2319 provinciam
747 2267 851 2304 non
907 2253 1018 2304 iure
1067 2252 1282 2303 ablatam
1331 2257 1379 2303 et
1429 2267 1657 2303 vacuam.
1733 2251 1891 2319 Igitur
1941 2250 2102 2322 quid‘

226 2344 479 2412 agendum
516 2344 822 2399 consultanti
851 2345 1051 2397 Marcus
1088 2344 1202 2395 Piso
1231 2344 1360 2394 filius
1393 2342 1766 2411 properandum
1802 2343 1856 2393 in
1883 2325 2059 2395 urbem

226 2437 496 2488 censebat:
535 2437 658 2487 nihil
683 2435 848 2488 adhuc
882 2435 1188 2503 inexpiabile
1217 2435 1508 2500 admissum,
1539 2450 1705 2501 neque
1739 2419 2058 2501 suspiciones

222 2527 504 2580 imbecillas
544 2533 626 2579 aut
662 2528 851 2580 inania
873 2529 1037 2580 famae
1073 2528 1498 2595 pertimescenda.
1570 2526 1895 2579 Discordiam
1932 2541 2057 2593 erga

342 2698 383 2739 2.
420 2695 675 2737 modicensis
707 2694 774 2737 M:
811 2696 1002 2738 correxit
1031 2695 1288 2739 Beroaldus.
1352 2696 1395 2738 3.
1433 2693 1524 2738 GN.
1558 2694 1613 2736 M.
1680 2693 1720 2736 7.
1755 2699 1967 2736 accussat.
2002 2693 2057 2737 M.

226 2755 295 2799 12.
329 2762 582 2797 venerantes
615 2756 912 2811 qrmtantisque
942 2755 998 2800 M.
1119 2756 1184 2798 15.
1221 2763 1324 2813 aput
1354 2755 1409 2797 M.
1504 2756 1576 2799 21.
1611 2756 1717 2811 non]
1754 2767 1835 2795 con
1866 2752 1922 2796 M.
1985 2752 2056 2798 22.

223 2814 285 2858 M.
320 2814 375 2857 M.
447 2816 520 2859 24.
554 2814 641 2857 inb.
676 2814 731 2858 M.

222 2964 517 3015 terpretantm·
539 2958 592 2999 ad
617 2959 868 3013 scriptores,
892 2960 966 3015 qui
988 2959 1097 3001 Ger-

220 3019 380 3061 manici
416 3017 664 3074 'l'iberiique
720 3030 830 3060 aevo
871 3032 965 3060 eam
1008 3032 1097 3060 rem

222 3083 689 3120 commemoraverunt.
737 3078 930 3119 Tacitum
953 3085 1097 3120 autem

223 3137 336 3180 haec
382 3150 470 3179 non
519 3137 574 3179 de
618 3150 760 3180 reruni
809 3138 1097 3193 scriptoribus

221 3197 299 3240 sed
339 3197 393 3239 de
432 3197 583 3238 amicis
624 3203 668 3240 et
707 3198 940 3239 comitibus
989 3196 1099 3240 Ger-

222 3258 382 3299 manici
429 3270 480 3298 ac
521 3257 691 3299 Pisonis
737 3257 929 3314 intelligi
981 3258 1100 3301 velle

225 3330 321 3357 cum
347 3318 662 3358 sententian-um
682 3329 821 3358 nexus
854 3323 942 3358 tum
967 3331 1099 3371 prae-

225 3376 387 3417 cedens
421 3378 607 3418 constitit
630 3376 837 3418 declarat.
883 3376 947 3418 De
971 3377 1099 3419 locu-

223 3437 345 3476 tione
387 3436 545 3477 diversi.
586 3437 985 3491 interpretabantur
1028 3436 1098 3478 di-

225 3500 341 3535 ctum
376 3494 495 3555 adigit
536 3498 600 3538 10.

314 3551 418 3606 Cap.
455 3554 525 3595 74.
588 3555 701 3594 inte-r
725 3555 913 3609 leqatos:
948 3556 1098 3609 accipe

225 3612 498 3667 singularum
559 3611 806 3668 legionum.
847 3614 981 3656 duces
1045 3627 1098 3656 ex

226 3669 379 3716 ordine
411 3671 633 3713 senatorio
667 3681 718 3713 ac
752 3671 1011 3728 plerumque
1045 3686 1099 3714 ex

1185 2960 1417 3014 praetoriis
1451 2972 1475 3000 a
1506 2959 1705 3013 principe
1739 2957 1895 3000 lectos.
1953 2956 2062 3000 Inde

1185 3020 1330 3075 pergit
1344 3021 1495 3073 quique
1516 3018 1850 3059 aliisenatoram
1859 3016 2058 3058 aderant.

1274 3079 1344 3132 qui
1364 3079 1563 3119 crimina
1595 3084 1634 3118 et
1667 3077 2060 3118 accusationem-

1184 3136 1478 3179 instruebant.-
1511 3136 1599 3178 vid.
1634 3135 1685 3177 ad
1720 3132 1817 3177 XIV
1853 3137 1921 3178 11.

1274 3194 1377 3250 Cap.
1434 3196 1504 3238 75.
1575 3193 1744 3252 infelici
1797 3193 2062 3251 fecunditate

1183 3258 1384 3311 sot-tunae
1402 3256 1554 3297 totiens
1572 3255 1783 3296 obnoxia.-
1817 3266 1927 3310 quae
1951 3267 1990 3295 c.
2005 3253 2064 3297 72

1183 3315 1429 3371 significata
1469 3320 1569 3355 sunt
1607 3327 1631 3355 a
1675 3313 1932 3355 Germanico
1963 3323 2061 3354 mo-

1184 3376 1350 3426 riente,
1405 3387 1455 3414 ea
1508 3374 1560 3415 ab
1600 3374 1752 3416 amicis
1790 3373 2060 3428 Agrippinae

1185 3433 1502 3490 quodaminodo
1569 3432 1891 3473 confirmantur.
1974 3429 2058 3471 Sed

1186 3493 1313 3535 liberi
1346 3499 1524 3534 matrem
1550 3492 1832 3548 Agrippinam
1858 3489 2058 3531 fortunae

1184 3555 1358 3608 saepius
1393 3552 1627 3593 obnoxiam
1650 3551 1849 3592 fecarunt
1871 3549 1917 3589 in
1939 3551 2058 3589 tanta

1184 3614 1424 3668 suspicacis
1435 3610 1593 3653 Tiberii
1613 3606 2058 3661 aemulationo,ettam

1183 3671 1238 3713 oh
1272 3672 1349 3714 fati
1385 3681 1508 3712 casus
1542 3679 1592 3711 ac
1623 3671 1801 3708 mortes.
