2280 4004
247 279 341 326 ἸΨ

1026 271 1318 318 ANNALWM

1822 278 1940 321 astu.
1962 273 2076 329 mi„

243 419 566 475 Britannicus
601 430 771 469 rerum
809 429 902 468 seu
934 414 1071 468 Nero
1109 418 1404 481 poteretur3
1443 425 1620 467 verum
1659 413 1730 466 ita
1768 413 1835 468 de
1868 428 1931 467 se
1968 423 2082 472 me*

247 512 396 564 ritum
434 511 705 562 Caesarem
763 510 817 557 ut
861 505 1015 558 vitam
1067 505 1182 557 usui
1223 505 1332 557 eius
1381 504 1711 572 impenderet.

1787 505 2082 559 Convietam

246 601 570 655 Messalinam
623 603 674 650 et
713 597 920 662 Silium;
974 611 1126 663 pares
1178 597 1359 650 iterum
1399 597 1677 649 accusandi
1723 612 1905 651 causas
1944 611 2079 663 esse,

203 710 205 712 ·
254 692 321 757 [si
357 681 493 742 Nero
530 689 870 756 imperitaret,
906 688 1200 758 Britannico
1243 703 1577 754 successore,
1631 687 1819 740 nullum
1858 688 2075 756 principi

208 801 230 835 ε
249 782 522 847 meritum,]
559 796 621 833 ac
647 795 906 833 novercae
931 764 1132 832 insidiis
1159 780 1363 832 domum
1390 795 1590 833 omnem
1619 780 1856 847 convelli,
1888 779 2084 834 maiore

248 873 444 942 flagitio
511 887 659 939 quam
712 872 756 924 si
817 871 1182 938 impudicitiam
1234 872 1422 939 prioris
1477 871 1712 940 coniugis
1774 871 2081 925 reticuisset.

251 966 562 1031 Quamquam
613 979 678 1016 ne
732 963 1093 1031 impudicitiam
1147 963 1351 1030 quidem
1406 978 1541 1015 nunc
1592 963 1806 1030 abesse,
1860 963 2086 1016 Pallante

250 1055 509 1121 adultero,
567 1070 631 1107 ne
685 1055 796 1122 quis
844 1055 1069 1123 ambigat
1118 1055 1275 1108 decus
1331 1054 1578 1122 pudorem
1630 1069 1846 1121 corpus,
1904 1059 2086 1108 cuncta

250 1162 414 1216 regno
465 1147 649 1199 viliora
701 1148 909 1200 habere.

1001 1148 1143 1199 Haec
1193 1152 1342 1214 atque
1393 1146 1514 1199 talia
1565 1146 1803 1198 dictitans
1853 1146 2087 1214 amplecti

187 1256 235 1294 ιο
250 1238 625 1303 Britannicum,
662 1239 822 1291 robur
856 1238 1036 1291 aetatis
1077 1253 1226 1305 quam
1263 1239 1608 1290 maturrimum
1647 1238 1879 1304 precari,
1929 1237 2084 1290 modo

253 1331 317 1382 ad
353 1331 478 1383 deos
517 1330 670 1382 modo
709 1330 774 1382 ad
810 1330 974 1397 ipsum
1009 1329 1223 1382 tendere
1261 1344 1470 1395 manus,
1514 1329 1868 1395 adolesceret,
1928 1330 2088 1396 patris

248 1421 485 1474 inimicos
535 1421 840 1488 depelleret,
903 1422 1077 1474 matris
1129 1421 1282 1474 etiam
1328 1421 1686 1473 interfectores
1735 1419 2088 1473 ulcisceretur.

373 1597 393 1638 1
402 1627 413 1638 .
447 1595 733 1638 brittannicus
750 1593 845 1638 Ma.

250 1777 340 1834 inp.
374 1775 440 1817 bis
472 1773 553 1818 Ma.
649 1776 690 1818 7.
726 1787 882 1831 quanq.
915 1773 996 1818 Ma.

342 1939 447 1994 Cap.
480 1939 554 1983 65.
607 1940 647 1981 si
679 1939 796 1982 Nero
824 1964 881 1972 —
901 1942 1126 1983 meritum:

254 2013 308 2043 en
348 1998 583 2042 manifesta
626 2011 715 2040 non
747 1998 845 2041 dico
878 2000 1126 2056 interpola-

253 2060 360 2101 toris
391 2058 470 2100 sed
498 2058 756 2116 glossatoris
780 2061 988 2116 vestigia,
1015 2066 1127 2118 quae

255 2120 329 2176 qui
381 2131 470 2159 non
531 2124 779 2175 agnoscunt
828 2117 1130 2176 nihil-agunt

255 2183 492 2235 agentque‚
513 2179 645 2219 immo
669 2178 722 2220 ad
741 2179 1130 2233 interpretationes

254 2239 436 2294 linguae
474 2237 655 2279 Latinae
698 2238 982 2281 adversantes
1025 2251 1131 2293 pro-

256 2298 476 2340 labuntur.
542 2297 715 2352 Quippe
759 2297 895 2339 verba
935 2300 974 2340 si
1014 2299 1130 2341 Nero

255 2357 523 2413 imperitaret
570 2358 761 2411 ascripta
801 2363 902 2399 sunt
946 2357 1014 2400 his
1058 2373 1133 2400 seu

258 2417 374 2459 Nero
410 2418 602 2473 (rerum)
643 2423 891 2472 poteretur,
935 2418 1132 2471 proxima

257 2476 514 2518 Britannico
545 2490 791 2518 successore
822 2476 912 2519 illis
932 2487 1006 2519 seu
1026 2477 1133 2520 Bri-

259 2535 460 2576 municas
501 2548 647 2576 rerum
690 2539 988 2592 (poteretur);
1022 2536 1133 2578 reli-

259 2607 344 2649 qua
384 2592 549 2635 nullum
587 2595 780 2650 principi
820 2596 1018 2637 meritum
1058 2608 1134 2637 re-

258 2654 450 2707 spiciunt
494 2654 639 2706 priora
684 2654 748 2694 ita
782 2653 832 2694 de
864 2668 909 2695 se
940 2656 1135 2696 meritum

262 2712 495 2754 Caesarem
535 2717 667 2766 atque
711 2713 940 2754 continent
971 2714 1132 2755 morosi

259 2771 440 2813 lectoris
484 2775 529 2812 et
580 2770 782 2813 Narcisso
831 2771 1133 2814 dissentientis

259 2831 604 2882 annotationem,
635 2830 804 2872 nullum
829 2830 1013 2873 Claudio
1035 2843 1134 2874 esse

260 2891 464 2931 meritum
522 2892 832 2932 asseverantis.
895 2891 1014 2933 Haec
1080 2891 1132 2933 ab

260 2950 441 3005 antiquo
478 2948 647 2991 lectore
673 2955 747 2990 aut
771 2950 816 2990 in
842 2951 1039 3006 margine
1061 2956 1135 2992 aut

261 3021 392 3062 super
424 3020 597 3050 versum
631 3010 773 3062 posita
814 3008 1021 3050 'facitinis
1054 3009 1134 3050 ad-

261 3069 398 3110 mixta
413 3073 528 3120 sunt,
546 3079 765 3122 purpurae
785 3070 969 3125 egregie
981 3069 1134 3123 splen.-

261 3127 381 3169 denti
423 3132 591 3182 pannus
640 3128 779 3182 turpis
832 3134 875 3170 et
922 3128 1133 3184 vulgaris.

260 3185 307 3227 Id
340 3187 502 3241 primus
544 3185 760 3229 'divinavit
791 3186 1133 3239 Freinshemius,

260 3245 339 3286 sed
380 3246 495 3287 idem
541 3248 703 3288 erravit
736 3252 779 3288 et
810 3247 1135 3289 restitutionem

262 3304 349 3345 loci
384 3305 624 3347 retardavit
666 3306 864 3347 addendo
897 3308 1134 3361 suppositis

264 3365 393 3405 etiam
443 3364 700 3418 particulam
749 3379 804 3406 ac
843 3379 1018 3420 prorsus
1060 3367 1132 3406 in-

262 3423 996 3480 nocentem.IndignantisNarcissi
1023 3425 1132 3467 haec

263 3488 328 3523 est
359 3484 610 3523 sententia:
644 3496 771 3537 pares
804 3485 959 3526 iterum
999 3498 1133 3526 accu-

262 3540 383 3582 sandi
417 3543 718 3598 Agrippinam,
754 3549 799 3584 ut
832 3544 936 3586 olim
966 3544 1134 3586 Messa-

262 3598 410 3653 linam,
449 3614 601 3643 causas
621 3602 790 3645 adesse.
826 3604 964 3647 Huius
991 3616 1133 3646 enun-

262 3657 357 3699 tiati
416 3665 720 3716 argumentum
775 3674 862 3705 non
918 3662 1132 3718 particula

1023 1596 1033 1606 ⁶
1183 1594 1207 1623 a

251 1655 408 1708 editor,
441 1656 479 1697 si
513 1655 629 1698 Nero
663 1658 719 1688 —-*
755 1598 981 1709 meritam}
1001 1596 1315 1698 dgplielilkerus
1348 1661 1529 1698 auctore
1560 1645 1880 1698 Freinshemio.

251 1716 427 1758 tannico
460 1714 541 1757 Ma.
606 1716 648 1758 5.
682 1715 741 1756 ad
770 1729 821 1771 pr
851 1714 932 1768 Ma,
970 1729 1000 1756 a
1031 1728 1129 1758 corr
1157 1714 1247 1758 Ma,
1282 1729 1336 1757 ac
1366 1717 1411 1757 in
1447 1716 1558 1771 Spir.

1095 1776 1164 1820 10.
1198 1775 1505 1818 brittannicum
1536 1773 1616 1818 Ma.

1314 1595 1357 1640 4.
1390 1593 1429 1638 si
1461 1595 1576 1638 Nero
1602 1618 1659 1628 —-
1681 1593 1879 1638 meritum
1906 1593 2092 1696 secll'usit

1651 1719 1836 1758 noberce
1867 1711 1948 1756 m.
2007 1660 2091 1758 ng

1721 1774 1855 1832 ficari
1883 1771 1967 1818 Ma.

1211 1940 1377 1984 causali
1431 1940 1509 1984 sed
1562 1940 1818 1999 copulativa
1863 1940 2089 1998 adiungit:
2123 1974 2125 1976 ,

1211 2015 1265 2043 ac
1295 2014 1510 2043 novercae
1540 2001 1710 2043 insidiis
1741 2000 1907 2043 domum
1928 2007 2092 2043 omnem

1212 2060 1395 2103 convelli
1406 2063 1598 2118 (poterat
1614 2061 1744 2102 etiam
1762 2070 1865 2102 nam
1878 2073 2092 2103 novercae

1213 2145 1270 2153 —-
1303 2121 1532 2178 convelli);
1562 2126 1727 2162 omnem
1757 2120 1931 2162 domurn
1969 2119 2090 2173 dicit,

1215 2181 1318 2236 quia
1374 2180 1607 2223 Messalina
1665 2185 1708 2222 et
1767 2179 1903 2223 Silius
1958 2191 2091 2222 unum

1215 2239 1470 2294 Claudium,
1512 2239 1759 2297 Agrippina
1809 2240 1940 2282 etiam
1983 2238 2091 2281 Bri-

1215 2301 1439 2341 tannicum
1494 2306 1538 2341 et
1586 2300 1823 2341 Antoniam
1875 2298 1931 2341 de
1976 2304 2091 2341 statu

1216 2371 1295 2400 suo
1329 2359 1524 2401 deiicere
1571 2365 1645 2401 aut
1675 2358 1862 2414 perdere
1892 2358 2088 2414 parabat.

1215 2417 1348 2460 Addit
1385 2420 1551 2461 maiore
1590 2419 1764 2474 flagitio
1795 2430 1922 2474 quam
1964 2419 2005 2460 si
2034 2443 2091 2452 —

1216 2478 1469 2530 reticuisset,
1503 2476 1545 2521 h.
1571 2491 1610 2520 e.
1644 2490 1698 2520 eo
1730 2478 1908 2532 incepto
1924 2477 2091 2534 Agrip-

1216 2538 1346 2590 pinae
1378 2538 1518 2579 maius
1536 2538 1683 2580 inesse
1708 2537 1938 2593 flagitium,
1962 2549 2091 2592 quam

1216 2597 1255 2638 si
1285 2597 1381 2649 ipso
1407 2602 1582 2638 tacente
1602 2595 1843 2638 Messalina
1868 2596 2088 2638 libidinem

1218 2654 1390 2710 explere
1404 2656 1688 2711 perrexissem
1714 2654 1791 2697 sed
1807 2654 1893 2697 hoc
1915 2660 2091 2710 postre-

1216 2726 1333 2754 mum
1354 2715 1597 2769 suppressit
1607 2727 1751 2756 rerum
1770 2715 1957 2769 scriptor
1975 2719 2089 2756 tam-

1217 2786 1346 2828 quam
1381 2775 1486 2815 satis
1518 2774 1813 2830 significatum
1842 2773 1934 2816 illis
1965 2787 2092 2829 quam

1217 2834 1255 2874 si
1286 2834 1595 2888 impudicitiam
1622 2835 1784 2889 prioris
1802 2834 1996 2889 coniugis
2015 2847 2091 2875 re-

1217 2893 1431 2934 ticuisset.-
1473 2891 1516 2933 id
1547 2894 1661 2935 enim
1699 2894 1735 2934 si
1770 2892 1953 2936 fecisset
1980 2891 2093 2935 Nar-

1218 2953 1372 3003 cissus,
1399 2951 1632 2994 Messalina
1650 2951 1839 2994 ludibria
1868 2964 1948 2995 sua
1961 2964 2092 3007 porro

1217 3017 1438 3065 patratura
1471 3017 1587 3063 erat,
1630 3012 1799 3053 minore
1831 3017 1976 3054 tamen
2006 3011 2090 3054 fla-

1219 3071 1327 3125 gitio
1360 3084 1486 3125 quam
1510 3084 1625 3112 nunc
1647 3069 1892 3127 Agrippina
1918 3070 2092 3113 domum

1217 3130 1428 3183 principis
1464 3136 1665 3172 evertere
1688 3130 1850 3173 studet.
1901 3129 1987 3173 Sed
2009 3143 2087 3172 ac-

1219 3191 1435 3230 cusationi
1488 3189 1691 3231 columen
1733 3190 1942 3244 imponit,
1993 3201 2091 3232 curn

1217 3248 1368 3290 adiicit
1383 3261 1439 3289 ne
1457 3249 1772 3302 impudicitiam
1786 3249 1960 3305 quidem
1976 3261 2092 3290 nunc

1217 3308 1388 3359 abesse,
1422 3307 1497 3348 sed
1534 3321 1627 3349 eam
1648 3307 1846 3350 adhiberi
1874 3314 2090 3363 tamquam

1216 3367 1480 3422 flagitiosum
1514 3368 1640 3423 regni
1663 3367 1839 3421 parandi
1859 3367 2087 3409 adiumen-

1219 3433 1323 3469 tum.
1390 3426 1579 3467 Verbum
1613 3427 1771 3468 habere
1806 3425 1919 3467 haud
1955 3424 2087 3466 dubie

1219 3486 1274 3527 de
1315 3486 1560 3542 Agrippina
1602 3486 1792 3536 dictum,
1843 3483 1956 3539 quod
2001 3495 2087 3524 non

1219 3557 1464 3597 monerem,
1511 3546 1595 3587 nisi
1628 3544 1837 3587 Orellium
1870 3542 2087 3585 diversam

1220 3604 1467 3659 explicandi
1491 3605 1605 3648 viam
1623 3603 1845 3659 delegisse
1873 3601 2084 3645 viderem.
