2222 4022
188 258 325 303 LXVI
973 258 1240 304 PROOEMII

187 408 305 455 tuor
341 408 524 468 tomOS,
567 419 630 455 ex
672 403 851 468 quibus
889 407 1094 468 quartus
1122 405 1334 470 primum
1369 403 1599 468 emissuS‚
1637 403 1814 456 tertius
1849 421 1877 457 a
1914 404 2016 458 filio

199 498 315 561 post
351 495 509 561 patris
548 499 760 545 mortem
806 493 970 546 editus
1017 499 1122 559 est,
1180 495 1307 546 mire
1354 494 1616 561 disposuit.
1707 495 1820 560 Ipse
1853 495 2013 547 Taciti

189 599 343 651 opera
395 585 541 637 brevi
592 584 920 636 annotatione
974 585 1216 636 instructa
1255 585 1463 637 Bonnae
1517 585 1653 637 edidi
1713 601 1758 636 a.
1802 585 1936 637 1834
1970 591 2018 638 et

192 675 352 741 1836,
418 676 510 726 sub
560 675 694 727 idem
746 680 941 741 tempus
979 676 1088 727 Nic.
1129 676 1348 728 Bachius
1383 677 1585 743 Lipsiae
1624 677 1820 729 duobus
1867 678 2017 730 tomis

186 765 475 817 scholarum
516 766 567 816 in
604 782 748 819 usum
787 767 1060 835 evulgavit,
1075 751 1414 819 ³Waltherum
1451 773 1710 821 auctorem
1742 769 1796 819 in
1832 769 2019 836 pleris-

187 871 283 923 que
319 861 540 910 secutus.

322 949 549 1001 Annales
575 949 733 1000 Taciti
766 949 1056 1001 Ludovicus
1081 950 1392 1002 Doederlein
1425 950 1583 1002 edidit
1606 951 1746 1003 Halis
1781 968 1828 1004 a.
1865 951 2015 1017 1841,

187 1044 357 1092 cetera
396 1057 440 1092 a.
470 1037 617 1092 1846.
694 1041 905 1092 Titulum
937 1042 1059 1093 fecit
1090 1042 1142 1093 0.
1169 1041 1391 1092 Cornelii
1419 1041 1580 1093 Taciti
1611 1058 1785 1108 opera.
1826 1042 2018 1094 Emen-

190 1130 333 1181 davit
359 1137 406 1182 et
440 1130 807 1183 commentariis
843 1130 1087 1182 instruoeit
1105 1130 1159 1183 L.
1185 1131 1500 1183 Doederlein.
1574 1134 1664 1185 Est
1701 1133 1870 1199 quinta
1898 1148 2017 1200 pars

190 1221 533 1274 bibliothecae
587 1222 888 1289 scriptorum
933 1223 1223 1275 Latinorum
1285 1225 1501 1276 consilio
1553 1224 1680 1276 God.
1719 1224 2020 1290 Bernhardy

183 1313 457 1364 institutae.
513 1313 684 1379 Nuper
719 1314 960 1367 Duebner
995 1316 1200 1368 Parisiis
1237 1331 1339 1368 uno
1379 1317 1637 1369 volumine
1666 1316 1825 1368 Taciti
1858 1316 2018 1369 libros

185 1405 475 1471 complexus
516 1410 593 1456 est
631 1421 675 1455 a.
721 1406 878 1472 1845,
922 1407 1139 1460 Orellius
1181 1408 1394 1460 duobus.
1470 1406 1646 1461 Orellii
1693 1407 1849 1460 editio
1886 1408 2019 1459 hanc

181 1494 568 1561 inscriptionem
606 1496 861 1563 praefert:
900 1496 953 1547 C.
995 1496 1217 1548 Cornelii
1264 1497 1425 1548 Taciti
1460 1511 1621 1563 opera
1657 1511 1788 1562 quae
1831 1511 2020 1562 super-

183 1590 316 1636 sunt.
416 1585 500 1637 Ad
551 1587 697 1652 sidem
719 1613 721 1615 ·
747 1586 971 1637 codicum
1029 1586 1371 1639 Mediceorum
1418 1588 1482 1638 ab
1542 1587 1756 1654 Georyio
1810 1586 2018 1638 Baitero

186 1677 347 1727 denuo
387 1693 721 1729 eoecussorum
781 1683 1156 1744 ceterorumque
1208 1680 1505 1744 optimorum
1554 1679 1798 1730 librorum
1834 1695 2020 1737 recen·-

193 1769 296 1819 suit
351 1775 500 1836 atque
549 1770 910 1834 interpretatus
966 1775 1042 1820 est
1094 1770 1168 1821 Io.
1209 1770 1412 1836 Caspai·
1461 1769 1698 1823 OrelliuS.
1771 1764 2018 1823 Volumen

183 1861 220 1912 Ι.
264 1860 460 1926 Turici,
514 1861 939 1914 M.DCCC.XLVI.
997 1862 1045 1913 8.
1146 1861 1374 1914 Alterum
1431 1863 1668 1915 volumen
1720 1863 2018 1930 propediem

181 1951 421 2018 prodibit.
534 1953 609 2005 De
662 1953 760 2004 hac
813 1953 1114 2004 sententiam
1182 1953 1286 2003 dixi
1346 1954 1397 2004 in
1446 1953 1650 2006 Diurnis
1721 1954 2018 2007 lenensibus

183 2061 229 2096 a.
279 2044 411 2096 1847
450 2044 501 2095 in
541 2045 747 2096 schedis
786 2060 961 2096 mense
995 2045 1128 2096 Maio
1165 2045 1451 2111 publicatis.

320 2136 573 2202 Opuscula
614 2141 663 2187 et
698 2137 1150 2188 commentationes
1190 2136 1454 2187 doctorum
1486 2135 1712 2187 virorum
1752 2136 1816 2188 de
1842 2136 2102 2188 Tacito35

182 2228 474 2294 conscripta
511 2228 640 2279 haec
691 2243 967 2280 recensere
1027 2244 1215 2294 operae
1270 2229 1480 2294 pretium
1530 2228 1650 2278 mihi
1708 2229 1869 2280 visum
1922 2235 2012 2280 est.

180 2319 395 2372 Omissis
433 2319 496 2370 iis
536 2333 665 2384 quae
705 2319 757 2370 in
788 2320 887 2370 hoc
923 2320 1189 2386 prooemio
1228 2320 1327 2371 iam
1363 2324 1637 2370 memorata
1668 2325 1799 2385 sunt,
1830 2334 2018 2386 sequar

185 2407 418 2461 ordinem
454 2410 750 2462 litterarum.

321 2501 548 2554 Valentis
597 2501 819 2553 Acidalii
873 2505 922 2553 et
974 2501 1037 2554 Μ.
1076 2500 1286 2552 Antonii
1332 2500 1512 2553 Mureti
1564 2505 1717 2552 notae
1769 2501 1822 2553 in
1861 2501 2012 2553 Corn.

184 2593 343 2644 Taciti
379 2609 536 2660 opera
579 2608 706 2659 quae
747 2597 934 2644 extant.
1009 2593 1273 2644 Hanoviae
1316 2592 1463 2645 1607.
1530 2594 1578 2645 8.
1651 2593 1769 2645 Post
1803 2598 2015 2645 mortem

183 2684 410 2737 Valentis
450 2686 558 2736 eius
597 2690 748 2736 notae
785 2684 951 2736 editae
993 2689 1109 2736 sunt
1146 2699 1299 2750 opera
1343 2684 1513 2736 fratris
1555 2684 1845 2736 Christiani.

317 2777 374 2828 U.
404 2776 531 2827 Just.
571 2777 630 2827 H.
672 2775 886 2841 Becker,
924 2775 1322 2843 Anmerkungen
1360 2777 1462 2827 und
1499 2777 1728 2829 Excurse
1764 2792 1827 2827 zu
1863 2776 2016 2827 Taci-

178 2872 257 2919 tus
297 2867 583 2919 Germania.
661 2868 714 2919 C.
756 2869 1024 2920 I-XVIIL
1086 2869 1134 2920 8.
1189 2868 1464 2919 Hannover
1507 2867 1655 2920 1830.

321 2958 378 3010 G.
406 2958 813 3026 Bezzenberger‚
854 2959 1255 3012 Observationes
1281 2960 1557 3011 Tacitinae.
1615 2959 1791 3027 Progr.
1852 2959 2014 3012 Dres-

179 3049 274 3101 dae
314 3047 462 3101 1840.
525 3050 573 3101 8.

320 3172 457 3180 —-—
529 3141 947 3193 Emendationum
989 3141 1231 3193 delectus.
1307 3141 1538 3193 Dresdae
1582 3139 1729 3192 1844.
1794 3139 1844 3191 4.

320 3233 448 3285 Guil.
477 3233 786 3299 Boetticher‚
824 3233 1047 3285 Lexicon
1074 3234 1346 3297 Taciteum,
1386 3232 1496 3284 sive
1523 3232 1586 3283 de
1620 3232 1735 3283 stilo
1762 3232 1815 3284 C.
1840 3232 2014 3284 C.Ta-

181 3325 297 3389 citi,
338 3324 631 3390 praemissis
669 3325 733 3376 de
772 3324 929 3375 Taciti
978 3324 1109 3388 vita,
1172 3323 1373 3389 scriptis
1417 3338 1479 3373 ac
1518 3323 1778 3374 scribendi
1817 3338 2012 3392 genere

177 3415 574 3482 prolegomenis,
649 3415 874 3467 Berolini
918 3414 1066 3467 1830.
1125 3415 1173 3466 8.

322 3505 673 3571 Christophori
714 3508 882 3560 Coleri
937 3507 1000 3559 ad
1040 3507 1191 3559 Corn.
1227 3507 1385 3559 Taciti
1440 3507 1626 3574 scripta
1665 3505 2007 3573 Spicilegium.

179 3591 443 3648 Hanoviae
488 3593 637 3646 1603.
697 3594 745 3646 8.
