2222 4022
988 265 1141 311 CAPvr
1169 268 1242 312 34.
1742 256 1744 258 ’
1913 265 2031 313 va

205 425 232 461 a
269 409 464 477 Ryckio
519 425 672 477 saepe
726 405 987 464 incuriose
1019 410 1190 462 habita
1235 409 1533 478 diligentius¹
1578 409 1830 475 exhibuit,
1894 424 2031 462 non-

203 502 339 554 nulla
375 502 645 570 ingeniose
683 503 932 569 correxit,
985 503 1129 569 plura
1164 518 1429 569 perperam
1468 501 1693 555 tentavit.

344 595 492 646 1752.
590 593 642 644 C.
695 593 915 645 Cornelii
969 594 1128 645 Taciti
1184 593 1392 660 Opera,
1437 599 1586 645 notas
1634 593 1858 660 inteyras
1904 592 2030 643 last.

201 683 379 748 Lipsii,
413 683 455 734 1.
496 682 578 733 Fr.
624 685 886 747 Gron³ovii,
927 685 1033 736 Nic.
1067 685 1263 736 Heinsii
1298 693 1345 736 et
1378 701 1503 737 suas
1543 685 1734 737 addidit
1766 685 1808 735 Ι.
1841 683 1901 735 A.
1925 682 2032 735 Er·-

202 774 409 824 nestius.
507 774 709 840 Lipsiae
753 777 914 842 1752,
970 778 1151 829 iterum
1195 779 1344 830 1772.
1409 778 1452 828 II
1497 776 1615 827 voi).
1672 772 1720 827 8³.
1807 776 2034 827 Ernestii

203 863 475 916 editionem
511 866 661 917 novis
698 868 832 919 curis
862 873 1059 919 auctam
1100 868 1366 920 adornavit
1391 867 1490 918 Ier.
1518 866 1742 918 Iacobus}
1761 864 2030 917 merlinus

202 954 696 1021 Argentoratensis1
747 958 948 1024 Lipsiae
996 960 1156 1025 1801,
1215 958 1491 1010 Immanuel
1526 956 1787 1009 Bek‘kerus
1840 958 2029 1009 ibidem

211 1045 370 1115 1831,
425 1046 701 1101 instructus
739 1050 1017 1102 collatione
1047 1051 1291 1102 librorum
1329 1052 1382 1104 M2
1419 1055 1469 1102 et
1503 1051 1582 1102 Ma
1624 1066 1656 1100 a
1689 1050 1836 1101 Furia
1878 1050 2028 1101 facta.

344 1138 441 1188 177
451 1139 495 1188 i.
589 1139 644 1190 C.
685 1140 914 1191 Cornelii
949 1140 1113 1191 Taciti-2
1145 1155 1307 1206 opera
1355 1140 1679 1206 recognovit,
1731 1139 2026 1204 emendavit,

202 1227 560 1292 supplementis
595 1229 844 1294 emplevit,
878 1230 1039 1294 notis,
1077 1229 1516 1281 dissertatimtibas
1538 1269 1551 1293 ,
1596 1228 1783 1279 tabulis
1812 1243 2032 1295 qeoyra-

194 1318 361 1384 phicis
399 1319 676 1372 illustravit
710 1321 918 1373 Gabriel·
950 1322 1168 1373 Brotier.
1242 1322 1448 1374 Parisiis
1495 1322 1555 1372 17
1561 1322 1648 1372 71..
1706 1321 1770 1372 IV
1809 1320 1927 1370 voli.
1978 1316 2028 1370 4.

200 1409 466 1463 Broterius
494 1411 755 1462 variantes·
785 1412 1060 1478 scripturas
1089 1429 1153 1465 ex
1181 1412 1740 1476 codicibusvaticania
1767 1410 2034 1463 Oxonien-

200 1501 372 1567 sibuS,
412 1502 654 1554 Parisinis
693 1503 880 1569 attulit,
941 1504 1033 1557 sed
1071 1505 1255 1558 nullius
1308 1505 1509 1557 eod-icis
1546 1503 1722 1570 copias
1754 1502 1903 1568 plene
1941 1516 2040 1552 ac-

203 1597 485 1659 curateque
505 1595 857 1661 suppeditavit.
931 1597 1160 1662 Repetita
1187 1602 1266 1649 est
1301 1602 1351 1649 et
1386 1600 1531 1648 aucta
1558 1592 1765 1646 Parisiis
1796 1609 1841 1644 a.
1879 1591 2027 1645 1776.

199 1683 302 1734 vn.
369 1685 448 1735 12.
1834 1663 1841 1669 ’

339 1773 514 1839 Neque
545 1773 813 1825 defuerunt
848 1776 930 1842 qui
961 1781 1076 1842 post
1100 1777 1385 1829 Broteriurm
1416 1782 1467 1827 et
1488 1773 1777 1827 Ernestium
1806 1773 2029 1825 Tacitum

204 1863 364 1916 edere
408 1865 748 1931 susciperent,
821 1865 974 1916 veluti
1029 1865 1255 1918 editores
1304 1865 1559 1932 Bipontini
1612 1870 1685 1927 (a.
1732 1864 2029 1917 1779·-—80

203 1961 254 2007 et
293 1955 470 2021 1792),
513 1953 847 2019 Kiesslinyius
886 1954 969 2020 qui
1001 1953 1233 2007 Annales
1265 1972 1310 2007 a.
1340 1955 1490 2020 1829,
1526 1952 1777 2005 Historias
1817 1968 1862 2004 a.
1895 1953 2026 2005 1840

201 2045 336 2096 notis
386 2046 658 2096 instructas
711 2043 913 2108 Lipsiae
966 2045 1236 2112 evulgavit.
1351 2046 1558 2099 Multum
1612 2059 1799 2111 operae
1852 2044 2025 2095 'Facito

200 2135 554 2202 impenderunt
585 2139 855 2200 praeterea
888 2134 1185 2188 Waltherus-
1221 2141 1276 2188 et·
1306 2136 1591 2202 Rupertius..

345 2224 702 2278 1831—1833.
756 2225 1003 2278 Waltheri
1027 2243 1148 2278 cura
1183 2227 1259 2278 sic
1295 2227 1536 2293 inscripta
1558 2225 1778 2292 prodiit:
1819 2224 1873 2276 C.
1905 2223 2030 2276 Cor-

198 2317 320 2368 nelii
364 2317 524 2368 Taciti
559 2315 749 2381 Opera.
846 2316 1117 2367 Recensuit
1169 2322 1218 2366 et
1255 2316 1643 2369 commentarios
1687 2331 1810 2367 sitos
1848 2314 2031 2366 adiecit

201 2408 378 2475 Geory.
414 2407 666 2459 Henricus
699 2406 936 2458 Walther.
1011 2407 1156 2458 Halis
1185 2407 1462 2463 Saxonum.
1537 2409 1622 2460 tv..
1659 2409 1708 2460 8.
1786 2407 2027 2468 Quartum

199 2499 441 2551 volumem
470 2504 586 2566 post
621 2503 834 2551 mortem
875 2499 1087 2551 editoris
1123 2516 1187 2551 ex
1224 2501 1332 2551 eius
1365 2500 1553 2550 chartis
1592 2498 1863 2550 adornavit
1890 2496 2030 2549 Eok-

199 2590 345 2642 stein.
432 2590 740 2659 Diligentiae
785 2591 984 2643 laudem
1047 2591 1337 2643 Waltherus
1383 2591 1593 2655 meruit,
1651 2589 1924 2657 praecipue
1975 2589 2030 2639 in

201 2681 523 2734 excutiendis¹
565 2682 826 2748 impressis
874 2683 1272 2749 exemplaribus3
1325 2682 1567 2734 iudicium
1608 2686 1657 2734 et
1707 2697 1882 2733 veram
1929 2680 2029 2732 ‹to-

202 2773 418 2824 ctrinam÷
467 2773 622 2839 periti
676 2787 831 2838 saepe
892 2772 1222 2836 desiderant3
1278 2778 1652 2839 provocantem
1681 2772 1922 2825 continuo
1960 2772 2025 2824 ad

199 2862 449 2914 silentium
486 2863 699 2914 Victorii
746 2862 1015 2930 elegantes
1043 2878 1200 2930 aegre
1235 2862 1470 2916 tolerant.
2045 2906 2046 2909 ,

341 2952 699 3005 1832-1-839.
792 2954 844 3004 G.
884 2952 1107 3005 Cornelii
1147 2953 1311 3006 Taciti
1342 2969 1525 3020 operat..
1607 2953 1690 3006 Ad
1723 2954 2026 3020 optimorum

202 3042 445 3094 librorum
477 3043 623 3109 sidem
659 3045 950 3110 recognovit
1003 3049 1050 3094 et
1079 3051 1333 3110 ⁴perpetua
1381 3044 1708 3096 annotatione
1743 3045 2028 3111 tripticiqae

198 3134 361 3185 indice
384 3135 627 3185 instrumit
645 3135 889 3200 Georyias
909 3134 1202 3185 Alexander
1222 3136 1449 3201 Ruperti.
1502 3137 1854 3188 Hannoverae.
1884 3138 1948 3188 IV
1974 3136 2022 3187 8.

199 3224 386 3277 Sedulo
438 3224 681 3290 quidquid
732 3225 919 3291 scripta
966 3225 1143 3281 Taciti,
1186 3225 1473 3293 legentibus
1531 3227 1823 3277 conducere
1873 3239 2025 3290 posse

201 3314 530 3381 opinabatur,
585 3315 852 3380 Rupertius
903 3316 1165 3382 congessit
1204 3322 1254 3367 et
1291 3317 1576 3382 speciosam
1615 3316 1924 3384 farraginem
1961 3330 2027 3367 ex

197 3403 353 3456 variis
383 3403 527 3454 libris
568 3402 831 3454 collectam
868 3408 916 3454 et
946 3419 1121 3468 parum
1161 3405 1413 3455 concinne
1450 3406 1751 3459 adornatam
1785 3409 1836 3458 in
1877 3411 2026 3473 quat·-

308 3529 346 3570 1.
393 3529 507 3570 Ante
555 3526 808 3570 Oberlinum
855 3527 908 3569 ad
956 3526 1068 3569 hanc
1155 3535 1199 3570 et
1231 3528 1496 3572 toleraverat
1529 3542 1667 3588 usque
1699 3532 1752 3575 ad
1785 3533 1823 3575 11
1863 3534 1934 3577 24.

202 3600 345 3630 curam
378 3601 426 3631 se
459 3588 708 3630 accinxerat
730 3587 800 3629 Fr.
819 3587 871 3629 A.
886 3587 1068 3629 Wolfius

1522 3671 1690 3706 *aaa*
