2280 4004
196 291 234 330 U
253 278 304 328 θ’.
334 280 409 327 60.
431 305 449 314 ,.
786 276 952 322 LIBER
981 277 1096 324 XIV.
1158 275 1267 324 Cn.
1301 278 1493 323 22—24.
1940 278 2030 325 190

192 425 342 484 stium
376 422 665 477 intenderet
702 420 801 486 vel,
846 421 892 473 si
930 418 1262 486 pepercisset,
1302 418 1604 471 clementiae
1637 418 1825 473 famam
1867 417 2036 485 adipi-

194 522 451 582 sceretur,
485 515 605 567 illuc
640 513 832 581 pergit,
874 526 978 563 non
1011 511 1212 562 infenso
1259 511 1516 575 exercitu,
1564 526 1630 562 ne
1675 525 1815 577 spem
1851 511 2034 564 veniae

194 607 453 672 auferret,
506 619 672 671 neque
707 609 875 655 tamen
916 602 1130 654 remissa
1172 616 1323 665 cura,
1381 616 1572 668 gnarus
1609 601 1811 654 facilem
1845 605 2035 655 mutatu

192 702 398 766 gentem
423 731 438 762 ‚
490 700 544 747 ut
578 710 790 762 segnem
834 693 899 745 ad
934 691 1192 759 pericula,
1247 691 1316 742 ita
1362 691 1566 742 infidam
1605 691 1670 742 ad
1709 692 2030 744 occasiones

194 787 425 853 Barbari,
465 801 557 853 pro
594 785 803 854 ingenio
845 784 1075 851 quisque,
1115 782 1200 833 alii
1235 796 1417 848 preces
1454 781 1659 847 offerre,
1697 782 1899 848 quidam
1936 782 2069 835 ἀεῖ-5

193 893 371 934 serere
402 878 548 930 vicos
584 882 633 929 et
669 877 722 927 in
759 875 873 928 avia
913 873 1144 941 digredi3
1187 888 1248 923 ac
1285 872 1428 924 fuere
1463 872 1547 938 qui
1586 887 1643 924 se
1665 872 1943 939 spelunciS,
1977 879 2028 925 et

195 970 460 1023 carissima
519 983 720 1032 secum,
781 966 1043 1018 abderent.
1118 964 1276 1033 Igitur
1330 963 1433 1015 dux
1487 965 1742 1017 Romanus
1809 964 2027 1016 diversis

192 1061 413 1126 artibUS,
466 1058 821 1111 misericordia
862 1057 1110 1133 adversus
1145 1055 1430 1122 suppliceS,
1480 1055 1740 1108 celeritate
1777 1055 2028 1107 adversus

192 1151 468 1219 profug08‚
519 1150 722 1202 immitis
758 1149 821 1200 iis
859 1149 944 1216 qui
981 1147 1202 1200 latebras
1239 1146 1566 1210 insederant,
1621 1160 1710 1197 ora
1765 1151 1816 1197 et
1863 1146 2027 1197 exitus

191 1257 433 1309 specuum
470 1241 738 1294 sarmentis
771 1239 1105 1308 virgultisque
1142 1237 1422 1305 completos
1459 1238 1566 1305 igni
1603 1237 1784 1290 exurit.
1859 1238 2027 1304 Atque
2043 1250 2090 1292 to

189 1323 329 1387 illum
363 1334 490 1386 fines
525 1347 649 1385 suos
681 1332 1124 1400 praegredientem
1162 1330 1493 1381 incursavere
1527 1329 1708 1394 Mardi,
1743 1329 2027 1380 latrociniis

194 1424 407 1477 exerciti
445 1429 724 1490 contraque
757 1423 1123 1490 inrumpentem
1162 1422 1415 1473 montibus
1452 1421 1685 1484 defensi3
1733 1434 1861 1488 quos
1897 1420 2030 1472 Cor-

191 1515 312 1570 bulo
347 1515 587 1567 immissis
628 1515 830 1567 Hiberis
863 1514 1096 1579 vastavit,
1135 1513 1472 1580 hostilemque
1507 1512 1775 1566 audaciam
1812 1516 2025 1564 externo

108 1606 443 1674 24sanguine
491 1606 624 1659 ultus
679 1611 771 1658 est.
845 1607 958 1672 Ipse
1008 1605 1363 1672 exercitusque
1411 1608 1465 1654 ut
1519 1602 1668 1654 nullis
1719 1619 1784 1654 ex
1830 1602 2025 1670 proelio

194 1697 408 1764 damnis,
445 1697 514 1749 ita
550 1713 641 1764 per
678 1697 901 1763 inopiam
924 1701 974 1748 et
1002 1697 1207 1749 labores
1238 1695 1558 1760 fatiscebant,
1602 1709 1755 1746 carne
1777 1694 2091 1761 pecudumw

312 1893 351 1936 1.
390 1892 614 1936 intendere
649 1891 741 1936 Ma:
775 1892 808 1936 G
839 1892 1093 1935 intenderet.
1202 1891 1350 1934 malim
1382 1892 1662 1948 apisceretur.
1698 1892 1754 1934 cf.
1789 1897 1939 1934 annot.
1974 1892 2027 1933 ad

195 1954 252 1997 12
281 1952 354 1997 30.
446 1954 489 1996 3.
521 1955 680 2009 faciem
709 1952 791 1995 Ma.
884 1953 926 1995 5.
963 1952 1068 2008 ᾕρεε
1101 1949 1182 1994 Ma.
1274 1952 1315 1995 9.
1348 1952 1451 1994 inm.
1488 1950 1569 1994 Ma.
1661 1952 1726 1994 Itis
1759 1950 1852 1994 Ma:
1890 1951 1924 1994 G
1955 1951 2023 1994 iis.

200 2013 270 2055 12.
307 2012 487 2069 irmmp.
520 2011 591 2055 Or.
687 2014 755 2056 13.
788 2013 892 2054 inm.
927 2011 1008 2055 Ma.
1105 2013 1173 2054 14.
1203 2010 1344 2069 prael.
1379 2011 1453 2054 Or.

1160 2182 1470 2238 stantinopolis
1493 2182 1837 2238 aquaeductibus
1862 2182 2028 2225 disser-

1154 2244 1279 2285 tatio.
1354 2243 1538 2297 Scripsit
1572 2242 1621 2284 (ι’.
1655 2244 1709 2286 H.
1750 2243 1802 2284 H.
1835 2243 2028 2285 Jordans

1158 2303 1363 2358 (Bonnae
1400 2302 1565 2359 1844);
1599 2314 1641 2355 p.
1675 2303 1705 2346 2
1737 2315 1831 2357 sqq.

1245 2362 1350 2416 Cap.
1384 2362 1455 2404 23.
1519 2368 1564 2402 at
1599 2360 1783 2402 Corbulo
1817 2367 1931 2404 eet.:
1974 2361 2028 2404 ad

201 2194 332 2226 nemo
356 2182 571 2225 dubitabit
603 2184 707 2238 quin
742 2182 891 2225 Tacito
926 2183 1071 2225 licue-

201 2244 260 2286 rit
301 2243 452 2286 dicere
489 2243 605 2286 hunc
642 2243 764 2286 illum
811 2245 957 2300 (esse)
1003 2243 1074 2297 qui

204 2303 379 2345 numine
428 2303 550 2345 deum
587 2303 901 2356 destinaretur,
942 2301 1072 2357 idque

202 2363 346 2416 ipsum
362 2363 479 2404 inest
499 2363 544 2404 in
557 2362 705 2404 verbis
721 2376 745 2404 a
763 2375 833 2404 me
848 2363 1072 2413 correctis,

202 2427 252 2463 ut
272 2421 329 2463 Xl
363 2421 387 2464 7
416 2420 609 2464 scribere
643 2422 770 2463 licuit
801 2435 922 2475 quem
952 2421 1073 2462 illum

200 2487 328 2523 tanta
347 2480 550 2536 superbia
579 2494 668 2522 esse
697 2488 744 2521 ut
773 2482 1072 2522 aeternitatem

193 2541 341 2596 famae
370 2553 443 2596 spe
466 2540 745 2595 praesumat?
776 2541 881 2581 item
905 2538 982 2581 XII
1012 2540 1070 2583 36

195 2599 287 2654 quis
322 2598 398 2641 ille
430 2599 618 2655 (==quis
660 2599 719 2640 sit
763 2598 841 2641 ille
874 2601 974 2655 qui)
1012 2606 1071 2640 tot

189 2672 273 2715 per
303 2671 443 2700 annos
476 2672 574 2715 opes
611 2665 784 2700 nostras
825 2660 1067 2714 sprevisset.

194 2717 301 2760 Nam
333 2718 378 2759 in
409 2716 499 2760 illis
532 2718 651 2772 prius
684 2730 922 2772 pronomen
957 2717 1065 2759 sub-

194 2777 318 2829 iecti,
339 2777 526 2819 alterum
551 2777 790 2831 praedicati
806 2778 948 2819 vicem
968 2789 1069 2818 sus-

194 2836 330 2877 tinet:
386 2849 514 2878 secus
563 2842 629 2877 est
679 2837 724 2876 in
778 2836 862 2877 hoc
902 2842 1066 2889 nostro,

195 2899 244 2935 ut
266 2894 403 2950 vulgo
425 2895 602 2951 legitur.
668 2895 832 2936 Vitium
861 2896 1069 2937 destinari

198 2967 255 2996 ex
302 2953 562 3009 compendio
629 2953 845 2996 destinata
894 2961 1066 2997 natum:

194 3025 293 3056 nam
325 3019 374 3056 ta
412 3019 455 3055 et
484 3014 520 3055 ti
560 3014 605 3055 in
644 3014 862 3068 scriptura
895 3015 1067 3056 cursiva

194 3071 425 3115 admodum
455 3072 618 3115 similia
639 3080 756 3126 sunt,
786 3085 871 3129 quo
902 3074 1064 3116 factum

194 3136 244 3172 ut
274 3130 354 3174 XV
385 3132 444 3176 29
473 3131 630 3175 sublati
672 3145 748 3187 pro
781 3133 991 3175 sublatum
1021 3135 1065 3174 in

195 3188 264 3231 Ma
283 3191 522 3244 irrepserit,
553 3204 702 3234 rursus
731 3193 766 3234 ti
786 3198 832 3234 et
859 3194 903 3234 ri
934 3192 1066 3234 facile

195 3254 430 3291 mutantur.

287 3321 382 3349 cum
400 3309 579 3364 coniuye
592 3309 804 3352 Antistia.-
835 3310 892 3352 cf.
916 3315 1063 3353 atinot.

197 3368 251 3410 ad
283 3367 382 3410 XVI
416 3367 484 3410 10.
579 3381 716 3422 aquae
746 3369 972 3410 Marciae.-
1006 3370 1063 3411 cf.

194 3427 398 3470 Frontin.
433 3426 630 3481 Aquaed.
677 3429 700 3470 7
743 3434 786 3470 et
817 3429 888 3471 93.
953 3427 1063 3469 Plin.

196 3486 333 3530 XXXI
355 3487 370 3526 1
390 3486 461 3537 24,
485 3485 660 3527 XXXVI
675 3487 746 3529 24.
782 3487 978 3529 Deducta
1001 3492 1065 3527 cst

199 3551 244 3588 et
273 3546 496 3587 nominata
528 3557 554 3586 a
589 3551 789 3598 praetore
823 3545 873 3596 Q.
904 3546 1064 3587 Marcio

200 3603 323 3660 Rege
371 3605 484 3646 inter
526 3616 564 3646 a.
601 3605 686 3648 590
725 3610 768 3646 et
798 3604 899 3648 603.
966 3603 1062 3646 Vid.

200 3661 257 3706 de
284 3661 471 3719 publicis
494 3662 664 3707 urbium
683 3663 846 3708 Romae
879 3665 922 3706 et
944 3660 1064 3705 Con-

1154 2434 1298 2463 rerum
1358 2426 1610 2463 contextum
1661 2419 1772 2461 libro
1822 2421 1918 2464 xlll
1967 2421 2023 2463 41

1154 2482 1362 2521 omissum
1394 2481 1480 2520 iam
1511 2480 1765 2522 revertitur.
1859 2480 1917 2521 ad
1947 2494 2025 2521 oc-

1154 2539 1354 2595 cupanda
1391 2539 1725 2595 Tigranocerta.-
1775 2538 1835 2581 cf.
1876 2545 2024 2583 annot.

1153 2599 1207 2641 ad
1239 2598 1318 2640 XV
1351 2599 1391 2641 5.
1535 2599 1815 2640 incursavere
1849 2599 2026 2641 Mardi:

1152 2658 1207 2700 de
1227 2658 1385 2700 Mardis
1406 2657 1640 2700 Armeniae
1672 2658 1835 2712 populo
1868 2658 2023 2701 Strabo

1151 2718 1208 2759 Xl
1246 2719 1299 2760 13
1331 2719 1359 2760 3
1392 2723 1501 2758 extr.
1535 2730 1577 2771 p.
1612 2717 1714 2769 523,
1746 2717 2024 2760 Ptolemaeus

1153 2778 1190 2820 V
1240 2778 1293 2820 13
1332 2778 1405 2820 20.
1476 2776 1614 2818 Iidem
1647 2776 1814 2819 Mediae
1857 2783 2024 2831 partem

1152 2835 1408 2878 habitavere
1441 2841 1484 2878 et
1516 2841 1644 2877 aucto
1677 2838 1855 2878 nomine
1889 2838 2022 2879 etiam

1150 2895 1337 2937 Amardi
1366 2901 1607 2947 vocantur;
1641 2895 1695 2937 de
1726 2896 1885 2950 quibus
1916 2897 2021 2937 Pto-

1150 2954 1344 2998 lemaeus
1375 2955 1431 2997 Vl
1461 2955 1550 3006 25,
1585 2954 1738 2997 Strabo
1763 2954 1793 2996 l.
1818 2969 1855 2997 c.
1899 2955 2023 2998 Adde

1150 3014 1338 3056 Plinium
1371 3013 1422 3056 N.
1457 3013 1508 3055 Η.
1546 3013 1602 3056 VI
1638 3014 1690 3056 18
1724 3019 1767 3056 et
1800 3015 1873 3057 31.

1234 3081 1411 3116 externo
1438 3074 1648 3127 sanquine
1677 3073 1789 3116 ultus
1821 3080 1905 3115 est.-
1938 3086 2021 3126 pe-

1148 3134 1290 3187 percit
1310 3133 1505 3174 Romano
1526 3133 1729 3187 sanguini
1756 3145 1807 3173 ac
1838 3133 2019 3173 sociatis

1148 3192 1322 3233 Hiberis
1372 3204 1463 3232 rem
1512 3202 1598 3232 non
1656 3192 1751 3231 sine
1802 3191 2018 3246 sanguine

1149 3250 1455 3305 perficiendam
1488 3249 1779 3294 demandavit.

1237 3309 1340 3363 Cap.
1373 3309 1446 3352 24.
1511 3322 1644 3350 carne
1673 3309 1883 3364 pec-udum
1910 3323 2018 3365 pro-

1143 3368 1321 3424 pulsare
1351 3371 1507 3423 fame-m
1527 3368 1705 3409 adacti.-
1740 3368 2016 3423 quotidianus

1149 3428 1275 3470 militi
1298 3428 1491 3468 Romano
1514 3427 1635 3470 cibus
1665 3427 1883 3469 frumento
1909 3438 2018 3469 con-

1149 3487 1396 3528 ficiebatur:
1432 3486 1473 3527 id
1506 3491 1608 3526 tunc
1641 3488 1817 3527 omnino
1850 3485 2016 3529 deerat.

1149 3544 1260 3586 Caro
1280 3551 1422 3586 autem
1446 3550 1609 3586 tantum
1628 3544 1760 3586 ovilis
1773 3546 2018 3602 (pecudum)

1147 3603 1331 3655 aderat,
1364 3616 1450 3644 non
1484 3603 1660 3646 bubula.
1724 3603 1850 3647 Gonf.
1885 3604 2008 3648 Caes.

1147 3662 1195 3705 B.
1231 3662 1279 3706 G.
1318 3661 1394 3704 Vll
1430 3663 1497 3706 17.
