2280 4004
184 802 209 840 5

220 278 311 324 1ae

223 424 391 476 tendis
423 422 693 490 auspiciiS,
748 435 868 473 mox
919 435 1080 473 ovans
1137 420 1346 472 introiit.

1002 270 1293 322 ANNALWM

1801 292 1842 324 a.
1871 274 1917 324 ti.
1949 274 2050 327 ⁷73.

1443 421 1741 490 Pau-cosque
1775 428 1894 490 post
1940 424 2052 479 dies

222 515 463 584 Vipsania
498 520 660 566 mater
696 513 804 565 eius
835 513 1074 578 excessit,
1098 527 1199 565 una
1238 513 1459 566 omnium
1484 512 1743 582 Agrippae
1778 514 2055 586 liberorum
2113 516 2118 520 ’

223 608 330 659 miti
367 607 523 658 obitu.
598 606 724 657 Nam
764 609 965 656 ceteros
1014 605 1334 690 manifestum
1382 606 1520 660 ferro
1562 606 1645 660 vel
1689 606 1937 659 creditum
1978 611 2059 661 est

223 714 423 751 veneno
460 702 544 749 aut
581 697 713 749 same
748 697 1017 749 extinctos

364 789 558 841 Eodem
598 803 733 840 anno
772 788 1096 853 TacfarinaS,
1158 802 1306 855 quem
1354 789 1528 856 priore
1573 795 1765 843 aestate
1798 791 1994 858 pulsum
2027 797 2144 845 1120

224 881 435 933 Camillo
477 880 785 944 memoravi,
836 880 1022 931 bellum
1060 881 1113 931 in
1149 881 1329 933 Africa
1361 887 1603 947 renovat,
1659 883 1806 951 vagis
1842 883 2058 949 primum

222 972 632 1040 populationibus
663 977 713 1023 et
738 973 802 1024 ob
828 973 1181 1039 pernicitatem
1215 973 1403 1039 inultis,
1442 974 1562 1026 dein
1587 974 1732 1026 vicos
1762 975 2056 1041 excindere,

223 1064 426 1115 trahere
452 1078 640 1130 graves
668 1063 914 1130 praedas3
934 1068 1211 1130 postremo,
1237 1065 1373 1117 haud
1398 1065 1578 1130 procul
1600 1065 1804 1132 Pagyda
1834 1066 2056 1131 flumine,

226 1155 489 1206 cohortem
536 1156 814 1206 Romanam
869 1155 1210 1206 circumsedit.

164 1245 666 1315 teimpigergnanu,
729 1246 983 1298 exercitus
1034 1246 1209 1298 militia
1250 1251 1299 1299 et
1346 1247 1482 1298 illam
1521 1246 1842 1299 obsidionem
1881 1247 2059 1317 flagitii

456 1338 503 1389 Is
545 1337 838 1389 cohortatus
872 1338 1056 1389 milites
1093 1343 1146 1389 ut
1183 1339 1379 1404 copiam
1416 1351 1620 1406 pugnae
1670 1339 1722 1389 in
1759 1343 1935 1405 aperto
1976 1339 2060 1391 fa·-

227 1434 435 1494 cerent,
494 1429 657 1480 aciem
696 1442 789 1495 pro
841 1429 1024 1481 castris
1077 1428 1293 1481 instruit.

225 1342 381 1389 ratus.

1297 1155 1536 1207 Praeerat
1587 1156 1796 1208 castello
1843 1156 2058 1209 Decrius

1375 1430 1643 1496 Primoque
1679 1431 1866 1497 impetu
1914 1429 2060 1496 pulsa

226 1520 470 1584 cohorte,
523 1523 783 1586 promptus
825 1519 959 1572 inter
1001 1517 1101 1572 tela
1154 1525 1392 1572 occursat
1433 1520 1772 1588 fugientibus,
1830 1521 2061 1588 increpat

225 1611 506 1678 signiferos
556 1611 691 1676 quod
747 1609 1023 1663 inconditis
1079 1616 1164 1663 aut
1220 1607 1571 1664 desertoribus
1621 1613 1766 1664 miles
1803 1614 2060 1667 Romanus

162 1706 369 1770 isterga
409 1703 553 1754 daret
573 1721 587 1766 ;
625 1703 771 1754 simul
807 1707 1020 1769 excepta
1056 1703 1284 1768 vulnera,
1328 1709 1399 1769 et,
1437 1717 1736 1770 quamquam
1773 1703 2058 1756 transfosso

225 1794 393 1857 ocule,
425 1793 696 1845 adversum
724 1808 783 1845 os
818 1795 870 1844 in
904 1794 1101 1845 hostem
1137 1795 1368 1860 intendit,
1402 1810 1567 1861 neque
1594 1794 1841 1861 proelium
1871 1795 2056 1860 omisit,

335 1964 376 2007 2.
410 1963 631 2019 uipstania
662 1961 728 2005 M:
774 1963 966 2005 correxit
1001 1961 1259 2005 Beroaldus,

807 2023 851 2065 8.
885 2021 1065 2078 Payyda
1098 2023 1161 2076 M,
1212 2035 1301 2065 non
1335 2023 1516 2079 Paqida.

223 2023 263 2065 7.
293 2021 601 2064 eoescincedere
631 2020 686 2064 M.

222 2082 414 2124 correxit
443 2081 700 2124 Beroaldus.
794 2082 987 2123 romanis
1017 2081 1072 2124 Μ.

220 2250 357 2289 scum,
391 2249 478 2292 quo
509 2236 714 2290 obtinuit,
746 2242 794 2277 ut
826 2237 900 2292 qui
933 2250 957 2279 e
989 2249 1096 2291 pro-

220 2298 380 2340 vinciis
414 2309 510 2336 cum
544 2297 727 2349 imperio
752 2296 959 2349 redirent,
985 2297 1097 2339 illud

219 2359 361 2412 ipsum
393 2356 666 2407 amitterent,
703 2355 831 2397 simul
863 2357 1098 2399 intrassent

219 2417 387 2458 urbem.
450 2414 552 2456 Ideo
592 2414 741 2456 Livius
774 2414 912 2456 XXVI
944 2415 995 2458 9:
1045 2417 1094 2469 Q.

220 2475 369 2518 Fulvio
408 2487 463 2514 ne
503 2474 769 2516 minueretur
806 2475 1032 2530 imperium
1060 2476 1098 2518 si

219 2536 267 2576 in
297 2534 445 2576 urbem
473 2535 669 2586 venisset,
699 2534 892 2574 decernit
906 2541 1093 2578 senatus.

219 2593 275 2635 Et
313 2594 453 2647 magis
496 2593 549 2632 ad
591 2592 734 2633 lucem
777 2592 936 2646 Taciti,
979 2596 1096 2649 quod

220 2652 304 2693 Dio
331 2651 502 2694 L11132
534 2651 677 2704 tradit,
709 2651 909 2707 Augusto
937 2651 1094 2695 decre-

220 2717 310 2753 tum
353 2715 611 2765 perpetuum
654 2710 965 2764 proconsulare
1009 2712 1093 2753 im-

219 2771 414 2825 perium,
449 2771 510 2811 ita
541 2775 587 2810 ut
616 2782 700 2811 nec
731 2770 766 2810 si
799 2770 912 2811 intra
943 2771 1094 2814 urbem

218 2830 416 2871 venisset
431 2830 717 2881 minueretur,
729 2840 842 2871 neve
862 2843 1094 2873 necessum

220 2894 337 2930 esset
356 2887 682 2934 ἀνανεοῦσθαι
706 2881 971 2947 τῆνοίρχὴν,
993 2892 1022 2932 i.
1053 2904 1091 2933 e.

217 2959 433 2989 renovare
484 2948 579 2989 sive
629 2954 833 3001 repetere
882 2951 1092 3003 auspicia.

218 3005 325 3048 Nam
357 3007 542 3060 auspicii
573 3009 748 3048 nomine
782 3008 909 3048 etiam
951 3010 1094 3063 impe-

217 3066 330 3107 rium
364 3064 437 3106 hic
469 3078 591 3121 cape.
643 3065 728 3108 Sed
760 3067 831 3107 eui
864 3067 927 3107 rei
952 3067 1092 3108 Druso

220 3137 328 3178 opus
382 3124 467 3165 fuit
522 3126 710 3179 repetito
762 3126 980 3179 imperio?
1027 3126 1093 3168 Ad

218 3185 485 3226 ovationem.
547 3185 652 3227 Nam
701 3185 776 3240 qui
821 3185 1094 3239 triumphans

219 3256 445 3298 ovansque
487 3244 638 3286 urbem
681 3243 950 3300 ingreditur,
996 3258 1094 3286 cum

220 3303 403 3356 imperio
450 3301 493 3344 id
538 3303 645 3346 facit
687 3304 730 3344 in
773 3298 897 3345 illum
943 3303 1092 3345 diem:

219 3362 384 3403 Drusus
417 3367 559 3403 autem
605 3364 832 3417 imperium
874 3364 1093 3416 amiserat,

220 3421 445 3475 ingressus
502 3422 651 3463 urbem
713 3422 769 3463 ob
826 3422 971 3464 fratris
1025 3424 1092 3464 sui

220 3485 418 3519 mortem.
470 3479 630 3520 Debuit
653 3494 758 3537 ergo
790 3488 1008 3535 repetere,
1048 3487 1094 3522 ut

221 3543 387 3579 ovaret.
430 3537 536 3577 Eius
572 3542 818 3581 sententiae
850 3547 950 3582 sunt
981 3550 1093 3597 quae

222 3595 336 3648 apud
353 3594 610 3638 Ciceronem
643 3597 771 3654 legis,
793 3612 914 3653 spem
936 3601 1091 3642 trium-

223 3652 300 3708 phi
333 3654 639 3708 abiicientem,
683 3657 736 3698 ad
773 3657 863 3705 ΑΗ.
913 3659 989 3702 Vll
1033 3661 1089 3702 7:

1382 1964 1424 2006 3.
1458 1963 1568 2005 mitti
1598 1963 1653 2005 M.
1773 1963 1817 2007 6.
1851 1964 1973 2020 arria
2002 1965 2056 2009 Μ.

1646 2024 1713 2068 14.
1747 2024 1958 2068 mendicis
1991 2023 2055 2067 M:

1179 2243 1282 2278 utar
1311 2250 1365 2278 ea
1390 2244 1522 2294 porta
1551 2250 1678 2293 quam
1695 2240 1882 2295 primum
1896 2242 2058 2296 videro,

1184 2302 1227 2338 et
1268 2297 1383 2350 apud
1426 2296 1718 2352 Coelium-ad
1761 2297 1853 2342 Cic.
1900 2314 1977 2356 ep.v
2003 2301 2058 2344 6:

1181 2367 1318 2410 ‘neque
1350 2357 1461 2397 enim
1481 2357 1605 2398 stulte
1620 2357 1796 2414 Appius,
1820 2361 1904 2413 qui,
1935 2360 2061 2403 simul

1183 2422 1306 2469 atque
1328 2415 1558 2456 Dolabella
1575 2418 1756 2458 accessit
1778 2418 1836 2458 ad
1854 2419 2058 2473 tribunal,

1181 2475 1414 2516 introierat
1472 2476 1518 2516 in
1574 2476 1722 2517 urbem
1777 2477 2060 2534 triumphique

1176 2533 1508 2590 postulationem.
1549 2535 1797 2590 abiecerat3
1832 2537 1947 2591 apud
1980 2537 2060 2580 Ul-

1182 2594 1356 2647 pianum
1384 2594 1438 2649 (l.
1473 2593 1551 2636 ult.
1582 2594 1634 2636 de
1653 2595 1726 2637 off.
1756 2597 2058 2654 proconsul.):

1177 2652 1411 2708 proconsul
1436 2660 1608 2709 portam
1646 2655 1810 2697 Romae
1843 2657 2059 2711 inqressus

1181 2712 1350 2767 deponit
1376 2713 1625 2769 imperium3
1654 2715 1811 2756 iterum
1831 2715 1945 2769 apud
1963 2714 2057 2758 Cic.

1182 2770 1234 2812 ad
1272 2771 1362 2813 Att.
1400 2771 1477 2814 Vll
1513 2775 1566 2815 1:
1614 2773 1720 2815 mihi
1760 2773 1885 2816 valde
1913 2775 2058 2832 placet

1181 2830 1230 2871 de
1284 2831 1493 2888 triumpho
1546 2846 1625 2875 nos
1673 2832 1820 2875 moliri
1867 2833 2056 2890 aliqui&

1181 2896 1306 2932 eoetra
1355 2891 1504 2933 urbem
1549 2901 1638 2936 esse
1691 2903 1786 2934 cum
1825 2893 2058 2937 iustissima

1180 2949 1340 2992 causa'.
1402 2950 1591 2996 Lumine.

1265 3023 1355 3050 urm
1377 3013 1562 3054 omnium
1575 3012 1794 3068 Agrippae
1825 3013 2058 3056 lilerormn

1180 3068 1272 3108 miti
1302 3068 1444 3110 obitu.-
1485 3070 1533 3112 ‘i.
1567 3085 1605 3113 e.
1648 3072 1757 3112 citra
1794 3073 1885 3114 vim
1925 3078 1969 3114 et
2000 3086 2055 3115 ex

1179 3126 1284 3169 fato.
1349 3127 1434 3169 Sed
1467 3130 1706 3172 videamus.
1755 3129 1809 3173 M.
1831 3130 2054 3188 Agrippae

1180 3191 1267 3227 tres
1302 3196 1460 3228 uxores
1492 3189 1682 3231 suerunt.
1744 3189 1885 3232 Prima
1922 3190 2074 3264 Pom-3

1180 3245 1311 3299 ponia
1341 3246 1475 3289 Attici
1507 3247 1622 3302 mia,
1673 3249 1939 3293 conciliante
1979 3262 2070 3293 eas*

1179 3304 1353 3358 nuptias
1386 3306 1440 3348 Μ.
1474 3307 1667 3349 Antonio
1700 3310 1950 3362 triumvir03
1997 3319 2071 3351 ex·

1180 3377 1232 3404 ea
1264 3367 1418 3419 genuit
1454 3367 1727 3422 Vipsanium,
1761 3368 1816 3410 tle
1848 3381 1930 3424 qua
1964 3368 2049 3419 hic,

1179 3422 1306 3465 Drusi
1368 3431 1564 3468 matrem.
1635 3426 1785 3469 Altera
1846 3425 2069 3468 Marcella.

1179 3481 1388 3525 Octaviae
1412 3484 1523 3536 filim
1558 3498 1611 3526 ex
1636 3498 1687 3526 ea
1704 3497 1877 3541 quoque
1906 3483 2048 3536 liberi,

1177 3544 1212 3583 si
1239 3542 1449 3585 Suetonio
1483 3543 1589 3586 fides
1621 3544 1782 3585 diserte
1810 3543 1856 3584 id
1888 3545 1931 3583 in
1953 3543 2048 3584 Au-

1178 3607 1307 3658 gusto
1352 3603 1564 3654 tradenti,
1608 3601 1689 3643 etsi
1742 3601 1850 3643 nibil
1897 3601 1950 3643 de
1994 3601 2048 3643 iis

1175 3667 1327 3717 postea
1377 3663 1594 3717 reperias,
1653 3667 1696 3702 et
1741 3660 1940 3704 videatur
1995 3673 2049 3704 ea
