2280 4004
232 814 428 877 Series
471 811 789 871 consulum
835 831 945 890 per
988 829 1092 868 eos
1136 827 1349 881 annos,
1391 821 1653 888 quorum
1699 818 1793 864 res
1841 825 1873 862 a
1912 799 2061 861 Cor-

255 987 263 1004 ⁴
323 918 484 977 nelio
525 916 732 976 Tacito
780 913 999 974 mediis
1032 913 1354 973 Annalium
1399 909 1569 971 libris
1611 909 1979 991 perscriptae

173 1197 177 1201 ⁴
223 1227 366 1284 ΛΑΝ.
393 1225 454 1276 A.
471 1225 527 1277 c.

247 1296 350 1350 790
425 1295 492 1348 37

247 1768 348 1820 791
427 1766 496 1819 38

247 1889 279 1940 7
283 1888 350 1940 92
430 1886 498 1939 39

253 2261 356 2314 793
429 2261 498 2317 40

247 2556 277 2609 7
282 2553 351 2607 94
427 2558 492 2611 41

882 1016 886 1019 ’
915 1017 1375 1078 interciderunt.

528 1225 546 1324 Ι
570 1276 772 1343 Gnaeus
800 1291 1117 1343 Acerronius
1145 1288 1405 1354 Proculus,
1450 1287 1603 1340 Gaius
1628 1260 1905 1344 Petronius—¹
1929 1287 2065 1337 Pon-

566 1383 664 1434 tius
716 1382 974 1450 Nigrinus.
1063 1378 1273 1435 Suffecti
1325 1397 1389 1431 ex
1439 1378 1672 1431 kalendis
1722 1372 1859 1430 Iuliis
1911 1376 2066 1428 Gaius

569 1471 759 1523 Caesar
806 1471 1067 1538 Augustus
1115 1469 1476 1535 Germanicus,
1550 1459 2066 1547 septimiimdecimum

567 1557 813 1614 kalendas
862 1562 1062 1628 Apriles
1112 1561 1375 1628 imperium
1422 1560 1662 1626 adeptuS‚
1733 1563 1783 1612 et
1834 1552 2066 1613 Tiberius

572 1651 810 1704 Claudias
845 1652 931 1717 qui
969 1656 1084 1718 post
1117 1650 1180 1702 ad
1221 1650 1558 1716 principatum
1594 1647 1824 1699 admotus
1864 1652 1957 1703 est.

568 1764 770 1815 Marcus
798 1763 1030 1828 Aquilius
1063 1761 1300 1828 Iulianus,
1339 1762 1541 1814 Publius
1568 1762 1761 1815 Nonius
1786 1762 2063 1827 Asprenas.

571 1876 724 1929 Gaius
753 1877 943 1929 Caesar
981 1877 1178 1942 iterum,
1202 1877 1387 1928 Lucius
1411 1876 1686 1943 Apronius,
1724 1875 1899 1927 Gaium
1938 1890 2067 1926 con-

571 1968 730 2019 sulem
748 1972 865 2034 post
890 1967 1095 2034 triginta
1124 1967 1234 2018 dies
1256 1968 1456 2033 excepit
1476 1966 1780 2033 Sanquinius
1799 1966 2061 2018 Maximus

569 2056 777 2109 Suffecti
816 2056 1017 2108 Gnaeus
1054 2056 1305 2108 Domitius
1342 2056 1598 2122 Corbu10‚
1649 2056 1849 2108 Gnaeus
1885 2055 2065 2106 Domi-

569 2145 668 2196 tius
703 2144 847 2197 Afer.

571 2256 726 2308 Gaius
764 2257 956 2309 Caesar
992 2258 1192 2310 tertium
1244 2258 1355 2309 sine
1397 2257 1595 2325 collega
1632 2273 1794 2324 usque
1847 2258 1898 2307 in
1951 2257 2064 2308 idus

568 2348 844 2399 Ianuarias.
903 2348 1109 2401 Suffecti
1134 2349 1315 2400 Lucius
1340 2348 1534 2401 Gellius
1559 2348 1832 2415 Poplicola,
1865 2349 2063 2400 Marcus

570 2438 818 2489 Cocceius
855 2437 1039 2489 Nerva.

568 2548 722 2599 Gaius
773 2547 964 2599 Caesar
1018 2552 1246 2612 quartum
1309 2561 1470 2614 usque
1524 2549 1574 2598 in
1634 2548 1895 2614 septimum
1950 2546 2063 2598 idus

565 2637 975 2701 Ianuarias(eum
990 2638 1190 2704 excepit
1212 2638 1422 2699 Quintus
1437 2637 1740 2705 Pomponius
1753 2638 2060 2703 Secundus),

567 2725 768 2778 Gnaeus
806 2726 1006 2778 Sentius
1047 2727 1362 2780 Saturninus,

722 2838 797 2888 Eo
849 2854 982 2889 anno
1026 2855 1213 2890 nonum
1259 2840 1505 2893 kalendas
1555 2843 1856 2894 Februarias
1908 2841 2061 2893 Gaius

566 2927 757 2979 Cacsar
790 2928 1065 2994 imperator
1116 2930 1319 2982 occisus
1369 2936 1460 2983 est.
1536 2933 1795 2986 Successit
1831 2933 2059 2984 Tiberius

566 3015 820 3081 ClaudiuS,
861 3017 1010 3068 Drusi
1048 3017 1196 3084 filius,
1239 3020 1399 3071 frater
1437 3020 1742 3073 Germanici.

684 3104 759 3147 Gai
792 3119 861 3148 res
895 3106 1063 3150 duobus
1097 3108 1332 3150 Annalium
1378 3109 1527 3162 libris,
1575 3111 1759 3163 septimo
1807 3116 1850 3151 ct
1882 3116 2056 3163 octavo,

561 3175 733 3218 Tacitus
765 3181 1033 3234 composuit:
1066 3194 1177 3222 unus
1211 3183 1326 3222 enim
1352 3182 1560 3223 tradendo
1593 3181 1880 3236 quadriennio
1913 3195 2057 3224 rerum

564 3254 783 3302 gestarum
828 3256 871 3291 et
914 3264 1091 3293 casuum
1145 3265 1232 3293 non
1283 3254 1405 3307 inopi
1453 3252 1567 3293 haud
1611 3253 1880 3296 sufficiehat:
1932 3254 2054 3297 linito

564 3326 707 3362 autem
727 3323 971 3376 principatu
996 3324 1071 3366 Gai
1095 3323 1210 3366 haud
1231 3324 1362 3365 dubie
1391 3325 1521 3365 etiam
1543 3323 1655 3366 liber
1673 3325 1905 3367 Annalium
1930 3327 2053 3370 exiit.

564 3390 837 3446 Quapropter
855 3394 1063 3436 volumen
1085 3397 1315 3449 septimum
1350 3402 1481 3450 atque
1505 3402 1703 3438 octavum
1735 3397 1867 3439 simili
1890 3398 2053 3439 ambitu

564 3462 700 3504 ruisse
734 3464 990 3507 crediderim
1024 3480 1108 3522 quo
1154 3474 1219 3509 est
1252 3474 1429 3523 quartus
1462 3468 1573 3510 liber
1605 3482 1655 3510 ac
1696 3475 1860 3512 sextus.
1922 3469 2051 3511 ‘Olim

563 3534 821 3579 adolescens
870 3541 1076 3581 contexui
1123 3540 1328 3582 Gaianam
1371 3540 1595 3584 historiam
1634 3548 1677 3584 et
1719 3544 1844 3584 initia
1877 3541 2050 3585 Claudii

562 3605 826 3652 Corneliano
867 3611 1070 3668 exemplo
1120 3613 1327 3670 stiloque.
1401 3614 1548 3658 distuli
1593 3621 1665 3657 aut
1706 3616 1853 3672 sprevi
1902 3615 2047 3660 edere.
