2280 4004
263 295 352 345 196·
1025 290 1319 338 ANNALIVM
1834 309 1876 343 a.
1907 308 1952 343 u.
1982 295 2092 344 813.

260 444 511 512 pleturOS,
551 441 596 494 si
631 430 824 492 fractos
860 451 1018 489 sonos
1057 441 1107 489 et
1143 436 1462 489 dulcedinem
1499 450 1683 489 vocum
1715 437 2097 504 periteaudis-

262 534 414 587 sent?
450 533 638 585 Noctes
667 543 868 596 quoque
897 528 1143 580 dedecori
1165 527 1408 594 adiectaS,
1447 543 1512 581 ne
1537 528 1671 596 quod
1697 532 1892 596 tempus
1909 529 2095 597 pudori

260 625 601 689 relinquatur,
656 620 748 672 sed
789 623 938 672 coetu
971 619 1260 686 promisc0,
1302 619 1436 686 quod
1471 619 1845 687 perditissimus
1881 621 2095 688 quisque

259 729 351 781 per
387 713 521 765 diem
564 710 946 778 concupiverit,
1003 709 1095 777 per
1110 710 1376 774 .-tenebras
1436 710 1635 763 audeat.
1708 710 1936 764 Pluribus
1984 710 2177 779 ipsam

223 805 468 862 slicentia
506 803 769 871 placebat,
823 817 884 854 ac
936 807 1105 854 tamen
1154 801 1369 854 honesta
1417 802 1624 854 nomina
1675 802 2093 870 praetendebant.

259 898 482 950 Maiores
524 910 724 962 quoque
759 908 865 946 non
905 894 1235 947 abhorruisse
1273 894 1676 962 spectaculorum
1712 893 2096 948 oblectamentis

258 1003 351 1056 pro
390 989 591 1040 fortuna
628 1001 757 1054 quae
792 990 894 1037 tum
932 990 1056 1051 erat,
1098 1001 1262 1053 eoque
1299 1000 1327 1037 a
1361 986 1538 1038 Tuscis
1576 985 1772 1038 accitos
1800 985 2094 1053 histrioneS,

222 1072 289 1133 xa
328 1080 526 1133 Thuriis
584 1094 827 1146 equorum
878 1078 1183 1143 certamina3
1241 1082 1290 1130 et
1332 1092 1574 1144 possessa
1624 1078 1823 1130 Achaia
1868 1076 2097 1146 Asiaque

257 1172 407 1225 ludos
448 1171 669 1224 curatius
708 1170 906 1235 editos,
959 1185 1056 1222 nec
1107 1185 1404 1237 quemquam
1458 1171 1650 1223 Romae
1701 1169 1918 1223 honesto
1964 1169 2093 1222 'loco

196 1282 243 1319 10
260 1270 423 1316 ortum
462 1263 525 1315 ad
560 1262 834 1315 theatrales
874 1266 1010 1314 artes
1047 1261 1474 1329 degeneravisse,
1531 1261 1763 1313 ducentis
1801 1261 1902 1313 iam
1947 1260 2093 1313 annis

259 1373 288 1408 a
327 1355 468 1407 Lucii
509 1354 731 1407 Mummii
770 1353 1054 1419 triumpho,
1097 1353 1180 1420 qui
1214 1355 1404 1420 primus
1440 1352 1492 1404 id
1530 1366 1693 1420 genus
1731 1350 2010 1419 spectaculi
2040 1351 2095 1403 in

257 1449 386 1499 urbe
421 1446 728 1514 praebuerit.
806 1444 906 1498 Sed
944 1448 993 1496 et
1030 1444 1312 1496 consultum
1360 1443 1734 1510 parsimoniae,
1790 1441 1927 1510 quod
1972 1456 2098 1510 per-

257 1543 406 1606 petua
453 1537 604 1589 sedes
655 1536 853 1588 theatro
900 1535 1066 1587 locata
1122 1536 1188 1587 sit
1222 1535 1389 1602 potius
1428 1549 1575 1600 quam
1612 1534 1860 1586 immenso
1897 1536 2098 1600 sumptu

259 1628 491 1697 singulos
526 1645 618 1696 per
656 1643 817 1680 annos
857 1631 1193 1696 consurgeret
1249 1643 1310 1678 ac
1359 1630 1654 1678 strueretur.
1728 1625 1836 1678 Nec
1882 1623 2097 1693 perinde

197 1721 583 1790 ismagistratus
622 1736 730 1773 rem
771 1719 1070 1772 familiarem
1106 1718 1470 1785 exhausturos,
1524 1722 1609 1770 aut
1656 1716 1842 1785 populo
1895 1716 2100 1786 efflagi-

258 1813 400 1866 tandi
439 1812 636 1865 Graeca
677 1811 954 1864 certamina
995 1826 1023 1862 a
1061 1810 1440 1879 magistratibus
1484 1824 1687 1862 causam
1724 1809 1854 1876 sore,
1895 1823 2007 1861 cum
2032 1823 2096 1861 eo

258 1910 458 1972 sumptu
493 1919 577 1956 res
619 1902 819 1969 publica
859 1902 1114 1970 fungatur.
1192 1902 1460 1954 Oratorum
1515 1915 1577 1951 ac
1630 1904 1798 1951 vatum
1854 1898 2096 1952 victorias

259 1998 638 2049 incitamentum
672 1994 894 2063 ingeniis
943 1993 1229 2068 adlaturas3
1287 2008 1386 2045 nec
1438 1992 1670 2059 cuiquam
1728 1990 1886 2043 iudici
1933 2005 2095 2060 grave

379 2139 421 2183 2.
449 2136 628 2193 pudoris
659 2134 748 2178 Ma:
783 2135 817 2178 G
841 2134 1012 2192 pudori.
1106 2135 1148 2177 3.
1184 2140 1308 2176 caetu
1337 2132 1418 2177 Ma.
1507 2133 1721 2189 promisco
1743 2130 1824 2186 Ma,
1851 2132 2096 2190 promiscuo

261 2197 311 2241 G.
439 2197 479 2240 7.
511 2199 772 2252 fortunaque
817 2202 904 2237 tum
934 2193 1015 2237 Ma.
1143 2193 1187 2236 8.
1222 2207 1408 2250 asyaque
1450 2191 1532 2235 Ma.
1656 2193 1699 2236 9.
1743 2205 1981 2248 quenquam
2011 2190 2094 2236 Ma.

266 2259 334 2299 11.
373 2257 420 2298 L.
454 2257 631 2298 nummii
659 2254 741 2298 Ma.
837 2257 906 2298 12.
944 2252 1093 2296 consul
1124 2261 1210 2295 tum
1240 2252 1322 2297 Ma.
1410 2253 1705 2309 parsimoniae
1736 2251 1832 2307 Ma,
1865 2264 1954 2294 non
1980 2264 2095 2309 par-

263 2316 489 2358 cimoniae.
573 2315 641 2359 16.
675 2328 809 2370 qreca
839 2312 921 2357 Ma.
1000 2327 1029 2356 a
1061 2325 1130 2355 om
1165 2311 1293 2356 GMa:
1325 2313 1512 2355 inseruit
1544 2311 1794 2356 Rhenanus..
1859 2312 1928 2356 17.
1960 2325 2092 2370 resp.

260 2375 342 2419 Ma.
443 2375 511 2418 18.
545 2375 621 2417 all.
656 2374 729 2419 Or.

1226 2505 1485 2557 argumento
1518 2498 1755 2556 linguave,
1795 2497 1874 2541 sed
1905 2496 1960 2539 de
1989 2508 2097 2554 spe-

1224 2559 1384 2602 ctaculi
1417 2559 1748 2615 magnificentia
1796 2563 1840 2600 et
1870 2556 2095 2611 impensis,

1224 2632 1370 2674 neque
1403 2619 1638 2674 quidquam
1669 2620 1711 2659 in
1747 2617 1814 2659 his
1845 2616 1993 2659 verbis
2024 2616 2098 2658 in-

1226 2684 1292 2720 est
1324 2676 1439 2719 unde
1473 2679 1514 2719 ei
1546 2677 1792 2719 sententiae
1831 2674 2098 2732 praesidium

1225 2743 1417 2793 paretur.

352 2502 459 2557 Cap.
494 2504 566 2547 21.
630 2516 658 2544 a
696 2502 839 2544 Tuscis
870 2502 1035 2544 accitos
1067 2501 1138 2543 hi-

262 2563 476 2604 striones:
509 2562 626 2604 conf.
660 2561 755 2604 Liv.
794 2561 869 2603 VII
902 2564 943 2605 2.
989 2561 1135 2604 Valer.

262 2622 374 2664 Max,
405 2621 443 2662 11
475 2620 504 2662 4
536 2622 580 2672 δ.
614 2624 656 2662 4.
760 2634 788 2661 a
818 2621 986 2662 Thuriis
1007 2634 1139 2675 equo-

262 2694 358 2721 rum
399 2680 665 2722 certamina:
726 2679 877 2721 Livius
919 2681 962 2720 in
1008 2680 1138 2721 rebus

262 2739 484 2795 Tarquinii
509 2739 642 2780 Prisci
669 2738 687 2781 Ι
716 2739 796 2781 35:
824 2738 1036 2780 ludicrum
1058 2739 1141 2794 suit

264 2813 388 2854 eques
404 2798 665 2856 pugilesque,
681 2812 733 2840 ea.-
749 2798 937 2840 Etruria
953 2799 1138 2840 maxime

264 2859 409 2901 acciti.
465 2858 635 2900 Tacitus
668 2870 755 2899 non
778 2858 902 2899 initia
937 2858 1032 2899 eius
1065 2857 1138 2899 lu-

265 2919 400 2971 dicri,
435 2918 512 2959 sed
549 2922 684 2959 artem
718 2917 848 2969 dicit;
902 2917 1015 2959 hanc
1046 2916 1138 2959 Ro-

262 2979 380 3019 mani
403 2990 427 3018 a
447 2976 618 3018 Thuriis
650 2983 753 3018 tunc
779 2977 984 3018 videntur
1016 2978 1139 3018 acci-

263 3038 408 3089 visse,
462 3049 558 3078 cum
603 3037 685 3091 ipsi
730 3035 913 3078 colonos
955 3035 1138 3077 Thurios

263 3097 493 3138 miserunt.
567 3093 694 3139 Conf.
729 3095 881 3140 Strabo
929 3094 986 3137 Vl
1028 3096 1046 3136 1
1086 3097 1139 3139 13

267 3162 376 3197 extr.
413 3169 454 3210 p.
489 3155 591 3199 263.

356 3216 427 3270 qui
452 3217 617 3270 primus
662 3214 708 3257 id
737 3228 870 3271 yenus
908 3213 1143 3270 spectaculi

264 3275 312 3317 in
343 3274 446 3316 urbe
464 3274 743 3329 praebuerit:
776 3273 912 3316 verba
944 3274 990 3315 id
1008 3286 1142 3329 qenus

264 3333 502 3390 spectaculi
532 3333 642 3375 nihil
684 3333 840 3375 volunt
874 3333 1024 3389 eloqui
1056 3332 1140 3373 nisi

266 3393 383 3448 quod
415 3398 516 3434 ante
542 3406 621 3447 per
644 3392 763 3435 ludos
784 3393 976 3434 curatius
1009 3392 1142 3433 editos

263 3452 450 3494 relatum
486 3459 575 3506 est,
626 3451 668 3494 h.
706 3466 744 3495 e.
777 3466 952 3494 scenam
983 3451 1143 3493 theatri

267 3517 310 3552 et
341 3511 502 3567 yradus
537 3524 844 3563 consessorum,
882 3523 1143 3567 quamquam

263 3571 310 3610 in
342 3577 513 3624 tempus
565 3575 742 3612 structa.
822 3570 936 3612 Male
969 3569 1141 3624 Lipsius

267 3628 322 3669 de
357 3630 535 3671 Graecis
573 3629 737 3671 fabulis
783 3629 1018 3686 cogitavit,
1065 3627 1143 3671 sed

265 3698 384 3734 nunc
414 3700 557 3735 sermo
593 3694 660 3736 est
691 3700 782 3735 non
814 3689 868 3735 de
895 3688 1142 3736 fabularum

1312 2810 1395 2838 nec
1424 2794 1607 2852 perinde
1643 2795 1919 2851 maqistratus
1944 2818 2001 2828 —-
2027 2807 2099 2836 res

1217 2855 1394 2913 publica
1432 2857 1665 2911 sunqatur:
1715 2854 1784 2897 his
1822 2853 1976 2896 dextre
2021 2865 2099 2896 re-

1224 2915 1465 2970 spondetur
1482 2915 1831 2957 adversariorum
1851 2912 2100 2970 reprehen-

1223 2977 1337 3017 sioni
1356 2977 1415 3032 (c.
1440 2975 1515 3032 20)
1531 2990 1541 3016 :
1560 2973 1901 3031 spectaculorum
1933 2973 2101 3029 quidem

1223 3036 1458 3089 antiquitas
1475 3041 1736 3087 servaretur,
1751 3033 1941 3089 quotiens
1962 3045 2092 3089 prae-

1224 3101 1293 3136 tor
1332 3094 1499 3147 ederet,
1542 3093 1666 3135 nulla
1708 3094 1905 3148 cuiquam
1945 3091 2100 3134 civium

1223 3155 1478 3195 necessitate
1511 3152 1735 3194 certandi:
1784 3164 1884 3194 nam
1914 3152 2099 3207 primum

1224 3218 1444 3268 reponunt
1467 3212 1624 3254 melius
1658 3224 1772 3264 esse,
1805 3211 1842 3253 si
1862 3209 2100 3266 magistra-

1225 3278 1294 3313 tus
1326 3273 1477 3327 iniquo
1504 3283 1639 3313 onere
1668 3271 1962 3323 solverentur,
1995 3268 2099 3327 dein

1225 3344 1313 3373 non
1347 3331 1432 3373 hoc
1463 3344 1511 3373 se
1535 3331 1655 3373 velle
1681 3335 1876 3383 monent,
1896 3334 1945 3370 ut
1975 3328 2098 3372 cives

1227 3391 1393 3434 Graeco
1417 3403 1538 3432 more
1564 3402 1642 3432 sua
1661 3389 1928 3445 impendant,
1950 3386 2028 3430 sed
2050 3390 2099 3428 ut

1227 3463 1297 3492 res
1347 3449 1524 3505 publica
1567 3461 1620 3491 eo
1654 3454 1826 3504 sumptu
1873 3447 2095 3502 fungatur.

1317 3517 1402 3551 tum
1446 3509 1746 3551 exoleverant:
1794 3514 1880 3549 tum
1921 3504 2099 3547 denotat

1227 3573 1398 3623 tempus
1448 3567 1564 3623 quod
1616 3572 1814 3609 secutum
1872 3568 1937 3607 est
1997 3568 2099 3619 post

1227 3627 1555 3684 quinquennale
1609 3625 1848 3675 ludicrum,
1912 3627 1958 3664 et
2001 3622 2098 3666 fere

1226 3687 1343 3733 idem
1374 3686 1494 3733 valet
1525 3698 1578 3733 ac
1608 3697 1723 3734 mox.
1796 3681 1915 3727 Vitio
1948 3680 2097 3732 locum
