2280 4004
183 326 210 359 a
241 312 291 361 C.
324 311 396 363 62.
434 367 435 370 Ἰ
742 316 906 361 LIBER
938 316 1052 363 xlv.
1117 316 1222 364 GAx’.
1256 318 1446 364 61-63.
1926 319 2017 366 88⁹?

183 460 434 516 stionibus
471 459 766 513 ancillarum
809 461 948 515 elusa
987 466 1109 515 erat.
1183 463 1322 531 Ergo
1381 461 1758 516 confessionem
1802 462 2018 516 alicuius

184 551 360 618 quaeri
397 551 581 618 placet,
624 552 704 603 cui
737 568 906 607 rerum
945 568 1144 621 quoque
1169 570 1414 607 novarum
1444 554 1635 607 crimen
1656 554 2015 622 adfingeretur.

183 644 246 695 Et
281 643 420 695 visus
458 642 673 695 idoneus
708 649 966 698 maternae
997 645 1139 699 necis
1160 650 1387 712 patrator
1403 645 1665 711 AnicetuS,
1705 644 1856 698 classi
1885 644 2018 712 apud

182 734 445 799 Misenum,
483 738 536 786 ut
575 736 870 802 memoravi,
909 737 1215 803 praefectuS,
1253 737 1354 790 levi
1389 741 1506 805 post
1542 724 1816 789 admissum
1849 735 2019 790 scelus

183 822 379 891 gratia,
419 821 536 874 dein
575 824 816 890 graviore
855 824 1008 888 odio,
1047 825 1163 892 quia
1200 824 1447 876 malorum
1485 824 1768 880 facinorum
1801 826 2061 884 ministris

186 913 330 981 quasi
369 912 735 979 exprobrantes
773 914 1099 980 aspiciuntur.
1174 913 1332 980 Igitur
1388 912 1603 964 accitum
1660 930 1772 967 eum
1828 916 2019 969 Caesar⁴

187 995 375 1071 operae
414 1004 600 1070 prioris
641 1004 902 1056 admonet:
940 1004 1104 1056 solum
1136 1003 1466 1056 incolumitati
1503 1004 1746 1070 principis
1773 1005 2018 1059 adversus

185 1095 507 1147 insidiantem
545 1099 755 1147 matrem
784 1095 1122 1158 'subvenisse3
1179 1094 1347 1146 locum
1395 1093 1527 1146 haud
1575 1096 1784 1148 minoris
1823 1096 2022 1164 gratiae

186 1187 393 1250 instare,
438 1186 482 1237 si
519 1186 789 1253 coniugem
825 1185 1077 1237 infensam
1121 1185 1412 1251 depelleret.
1469 1186 1577 1237 Nec
1612 1203 1761 1239 manu
1799 1193 1884 1240 aut
1917 1188 2020 1241 telo

189 1292 340 1344 opus:
379 1277 622 1329 fateretur
644 1276 887 1329 Octaviae
919 1276 1234 1330 adulterium.
1300 1276 1508 1329 Occulta
1538 1279 1739 1344 quidem
1776 1280 1837 1332 ad
1866 1294 2092 1346 prae-m-

187 1383 307 1420 sens
360 1367 452 1420 sed
503 1383 686 1435 magna
738 1370 785 1419 ei
841 1368 1065 1433 praemia
1114 1372 1163 1419 et
1208 1381 1446 1419 secessus
1481 1382 1723 1420 amoenos
1759 1368 2019 1436 promittit,

187 1459 298 1524 vel,
349 1460 393 1512 si
446 1459 776 1527 negavisset,
812 1474 990 1510 necem
1030 1458 1256 1509 intentat.
1331 1459 1420 1510 Ille
1455 1459 1604 1511 insita
1649 1460 1922 1526 vecordia,
1973 1465 2024 1513 et

192 1550 435 1603 facilitate
472 1549 697 1617 priorum
740 1549 1073 1616 flagitiorum,
1130 1548 1274 1614 plura
1313 1549 1462 1600 etiam
1502 1564 1646 1615 quam
1683 1550 1873 1602 iussum
1915 1558 2026 1606 erat

191 1641 335 1708 fingit
378 1641 662 1707 fateturque
702 1639 832 1705 apud
871 1639 1090 1703 amicOS,
1133 1653 1259 1704 quos
1294 1639 1432 1691 velut
1471 1640 1686 1692 consilio
1725 1641 2024 1707 adhibuerat

190 1732 444 1798 princepS.
517 1732 637 1782 Tum
673 1729 725 1779 in
763 1729 1045 1782 Sardiniam
1081 1729 1310 1794 pellitur,
1358 1730 1446 1780 ubi
1479 1745 1582 1782 non
1619 1731 1765 1797 inops
1818 1731 2091 1788 exiliumis

108 1826 178 1874 63
194 1821 427 1874 toleravit
463 1825 513 1872 et
542 1821 644 1871 fato
688 1820 838 1871 obiit.
886 1820 953 1871 At
990 1822 1124 1872 Nero
1149 1822 1461 1887 praefectum
1496 1822 1547 1872 in
1571 1837 1709 1887 spem
1744 1822 2023 1874 sociandae

194 1913 374 1966 classis
414 1917 732 1978 corruptum,
788 1916 836 1963 et
883 1912 1144 1963 incusatae
1179 1910 1328 1978 paulo
1372 1916 1487 1964 ante
1526 1912 1802 1964 sterilitatis
1841 1912 2026 1965 oblitus

193 2004 401 2055 abactos
453 2007 625 2069 partus
683 2003 996 2054 conscientia
1043 2002 1338 2068 libidinum,
1398 2017 1559 2069 eaque
1614 2004 1712 2055 sibi
1769 2008 2025 2070 comperta

195 2094 361 2146 edicto
398 2097 661 2157 memorat,
698 2092 961 2159 insulaque
1000 2093 1298 2144 Pandateria
1340 2094 1600 2145 Octaviam
1643 2094 1845 2145 claudit.
1910 2095 2025 2146 Non

196 2185 292 2237 alia
332 2184 447 2236 exul
482 2183 752 2236 visentium
787 2183 965 2235 oculos
1007 2183 1201 2235 maiore
1241 2184 1594 2259 misericordia
1640 2185 1842 2236 adfecit.
1915 2185 2026 2237 Me·
2041 2203 2098 2244 20

195 2277 444 2328 minerant
480 2275 644 2327 adhuc
682 2275 882 2341 quidam
923 2275 1236 2342 Agrippinae
1271 2291 1298 2327 a
1323 2276 1544 2340 Tiberio,
1581 2277 1840 2327 recentior
1871 2274 2028 2328 Iuliae

195 2367 438 2420 memoria
478 2366 845 2418 obversabatur
880 2382 908 2417 a
943 2365 1153 2417 Claudio
1191 2364 1382 2431 pulsae.
1459 2366 1558 2418 Sed
1597 2366 1695 2417 illis
1742 2366 1901 2418 robur
1936 2349 2029 2418 aess·

321 2500 358 2541 1.
408 2497 594 2540 eluserat
624 2495 691 2539 ΜΒ
724 2511 820 2539 cum
857 2498 1040 2540 ceteris:
1074 2497 1263 2540 correxit
1297 2496 1472 2538 Lectius
1506 2495 1619 2550 apud
1651 2497 1861 2551 Lipsium.
1983 2500 2026 2543 2.

198 2558 349 2614 aff'inq.
384 2556 455 2599 Or.
549 2558 591 2600 4.
626 2558 847 2605 ammisum
879 2556 960 2599 ΜΒ.
1076 2558 1116 2599 5.
1151 2556 1361 2612 distingui
1393 2558 1546 2612 nequit
1577 2562 1719 2597 utrum
1758 2558 1803 2597 in
1835 2555 1902 2599 ΜΒ
1930 2570 2028 2600 ma..

197 2617 335 2658 lorum
366 2629 421 2658 an
451 2617 676 2658 maiorum.
760 2616 801 2659 9.
833 2618 1015 2658 instaret
1045 2615 1137 2658 ΜΒε
1172 2614 1206 2657 G
1241 2616 1420 2656 instare.
1515 2629 1666 2657 manus
1696 2614 1785 2657 Ma:
1819 2616 1853 2658 G
1882 2629 2028 2660 manu.

203 2678 271 2719 11.
308 2690 393 2718 sec.
427 2675 485 2716 ad
513 2689 685 2717 moenos
718 2673 800 2718 ΜΒ.
897 2677 963 2718 15.
997 2675 1197 2716 sardinia
1228 2673 1344 2717 GMa.
1446 2675 1512 2717 16.
1556 2675 1613 2716 ad
1642 2673 1722 2716 ΜΒ.
1819 2676 2031 2718 socianda

197 2733 281 2778 ΜΒ.
410 2734 478 2777 18.
523 2741 762 2790 compertae
795 2735 905 2776 dicto
938 2735 1017 2777 ΜΒ.
1146 2734 1214 2776 19.
1245 2733 1528 2789 pandecteria
1564 2733 1650 2787 ΜΒ,
1677 2734 1942 2790 pandateria
1978 2733 2027 2778 G.

199 2795 272 2839 20.
307 2794 383 2850 aff.
418 2792 488 2836 Or.
523 2793 638 2836 idem
669 2806 770 2835 mox
802 2795 988 2850 affuerat
1020 2799 1063 2835 et
1095 2792 1354 2834 allevabunt.

203 2921 246 2964 h.
281 2934 320 2963 e.
354 2922 476 2962 irrita
507 2920 636 2962 sacta.
683 2920 995 2963 Doederlinius
1028 2926 1072 2963 et
1157 2921 1498 2963 communicaret
1541 2925 1584 2961 et
1627 2919 1732 2975 quid
1778 2920 2028 2964 faciendum

204 2979 395 3022 Orellius
427 2991 514 3021 non
545 2979 659 3022 bene
693 2979 936 3035 Poppaeam
972 2979 1072 3022 elu-
1157 2985 1277 3023 esset
1309 2979 1487 3023 eosdem
1518 2986 1710 3036 rogaret.

204 3051 294 3081 sam
327 3045 606 3093 acceperunt.

292 3105 516 3140 maternae
554 3097 673 3140 necis
714 3104 942 3152 patrator:
991 3111 1072 3153 pa·-
1227 3094 1332 3151 Cap.
1358 3098 1430 3140 63.
1484 3096 1708 3151 insulaque
1733 3097 2025 3140 Pandateria:

205 3162 371 3199 trantur
401 3170 453 3199 ea
473 3157 630 3213 quibus
665 3156 909 3199 efficiendis
937 3158 1075 3199 multa
1159 3169 1254 3198 eam
1287 3156 1472 3197 insulam
1506 3156 1581 3197 alii
1606 3155 1916 3198 Pandatariam
1944 3169 2026 3210 ap-

206 3228 316 3272 opus
364 3222 430 3258 est
483 3229 616 3271 opera
660 3221 703 3257 et
744 3216 902 3258 studio.
964 3216 1075 3257 Hinc
1159 3214 1353 3269 pellant,
1388 3213 1463 3255 sed
1496 3228 1516 3255 e
1549 3214 1735 3255 litteram
1777 3220 1820 3256 et
1851 3216 1891 3257 M
1923 3213 2028 3258 153

208 3279 469 3331 patratorem
500 3281 723 3317 maternae
747 3276 870 3316 necis
895 3277 1073 3316 vocavit
1159 3279 1203 3314 et
1245 3271 1311 3314 ΜΒ
1344 3272 1386 3314 h.
1419 3272 1447 3314 l.
1492 3279 1682 3314 tuentur.
1747 3272 1937 3316 Orellius
1981 3275 2027 3315 in

207 3335 331 3377 illum
387 3335 460 3390 qui
502 3346 580 3375 suo
622 3334 802 3389 ingenio
851 3339 894 3374 et
939 3335 1073 3374 variis
1159 3332 1297 3385 primo
1332 3331 1444 3372 libro
1479 3330 1808 3386 Pandateriam,
1863 3334 1908 3374 in
1941 3331 2028 3375 hoc

209 3393 372 3436 artibus
404 3393 688 3449 Agrippinam
723 3397 1006 3445 perverterat.
1160 3391 1471 3432 Pandatariam
1506 3392 1736 3444 expressit.

295 3459 341 3494 ut
370 3452 633 3493 memoravi:
672 3450 769 3492 XIV
800 3452 842 3493 3.
1265 3449 1402 3490 Iuliae
1445 3474 1496 3480 —
1540 3463 1567 3489 a
1616 3450 1796 3491 Claudio
1848 3449 2028 3505 pulsae:

294 3518 388 3567 post
430 3511 659 3552 admissum
701 3509 869 3551 scelus.-
921 3509 976 3551 cf.
1021 3507 1075 3550 ad
1159 3507 1263 3548 huic
1295 3508 1446 3559 Iuliae,
1479 3506 1725 3550 Germanici
1760 3508 1899 3562 filiae,
1945 3509 2028 3551 vi.

210 3570 306 3612 XIV
341 3573 384 3615 2.
505 3583 605 3624 quos
637 3568 747 3610 velut
780 3567 957 3609 consilio
990 3567 1073 3608 ad-
1161 3567 1266 3607 nicii
1301 3567 1424 3606 uxori
1460 3566 1521 3621 (11
1552 3568 1632 3619 54,
1672 3566 1728 3608 VI
1763 3568 1864 3623 15),
1896 3567 2027 3610 obie-

211 3628 645 3685 ht'bueratprinceps:
678 3628 899 3669 acciverat
916 3628 1078 3668 amicos
1164 3632 1278 3666 ctum
1322 3631 1387 3666 est
1428 3625 1687 3668 adulterium
1731 3636 1827 3667 cum
1858 3625 2029 3670 Seneca

213 3694 261 3733 ut
308 3688 632 3734 confessionem
674 3687 849 3740 Aniceti
877 3698 984 3737 ,cum
1024 3687 1079 3730 iis
1166 3685 1467 3741 commissum3
1511 3697 1555 3737 v.
1589 3685 1673 3730 Dio
1713 3684 1787 3731 Lx
1815 3684 1846 3732 8
1877 3691 1921 3731 et
1954 3686 2027 3734 10.
