2280 4004
234 312 445 366 ιι(3.26ἒ

798 312 964 358 LIBER
992 313 1068 363 lv..
1133 312 1238 364 Gn.
1273 314 1462 359 58—60.
1966 314 2055 365 3⁰1

234 456 558 521 sustinerent,
579 454 895 520 maximeque
929 454 1298 507 insectarentur
1329 455 1583 513 Neronem
1616 454 1896 521 proximum
1935 469 2059 507 suc-

237 548 458 601 cessioni
496 551 559 612 et,
593 561 891 613 quamquam
915 546 1146 598 modesta
1170 546 1390 612 iuventa,
1421 547 1715 613 plerumque
1744 551 1911 598 tamen
1939 545 2057 612 quid

236 639 288 690 in
317 638 602 706 praesentia
633 637 943 702 conduceret
975 638 1198 702 oblitum,
1240 638 1356 691 dum
1394 654 1423 689 a
1461 638 1656 691 libertis
1695 643 1745 690 et
1773 637 2058 701 clientibus,

237 729 542 796 apiscendae
564 729 819 804 potentiae
842 731 1089 797 properiS,
1129 730 1444 783 extimulatur
1469 735 1523 782 ut
1558 735 1796 806 erec-tum
1813 735 1874 804 et,
1896 729 2062 782 fiden-

235 819 522 899 animi
577 820 899 888 ostenderet:
948 821 1093 872 ‘velle
1140 821 1190 871 id
1227 821 1463 887 populum
1499 822 1813 886 Romanurn,
1875 834 2099 886 cuperes

234 910 514 974 exercitus,
563 925 728 976 neque
767 926 1002 962 ausurum
1043 915 1218 962 contra
1258 912 1524 976 Seianum,
1566 912 1649 978 qui
1692 927 1826 966 nunc
1861 911 2063 977 patien-

148 1001 353 1061 ssoliam
396 1001 535 1056 senis
588 1007 636 1053 et
668 1002 942 1069 *segnitiam
994 1002 1193 1056 iuvenis
1239 1003 1376 1054 iuxta
1430 1003 1649 1054 insultet.
1723 1004 1863 1054 Haec
1913 1006 2062 1067 atque

234 1090 352 1142 talia
392 1091 616 1146 audienti
653 1092 777 1148 nihil
810 1093 1013 1158 quidem
1047 1107 1236 1159 pravae
1273 1092 1626 1160 cogitationis:
1676 1092 1770 1143 sed
1810 1091 2060 1142 interdum

232 1195 390 1232 voces
429 1182 777 1248 procedebant
826 1188 1151 1235 contumaces
1191 1188 1240 1235 et
1274 1183 1619 1247 inconsultae,
1679 1197 1803 1248 quas
1843 1180 2061 1248 adpositi

231 1272 474 1324 custodes
522 1278 761 1339 exceptas
817 1279 1092 1340 auctasque
1140 1290 1251 1325 cum
1301 1274 1591 1339 deferrent,
1653 1288 1819 1339 neque
1867 1272 2059 1326 Neroni
2077 1289 2125 1325 w

231 1363 513 1415 defendere
568 1364 798 1430 dar-etur,
866 1365 1100 1417 diversae
1149 1365 1356 1431 insuper
1422 1364 1818 1416 sollicitudinum
1865 1363 2062 1414 formae

238 1454 544 1513 oriebantur.
618 1457 743 1508 Nam
781 1457 908 1509 alius
946 1472 1215 1509 occursum
1253 1457 1360 1508 eius
1399 1457 1588 1520 vitare3
1632 1455 1834 1522 quidam
1871 1455 2065 1507 saluta-

159 1591 162 1593 .
238 1546 376 1598 tione
409 1547 610 1599 reddita
652 1548 816 1599 statim
857 1549 1046 1612 averti3
1090 1548 1319 1614 plerique
1359 1548 1611 1613 inceptum
1642 1561 1929 1598 sermonem
1969 1546 2064 1596 ab·-

236 1652 487 1705 rumpere,
526 1638 874 1691 insistentibus
914 1644 1090 1690 contra
1129 1638 1566 1704 inridentibusque
1599 1638 1681 1704 qui
1719 1637 1908 1690 Seiano
1949 1636 2064 1688 sau-

238 1735 375 1782 tores
414 1730 641 1782 aderant.
715 1730 986 1781 Enimvero
1014 1730 1245 1781 Tiberi-us
1274 1735 1448 1780 torvus
1482 1734 1567 1780 aut
1606 1728 1785 1780 salsum
1820 1727 2062 1780 renidens
2077 1742 2135 1779 «ε’

239 1821 441 1891 [vultu]:
481 1837 573 1874 seu
600 1821 895 1888 loqueretur
923 1837 1015 1873 seu
1051 1826 1244 1873 taceret
1269 1820 1485 1886 iuveniS,
1526 1821 1717 1872 crimen
1749 1836 1812 1871 ex
1841 1819 2061 1883 silentiO,

357 1976 399 2019 3.
432 1976 479 2018 in
504 1977 756 2033 praesentia
788 1975 956 2018 editor:
1005 1977 1044 2018 Μ
1086 1977 1133 2017 in
1159 1976 1383 2032 presentia
1414 1988 1532 2027 rum,
1579 1973 1820 2016 Beroaldus
1854 1974 1900 2014 in
1929 1985 2063 2028 prae-

238 2036 487 2088 sent-iarum,
522 2041 566 2077 et
597 2036 656 2077 ita
680 2035 833 2092 vulgo,
896 2037 938 2079 3.
973 2036 1179 2077 conducet
1200 2036 1264 2077 M:
1296 2034 1546 2076 emendavit
1562 2033 1818 2074 Beroaldus.
1880 2031 1923 2074 4.
1957 2038 2062 2072 eoest.

238 2094 310 2136 Or.
401 2094 444 2138 8.
474 2108 613 2151 'prave
649 2095 703 2137 M.

324 2217 370 2258 in
413 2217 689 2272 praesentia:
737 2217 782 2257 in
830 2215 1016 2261 Medicei
1061 2217 1108 2257 in

234 2276 456 2332 presentia
496 2290 590 2317 rum
633 2287 716 2332 ego
755 2290 849 2317 rum
891 2289 946 2318 ex
976 2288 1108 2329 prae-

238 2346 390 2390 gresso
418 2333 683 2391 plerumque,
712 2334 761 2376 jd
786 2335 902 2390 quod
931 2334 1107 2377 auribus

239 2395 470 2438 scribentis
502 2395 683 2436 nimium
713 2393 989 2448 inhaeserat,
1028 2407 1107 2437 fe-

240 2453 406 2499 sedisse
436 2454 698 2508 putaverim.
753 2453 824 2496 Sic
856 2455 900 2494 in
928 2453 993 2494 Ma
1009 2451 1109 2495 XVI

239 2513 296 2556 20
329 2512 512 2554 deditum
541 2525 618 2566 pro
655 2512 791 2566 dedit,
836 2512 1007 2566 syllaba
1039 2526 1109 2554 um

241 2585 295 2612 ex
326 2584 584 2628 praegresso
606 2574 798 2627 functum
819 2572 970 2615 ascita.
1025 2571 1107 2623 Qui

242 2643 338 2673 cum
389 2630 605 2674 Beroaldo
659 2632 894 2675 etiamnum
943 2631 1107 2686 priscas

239 2689 339 2734 illas
367 2690 465 2733 sive
499 2689 680 2732 delicias
712 2692 807 2733 sive
840 2690 990 2733 sordes
1012 2703 1107 2732 ma-

241 2747 360 2801 lunt,
398 2750 456 2791 iis
493 2748 658 2793 suadeo
701 2756 747 2791 ut
795 2749 948 2791 saltem
994 2762 1108 2791 nova

240 2804 433 2849 adhibita
479 2810 752 2851 correctione
794 2808 990 2852 scribant
1034 2810 1108 2850 in·-

236 2868 610 2922 praesentiarum.-
635 2881 732 2914 nam
763 2868 810 2911 in
831 2868 1108 2923 praesentia-

240 2939 335 2966 rum
388 2925 674 2972 soloecismus
723 2932 789 2968 est
836 2938 923 2967 non
966 2928 1108 2968 minus

242 2982 423 3037 foedus,
457 2997 584 3039 quam
615 2985 652 3027 si
682 2986 783 3040 quis
810 2997 892 3040 ¹pro
925 2984 1109 3042 deprae-

240 3043 502 3096 sentiarum,
533 3049 579 3084 ut
611 3044 724 3098 apud
751 3043 1004 3088 Petronium
1037 3043 1108 3086 le-

243 3101 387 3156 gitur,
430 3102 481 3145 de
522 3104 867 3159 praesentiarum
899 3103 1109 3146 exhibere

244 3160 366 3202 velit.
418 3160 783 3218 Elegantissimus
813 3163 997 3218 quisque
1028 3175 1109 3205 au-

246 3223 410 3259 ctorum
426 3219 674 3262 Latinorum
711 3221 763 3264 ab
785 3219 869 3264 hoc
892 3221 1107 3265 vocabulo

246 3277 681 3334 (impraesentiarum)
715 3279 922 3322 abstinuit
966 3279 1106 3334 (conf.

244 3332 535 3377 Forcellinius
577 3350 612 3380 s.
657 3342 751 3394 w),
794 3338 905 3393 apud
948 3350 1109 3392 paucos

247 3407 345 3435 raro
370 3395 613 3436 invenitur:
641 3396 688 3436 in
701 3398 950 3451 praesentia
966 3403 1109 3437 autem

244 3466 270 3494 a
315 3453 461 3495 'l‘acito
517 3453 719 3496 similiter
770 3456 957 3509 positum
1004 3454 1109 3510 Agr.

245 3513 299 3555 31
335 3518 377 3554 et
410 3513 481 3556 39.

333 3579 379 3616 ut
426 3580 611 3615 erectum
659 3579 696 3614 et
742 3572 939 3626 fidentem
982 3572 1116 3616 animi

248 3631 511 3676 ostemleret:
570 3643 810 3686 pronomen
859 3645 901 3674 se
953 3631 1114 3683 omisit,

250 3694 296 3731 ut
325 3687 344 3732 1
374 3691 431 3736 35
456 3698 674 3751 promptos
718 3697 1006 3747 ostentavere,
1053 3688 1114 3753 LV

786 2095 853 2138 15.
896 2095 1077 2137 aberant
1108 2095 1162 2136 M.

1238 2094 1306 2137 16.
1326 2093 1515 2150 glossam
1547 2092 1664 2135 vultu
1693 2091 1875 2134 seclusit
1908 2090 2062 2132 editor.

1200 2216 1254 2258 18
1299 2216 1586 2271 imparemque
1628 2220 1745 2255 tanto
1789 2213 1941 2254 merito
1991 2212 2063 2267 (se
2117 2224 2119 2226 ’

1196 2275 1378 2332 Caesar)
1411 2274 1610 2326 rebatur,
1658 2274 1694 2315 V
1727 2274 1752 2315 5
1785 2273 1859 2314 sed
1886 2278 2065 2328 paratos

1195 2335 1253 2377 cul
1291 2334 1498 2380 ultionem
1535 2335 1577 2375 vi
1616 2333 1826 2388 principis
1867 2331 2066 2387 impediri

1195 2401 1482 2445 testarentur,
1554 2390 1655 2433 XllI
1693 2391 1752 2434 49
1800 2404 1888 2434 non
1925 2404 2064 2446 prae-

1193 2455 1373 2497 sentium
1403 2455 1604 2511 iynarwn
1635 2450 1916 2506 respondebat
1949 2450 2063 2490 eius-

1193 2512 1308 2554 modi
1357 2510 1551 2554 consulta
1582 2510 1828 2566 corrigere,
1877 2509 1952 2551 sed
1977 2522 2063 2564 pa-

1195 2579 1304 2613 trum
1344 2571 1500 2613 honori
1540 2568 1669 2621 clare,
1715 2566 1815 2610 XIV
1854 2571 1870 2610 1
1906 2568 2066 2609 ituram

1195 2645 1355 2689 quoquo
1388 2638 1618 2681 terrarum,
1651 2629 1707 2670 35
1739 2641 1827 2668 uon
1858 2635 1903 2668 ut
1935 2627 2066 2668 tantis

1192 2690 1426 2737 maioribus
1461 2695 1600 2731 ortam
1621 2713 1676 2719 -—
1695 2687 1862 2740 ulcisci,
1894 2685 2064 2728 xv125

1188 2764 1365 2796 ‚securos
1397 2763 1484 2793 esse
1517 2747 1566 2790 ‹le
1600 2747 1844 2789 constantia
1874 2746 1963 2787 eius
1995 2743 2066 2786 di-

1188 2816 1363 2851 umerum.

1299 2924 1403 2980 Cap.
1449 2925 1521 2968 60.
1596 2933 1738 2968 torvus
1789 2930 1862 2965 aut
1908 2921 2066 2977 falsum

1193 2986 1394 3029 renidens
1423 2984 1620 3084 gerelm}-
1663 2984 1861 3029 renidere
1894 2982 1946 3023 de
1981 2981 2063 3021 ho-

1192 3045 1381 3088 minibus
1450 3045 1584 3087 ictum
1617 3056 1790 3098 semper
1812 3047 1877 3082 est
1904 3040 2063 3090 ridere,

1194 3117 1245 3145 ac
1275 3103 1401 3144 modo
1436 3103 1489 3144 de
1521 3104 1612 3144 risu
1643 3108 1769 3157 grato
1805 3106 1847 3140 et
1879 3111 2063 3139 amoeno

1196 3163 1432 3220 (μειδιᾶν)
1467 3158 1647 3211 dicitur,
1678 3160 1806 3200 modo
1841 3159 1894 3198 dc
1927 3158 2063 3197 simu-

1192 3221 1282 3264 lato
1316 3221 1545 3273 salsoque,
1579 3218 1716 3260 veluti
1749 3231 1772 3258 a
1805 3216 1952 3257 Tacito
1985 3214 2063 3255 XV

1195 3279 1277 3321 66:
1323 3278 1524 3320 renidens
1572 3277 1809 3318 Scaevinus
1854 3274 2065 3315 neminem

1197 3339 1258 3378 ait
1284 3336 1416 3392 plura
1446 3337 1556 3377 scire
1589 3348 1714 3390 quam
1735 3336 1883 3390 ipsum.
1931 3332 1982 3374 H.
2003 3331 2063 3372 lv

1197 3397 1278 3439 43:
1338 3394 1572 3436 Marcellus
1622 3393 1860 3434 minacibus
1914 3389 2063 3443 oculis,

1199 3455 1373 3508 Crispus
1387 3453 1601 3494 renidens.
1626 3451 1713 3493 Iam
1737 3451 1911 3494 edoceri
1930 3449 2065 3491 velim

1199 3511 1300 3567 quid
1347 3513 1403 3552 sit
1455 3511 1651 3553 renidere
1697 3510 1840 3552 vultu.-
1895 3507 2067 3550 scilicet

1198 3570 1390 3613 ridemus
1423 3583 1514 3624 ore,
1548 3583 1636 3613 non
1667 3569 1808 3612 vultu.
1871 3568 1926 3609 At
1958 3576 2065 3608 vero

1200 3629 1284 3672 hoc
1316 3642 1476 3672 nomen
1509 3629 1622 3671 haud
1651 3628 1782 3670 dubie
1808 3628 1851 3668 in
1871 3626 2066 3683 margine

1199 3688 1436 3754 ascriptum
1480 3693 1547 3734 est
1582 3688 1794 3737 adversus
1833 3691 1982 3731 torvus
2025 3689 2069 3729 et
