2280 4004
250 268 345 314 :124
1008 267 1299 312 ANNALIVM
1820 285 1866 316 a.
1888 272 1938 317 '1-
1966 268 2073 321 808.

256 412 452 477 similis,
496 411 694 464 solitum
731 410 799 462 ita
839 409 924 475 ait,
962 425 1054 476 per
1095 410 1398 463 comitialem
1438 411 1694 478 morbum,
1734 426 1833 480 quo
1866 408 2080 480 primun

255 505 319 556 ab
347 503 558 555 infantia
595 501 954 566 adflictaretur,
994 507 1043 553 et
1076 502 1333 554 redituros
1353 504 1590 569 paulatim
1614 504 1755 556 visus
1782 519 2080 572 sensusque.

253 595 322 646 At
345 593 659 660 Agrippinae
692 592 736 643 is
775 608 949 659 pavor,
982 609 1041 644 ea
1072 595 1416 645 consternatio
1452 595 1651 660 mentis,
1685 595 1913 661 quamvis
1943 594 2082 646 vultu

250 689 595 751 premeretur,
658 684 888 749 emicuit,
945 689 1011 735 ut·
1031 685 1250 760 perinde
1285 686 1515 753 ignaram
1553 686 1712 738 fuisse
1752 702 1813 737 ac
1849 699 2079 738 sororem
2110 731 2124 741 .

210 783 238 820 s
252 775 530 835 Britannici
562 776 869 827 constiterit:
913 765 1229 843 quippe'sibi
1259 792 1545 844 supremum
1584 777 1822 830 auxilium
1859 783 2083 846 ereptum

170 879 173 883 ·
247 871 303 918 -et
330 865 592 933 parricidii
625 866 907 933 exemplum
935 866 1278 934 intellegebat.
1355 868 1564 920 Octavia
1594 882 1811 935 quoque,
1852 868 2081 936 quamvis

249 957 460 1010 rudibus
501 957 664 1022 annis,
707 957 936 1009 dolorem
973 957 1250 1023 caritatem,
1290 958 1454 1010 omnis
1493 958 1723 1011 adfectus
1761 959 2082 1012 abscondere

247 1048 518 1100 didicerat.
606 1050 677 1100 Ita
715 1054 830 1116 post
868 1050 1025 1101 breve
1063 1049 1318 1102 silentium
1355 1050 1568 1117 repetita
1609 1050 1832 1102 convivii
1870 1050 2079 1104 laetitia.
2098 1065 2166 1114 17

250 1140 364 1192 Nox
398 1140 598 1204 eadem
647 1156 826 1192 necem
867 1141 1146 1192 Britannici
1196 1146 1246 1194 et
1299 1157 1480 1211 rogum
1530 1142 1816 1208 coniunxit,
1867 1142 2078 1208 proviso

189 1236 239 1275 ¹⁰
252 1235 368 1283 ante
406 1231 604 1284 funebri
641 1237 835 1299 paratu,
867 1233 951 1299 qui
985 1233 1216 1285 modicus
1251 1233 1357 1285 fuit.
1433 1234 1488 1285 In
1513 1248 1690 1300 campo
1717 1238 1885 1286 tamen
1906 1233 2080 1286 Martis

250 1323 473 1390 sepultus
524 1329 627 1389 est,
685 1325 815 1376 adeo
868 1325 1082 1376 turbidis
1137 1325 1383 1377 imbribus
1426 1330 1480 1376 ut
1529 1325 1714 1393 vulgus
1752 1326 1878 1377 iram
1930 1325 2079 1377 deum

247 1415 483 1481 portendi
523 1416 799 1468 crediderit
836 1415 1084 1468 adversus
1123 1417 1350 1482 facinus,
1391 1417 1472 1467 eui
1509 1417 1740 1483 plerique
1776 1417 1876 1468 iam
1909 1416 2083 1468 homi-

243 1631 248 1635 ·
365 1611 408 1653 2.
442 1609 738 1666 adflictaretur
769 1611 932 1653 editor:
974 1610 1042 1654 Ma
1073 1613 1361 1668 afflictaretur
1392 1610 1693 1654 brittannicus.
1770 1610 1813 1655 3.
1849 1611 2083 1669 agrippina

183 1705 193 1711 .
246 1667 327 1712 Ma.
435 1673 480 1712 4.
516 1670 738 1726 pmeretur
770 1669 849 1714 Ma.
953 1686 1007 1714 ac
1039 1672 1205 1714 editor:
1238 1670 1306 1714 Ma
1339 1671 1566 1714 octabium.
1687 1671 1728 1714 5.
1763 1670 1966 1730 suff-'mum
1996 1670 2078 1714 Ma.

248 1729 289 1772 7.
325 1729 460 1771 omnis
491 1732 658 1785 afectus
690 1728 769 1772 Ma.
864 1731 904 1774 9.
940 1732 1192 1775 brittannici
1223 1730 1303 1774 Ma.
1419 1731 1668 1773 coniuncoeit
1698 1729 1781 1774 Ma.
1906 1731 1974 1773 ll.
2012 1730 2082 1772 dm

248 1801 345 1830 cum
378 1788 455 1830 lin.
487 1788 567 1831 Ma.
666 1791 733 1832 12.
766 1790 917 1846 ptendi
947 1795 994 1851 (p
1029 1791 1233 1845 caudata,
1267 1790 1311 1832 id
1344 1796 1411 1833 est
1436 1790 1659 1849 protendi)
1691 1789 1770 1832 Ma.
1860 1789 1950 1832 iam
1980 1789 2080 1834 edi-

245 1852 337 1890 tor:
372 1847 548 1891 codices
583 1854 627 1891 et
659 1848 759 1892 edd.
792 1850 933 1892 etiam.

337 2018 415 2059 quo
447 2007 635 2062 primum
678 2008 731 2049 ab
764 2008 958 2063 infantia
988 2008 1118 2063 adfli-

246 2071 464 2106 ctaretur:
496 2065 564 2108 bis
595 2078 674 2120 per
706 2067 822 2109 hunc
855 2068 1001 2109 locum
1035 2079 1119 2108 no-

244 2125 361 2165 mina
395 2137 507 2180 quae
540 2132 696 2180 sponte
729 2140 777 2169 se
802 2127 990 2169 offerunt
1015 2141 1120 2181 per-

1204 2008 1322 2064 gitur
1351 2008 1484 2063 fuisse
1512 2007 1725 2050 octabium
1751 2019 1944 2050 sororem
1969 2006 2079 2050 brit-

1205 2068 1394 2119 tannici,
1449 2069 1494 2109 in
1546 2067 1629 2110 hac
1674 2066 1870 2109 lectione
1919 2067 2079 2110 omissa

1205 2127 1420 2180 particula
1452 2140 1521 2181 ac,
1555 2127 1609 2168 ad
1640 2126 1903 2169 sententiam
1926 2127 2079 2182 utique

245 2184 431 2226 moleste
484 2185 620 2242 vulgo
675 2193 951 2240 comparent,
1002 2186 1046 2228 h.
1087 2187 1117 2228 l.

244 2243 524 2286 Britannicus
555 2251 653 2299 post
675 2246 986 2300 adflictaretur,
1020 2258 1122 2287 mox

249 2302 474 2344 Octaviam
505 2310 606 2346 ante
633 2318 838 2347 sororem.
891 2306 1120 2347 Britanni-

247 2376 319 2403 cus
353 2375 459 2404 vero
504 2376 592 2405 non
640 2364 692 2405 ab
727 2366 822 2419 ipso
859 2366 1004 2419 operis
1039 2378 1121 2406 au-

247 2427 368 2464 ctore
402 2422 625 2477 profectus
660 2437 758 2467 esse
790 2431 958 2479 potest,
1005 2424 1122 2479 quod

249 2481 343 2522 eius
392 2495 551 2524 nomen
596 2483 727 2537 paulo
777 2491 877 2526 ante
931 2485 1120 2538 positum

245 2553 400 2582 recens
435 2543 479 2582 in
511 2542 755 2597 legentium
782 2548 928 2586 mente
951 2543 1119 2595 haeret,

246 2612 363 2640 nunc
397 2613 502 2642 vero
536 2602 580 2641 in
627 2601 713 2643 fine
749 2603 962 2643 enuntiati
995 2602 1120 2643 clau-

245 2658 396 2699 dicans
431 2665 474 2701 et
504 2659 603 2700 loco
650 2661 799 2714 inepto
844 2660 1042 2702 succedit
1076 2662 1119 2701 in

246 2717 404 2759 tradita
437 2719 665 2772 scriptura.
728 2720 902 2762 Etenim
934 2719 1119 2761 Neronis

244 2777 380 2819 verba
413 2779 471 2819 ad
509 2785 760 2833 praesentes
804 2780 853 2821 de
893 2786 1120 2835 praesente

245 2837 361 2878 dicta
396 2837 661 2890 referuntur,
697 2851 781 2893 qua
810 2840 852 2880 in
872 2851 920 2880 re
943 2839 1121 2879 nomina

244 2897 403 2937 iustum
451 2903 517 2938 est
553 2899 730 2939 reticeri
779 2898 831 2939 ab
867 2898 1034 2939 artifice
1067 2896 1121 2938 ad

242 2955 495 2997 imitandum
517 2958 561 2996 in
579 2958 727 3011 primis
742 2957 903 2998 valido.
950 2957 1121 3011 Quippe

243 3015 443 3056 oratione
460 3021 581 3057 recta
598 3018 681 3058 iste
699 3018 763 3058 sic
784 3015 1120 3071 loquetur-:solet

242 3074 329 3126 ita,
377 3075 603 3116 comitialis
634 3076 805 3117 morbus
836 3083 923 3117 est:
971 3077 1120 3129 infans

244 3134 373 3175 etiam
407 3148 457 3175 eo
490 3134 817 3189 adflictabatur3
863 3137 975 3177 visus
1017 3148 1119 3175 sen-

242 3206 394 3246 susque
442 3192 654 3249 paulatim
707 3194 919 3237 redibunt.
985 3193 1120 3235 Simul

245 3266 435 3304 causam,
469 3253 623 3306 lector,
657 3253 884 3310 intelliges
907 3265 983 3295 cur
998 3251 1119 3294 nullo

244 3313 502 3366 pronomine
556 3313 727 3355 adiecto
783 3314 932 3368 (verbi
989 3323 1122 3354 causa

244 3369 413 3412 solitum
445 3376 560 3428 eum)
609 3373 783 3414 Tacitus
819 3372 1120 3414 Britannicum

246 3429 570 3485 designaverit,
605 3431 765 3473 nedum
798 3444 957 3474 nomen
989 3431 1119 3486 plane

245 3489 403 3530 inutile
437 3491 606 3544 artique
650 3491 878 3532 adversum
926 3496 969 3532 et
1002 3490 1119 3531 infe-

247 3552 359 3588 stum
393 3550 602 3601 posuerit.
665 3550 842 3592 Accedo
885 3550 939 3591 ad
986 3549 1119 3591 Octa-

247 3607 382 3657 viam,
434 3608 557 3650 cuius
612 3620 771 3650 nomen
820 3609 909 3651 alia
950 3610 1120 3651 ratione

251 3669 391 3706 ortum
422 3670 502 3709 est.
566 3665 673 3708 Nam
714 3667 829 3722 quod
874 3669 918 3709 in
951 3666 1017 3710 Ma
1049 3667 1120 3710 le-

1205 2188 1470 2240 necessaria,
1503 2185 1694 2228 ostendit
1726 2197 1886 2227 nomen
1919 2198 2080 2240 super.

1205 2258 1446 2288 vacaneum
1479 2251 1628 2288 natum
1662 2258 1761 2287 esse
1802 2244 1927 2298 iude,
1961 2245 2080 2301 quod

1205 2305 1346 2347 scriba
1367 2305 1552 2347 Medicei
1571 2305 1615 2345 in
1642 2303 1888 2362 ἀρχετύπῳ
1922 2317 1974 2346 oe
2001 2316 2078 2358 pro

1204 2378 1259 2405 ac
1290 2370 1365 2405 aut
1397 2364 1507 2420 legit
1538 2370 1612 2405 aut
1638 2363 1791 2420 legere
1811 2376 1859 2406 se
1877 2362 2077 2418 credidit,

1205 2423 1336 2479 idque
1388 2424 1612 2466 Octaviam
1656 2435 1886 2478 perperam
1937 2423 2081 2465 inter..

1204 2489 1398 2538 pretatus
1431 2489 1512 2525 est.
1568 2482 1674 2524 Inde
1697 2482 1798 2524 libri
1825 2481 2079 2536 interpolati

1205 2543 1289 2584 duo
1328 2543 1386 2597 (G
1408 2548 1451 2583 et
1466 2541 1619 2599 Bodl.)
1654 2541 1836 2584 soloece
1869 2555 1924 2584 ac
1943 2541 2078 2584 Octa-

1202 2603 1339 2653 viam,
1402 2600 1478 2643 alii
1526 2606 1726 2642 correcto
1787 2600 1899 2642 vitio
1953 2607 2079 2654 atque

1206 2660 1441 2712 Octaviam,
1457 2666 1677 2714 postremo
1691 2659 1858 2716 Regius
1878 2664 1923 2702 et
1942 2659 2077 2707 editio

1203 2720 1407 2774 princeps
1438 2721 1570 2776 fuisse
1603 2719 1852 2769 Britannici
1885 2732 2080 2761 sororem

1205 2779 1450 2831 Octaviam,
1495 2791 1607 2834 quae
1641 2773 1877 2820 conamina'
1906 2791 1961 2820 ex
1993 2779 2079 2820 im-

1203 2851 1311 2892 puro
1346 2837 1468 2880 fonte
1502 2836 1701 2892 profecta
1732 2838 1881 2879 inania
1907 2843 2010 2879 sunt
2035 2843 2080 2880 et

1204 2911 1228 2938 a
1258 2898 1443 2939 veritate
1466 2909 1640 2951 semper
1659 2897 1799 2953 magis
1823 2895 2076 2940 deflectunt.

1204 2956 1391 2998 Primum
1424 2957 1477 2998 ab
1508 2957 1703 3012 infantia
1735 2961 1801 2997 est
1845 2957 1990 2998 statim
2023 2956 2077 2998 ab

1202 3017 1283 3069 inf.
1335 3015 1402 3058 Cf.
1438 3015 1536 3057 XIV
1569 3015 1649 3058 63:
1681 3015 1781 3056 huic
1814 3013 2074 3072 (Octaviae)

1199 3076 1384 3130 primum
1414 3076 1662 3131 nuptiarum
1697 3073 1785 3116 dies
1822 3072 1916 3116 loco
1944 3076 2077 3131 fitne-

1203 3136 1264 3175 ris
1295 3135 1390 3187 ficit.
1879 3146 1881 3149 ⁴

1293 3192 1398 3247 Gap.
1422 3194 1488 3236 17.
1535 3194 1582 3234 in
1618 3205 1766 3248 campo
1791 3198 1933 3235 tamen
1945 3192 2075 3235 Mar-

1203 3254 1254 3295 tis
1286 3252 1471 3308 sepultus
1491 3259 1575 3295 est.-
1606 3252 1814 3308 reliquias
1831 3251 2074 3294 Britannici

1205 3317 1487 3354 monumento
1540 3311 1729 3368 Augusti
1780 3310 1926 3353 illatas
1949 3366 1951 3369 .
1974 3322 2073 3353 esse

1202 3384 1312 3414 vere
1344 3372 1495 3413 statuit
1526 3370 1723 3425 Lipsius:
1754 3382 1797 3412 v.
1830 3369 1848 3412 1
1877 3370 1919 3423 8,
1952 3367 2101 3412 1114s

1204 3431 1251 3472 Id
1283 3436 1458 3486 postero
1502 3431 1573 3472 die
1618 3429 1779 3472 factum
1813 3434 1893 3471 est.
1956 3426 2070 3470 Sue-

1204 3492 1348 3532 tonius
1375 3490 1475 3534 Ner.
1510 3491 1592 3532 33:
1622 3495 1791 3546 postero
1823 3486 1891 3529 die
1915 3485 2073 3542 raptim

1203 3551 1317 3591 inter
1361 3550 1568 3591 maximos
1604 3548 1759 3591 imbres
1801 3543 2072 3588 translaticio

1205 3610 1353 3651 extulit
1395 3612 1564 3663 funere.
1627 3606 1666 3649 A
1695 3603 1843 3647 Tacito
1887 3601 2073 3647 discedit

1202 3667 1286 3710 Dio
1322 3666 1412 3709 LXI
1445 3667 1484 3710 7.
