2280 4004
190 1283 240 1320 ¹0

259 295 348 349 292

1031 295 1326 348 ANNALIVM

1717 319 1758 351 a.
1791 319 1836 352 u.
1868 299 2086 353 779—80.

261 463 325 500 ex
362 462 510 499 voce.
559 437 660 498 *Ne
701 459 805 497 nox
841 438 1044 511 quidem
1079 441 1280 512 secura,
1325 460 1437 497 cum
1471 439 1615 499 uxor*
1639 440 2086 514 vigilias‘somnos

260 539 475 605 suspiria
530 538 677 588 matri
715 537 889 589 Liviae
928 541 1078 612 atque
1118 538 1203 588 illa
1241 537 1426 590 Seiano
1464 538 1806 605 patefaceret3
1860 531 2090 606 quin-a-

260 634 386 680 trem
439 642 639 694 quoque
675 628 896 680 Neronis
930 612 1146 680 Drusum
1192 629 1346 681 traxit
1397 629 1448 679 in
1500 634 1698 696 partes,
1756 644 1847 696 spe
1888 624 2087 682 obiecta

258 719 502 785 principis
527 719 648 784 loci,
685 719 727 771 si
755 720 979 786 priorem
1010 725 1174 772 aetate
1211 725 1260 772 et
1287 720 1384 772 iam
1420 720 1723 773 labefactum
1762 720 2087 773 demovisset.

220 810 423 861 sAtrox
469 811 620 862 Drusi
669 811 957 878 ingenium,
1019 827 1173 878 super
1224 812 1510 879 cupidinem
1543 813 1802 879 potentiae
1839 817 1890 865 et
1940 811 2087 866 solita

257 901 499 952 fratribus
541 901 691 967 odia,
734 902 1112 954 accendebatur
1148 903 1369 969 invidia,
1431 904 1566 970 quod
1612 909 1773 956 mater
1807 903 2088 972 Agrippina

254 992 537 1058 promptior
585 993 778 1045 Neroni
834 1000 957 1046 erat.

1044 995 1219 1061 Neque
1260 1000 1428 1046 tamen
1480 995 1694 1048 Seianus
1748 995 1819 1047 ita
1871 995 2088 1047 Drusum

256 1084 464 1136 fovebat
488 1089 542 1136 ut
573 1100 677 1136 non
711 1086 763 1136 in
792 1101 905 1138 eum
940 1100 1140 1153 quoque
1168 1087 1361 1139 semina
1385 1086 1538 1139 futuri
1573 1087 1713 1140 exitii
1743 1086 2086 1153 meditaretur,

259 1191 450 1243 gnarus
489 1177 843 1244 praeferocem
880 1183 929 1230 et
965 1178 1165 1231 insidiis
1204 1179 1366 1247 magis
1405 1184 1755 1246 opportunum.

396 1269 519 1321 Fine
558 1270 675 1321 anni
716 1285 990 1323 excessere
1025 1271 1256 1338 insignes
1291 1271 1388 1322 viri
1415 1270 1624 1323 Asinius
1649 1271 1895 1339 Agrippa,
1936 1269 2087 1322 claris
2101 1273 2169 1321 61

253 1360 535 1412 maioribus
574 1375 723 1427 quam
773 1362 1014 1427 vetustiS,
1063 1352 1282 1428 ⁷vitaque
1331 1377 1434 1413 non
1477 1362 1731 1430 degener,
1790 1367 1840 1413 et
1875 1362 2087 1424 Quintus

252 1451 522 1517 Haterius,
582 1452 769 1504 familia
806 1453 1094 1518 senatoria,
1158 1453 1506 1520 eloquentiae,
1548 1453 1715 1520 quoad
1754 1453 1907 1519 vixit,
1947 1452 2089 1506 cele-

254 1635 461 1687 Scilicet
517 1635 702 1702 impetu
759 1636 923 1704 magis
986 1652 1133 1703 quam
1194 1653 1314 1689 cura
1362 1637 1601 1705 vigebat3
1661 1641 1815 1704 utque
1873 1636 2086 1689 aliorum

189 1745 238 1783 15
254 1731 514 1783 meditatio
557 1737 606 1783 et
641 1731 790 1782 labor
825 1732 876 1782 in
912 1737 1172 1797 posterum
1210 1731 1448 1795 valescit,
1505 1731 1580 1782 sic
1613 1729 1806 1781 Haterii
1845 1742 2086 1781 canorum

255 1823 375 1874 illud
415 1828 464 1874 et
499 1822 756 1889 profluens
796 1838 907 1873 cum
946 1823 1056 1889 ipso
1095 1822 1244 1874 simul
1287 1822 1560 1874 extinctum
1602 1826 1693 1873 est.

392 1914 565 1966 Marco
593 1913 789 1965 Licinio
828 1913 984 1964 Lucio
1016 1913 1285 1980 Calpurnio
1324 1912 1618 1964 consulibus
1656 1911 1936 1980 ingentium
1971 1909 2169 1962 bel-62

251 2005 415 2057 lorum
443 2005 640 2057 cladem
673 2007 908 2071 aequavit
935 2004 1118 2056 malum
1154 2005 1484 2071 inprovisum.
1558 2004 1680 2055 Eius
1718 2003 1912 2055 initium
1937 2001 2085 2055 simul

251 2101 302 2147 et
352 2096 464 2147 finis
530 2096 708 2147 extitit.

368 2343 408 2386 9.
438 2349 573 2399 oport.
607 2342 662 2386 M.
757 2342 826 2385 10.
864 2341 1045 2397 insiqnis
1073 2341 1128 2384 M.

250 2402 506 2445 Beroaldus.

253 2463 302 2505 L.
338 2463 392 2504 M.
489 2477 573 2505 cos.
613 2474 709 2504 cum
741 2460 819 2504 lin.
855 2461 909 2505 M.

250 2523 322 2566 20.
355 2521 646 2577 gladiatorem
677 2520 731 2563 Μ.

182 2693 185 2695 ¹
252 2642 353 2683 inde
368 2643 514 2683 versui
533 2648 727 2684 extremo
746 2641 959 2683 adhaesit.
992 2640 1125 2682 Com-

250 2708 405 2755 parant
453 2703 717 2756 interpretes
759 2700 968 2755 Appuleii
1021 2700 1123 2742 Met.

254 2759 311 2802 VI
343 2774 384 2815 p.
421 2762 533 2804 310:
572 2761 773 2803 renidens
796 2759 1013 2802 exitiabile
1035 2761 1126 2800 risu

249 2820 456 2876 maligno.
504 2820 654 2862 llorat.
690 2819 829 2862 Carm.
865 2819 921 2861 111
955 2820 1008 2863 27
1044 2819 1124 2861 67:

247 2880 457 2936 perfidum
485 2880 646 2921 ridens.
713 2879 789 2922 Sil.
825 2879 921 2921 ltal.
955 2877 972 2919 I
1011 2877 1124 2921 398:

251 2953 424 2980 saevum
454 2939 669 2981 arridens.

346 3012 486 3039 mcor:
526 3004 591 3040 est
613 2998 739 3050 Iulia,
767 2997 896 3039 Drusi
925 2994 1124 3038 Caesaris

255 3064 297 3099 et
343 3057 495 3100 Liviae
539 3058 661 3100 filia:
709 3055 765 3098 111
811 3057 883 3101 29.
946 3054 1125 3098 Pravam

253 3118 399 3159 matris
433 3116 623 3160 indolem
657 3116 747 3158 filia
777 3115 928 3157 refert.

339 3175 444 3231 Cap.
468 3176 540 3219 61.
581 3177 686 3219 Fine
709 3176 844 3218 anni:
872 3187 914 3217 v.
941 3174 1031 3216 adl
1053 3174 1124 3216 53.

342 3236 573 3278 Haterius:
634 3236 687 3277 de
747 3248 799 3276 eo
842 3239 1046 3277 accurate
1085 3239 1129 3275 et

254 3294 492 3351 diligenter
522 3295 693 3337 rettulit
735 3295 903 3337 Seneca
945 3295 989 3335 in
1033 3292 1126 3335 Ex-

255 3356 417 3409 cerptis
451 3353 659 3396 Controv.
695 3355 879 3409 praefat.
914 3353 1014 3395 libri
1048 3352 1139 3405 lv.

254 3412 320 3455 Cf.
356 3415 523 3456 Seneca
556 3413 845 3468 philosophus
878 3412 1016 3466 Epist.
1050 3413 1123 3456 40.

252 3473 545 3527 Hieronymus
578 3475 621 3515 in
654 3472 834 3514 Eusebii
879 3471 1124 3513 Chronico:

250 3532 485 3585 Haterius,
546 3540 765 3587 promptus
814 3539 853 3574 et
901 3530 1126 3587 popularis

250 3598 424 3644 orator,
466 3604 596 3644 nsque
628 3591 685 3630 ad
716 3591 773 3633 90
799 3605 935 3646 prope
966 3603 1126 3632 anmmi

249 3649 297 3689 in
328 3663 486 3691 summo
519 3649 681 3689 honore
714 3650 991 3690 consenescit.

355 3706 462 3766 Cap.
504 3706 576 3756 62.
636 3707 796 3755 malum
837 3708 1124 3768 inprovisum:

606 2405 674 2446 12.
708 2415 793 2456 qua
824 2401 882 2443 ad
910 2401 964 2445 M.
1035 2402 1104 2444 13.
1137 2400 1287 2457 inqeni
1314 2400 1368 2443 Μ.

1022 2460 1091 2504 19.
1126 2468 1230 2503 exst.
1267 2458 1337 2502 Or.

820 2096 945 2147 Nam
1002 2100 1182 2162 coepto
1237 2095 1368 2162 apud
1421 2094 1662 2146 Fidenam
1718 2091 2084 2161 amphitheatro

185 2202 237 2241 πο
251 2187 434 2240 Atilius
473 2187 675 2253 quidam
716 2186 940 2239 libertini
977 2186 1202 2254 generis,
1240 2201 1340 2254 quo
1369 2184 1711 2252 spectaculum
1746 2184 2085 2253 gladiatorum

1226 2343 1294 2383 11.
1329 2354 1436 2395 quae
1467 2340 1659 2382 haterius
1689 2339 1755 2381 M:
1799 2340 1849 2392 Q.
1883 2338 2087 2382 Haterius

1453 2400 1521 2442 16.
1555 2398 1652 2441 illut
1682 2398 1736 2441 Μ.
1834 2398 1901 2441 17.
1936 2396 1999 2442 Μ.
2027 2398 2081 2441 Μ.

1435 2457 1751 2517 amphitheatra
1783 2469 1879 2499 cum
1912 2456 1991 2502 lin.
2025 2457 2081 2500 M.

1212 2640 1269 2681 cf.
1314 2640 1548 2682 Suetonius
1590 2638 1733 2682 Tiber.
1766 2638 1839 2682 40.
1903 2636 2082 2682 Orosius

1214 2698 1289 2740 Vll
1331 2699 1374 2741 4.
1497 2699 1611 2755 apud
1650 2698 1882 2740 Fidenam.-
1934 2697 2082 2740 multis

1211 2759 1335 2800 annis
1379 2763 1481 2800 ante
1529 2757 1758 2815 vulgarem
1811 2757 1991 2800 formam
2038 2758 2080 2798 in

1210 2818 1262 2860 ll.
1298 2816 1358 2859 111
1392 2817 1447 2860 79
1480 2823 1709 2872 posuerat:
1741 2830 1872 2870 nunc,
1904 2818 2081 2859 sirecte

1211 2890 1259 2919 se
1298 2875 1432 2918 habet
1462 2878 1703 2932 scriptura,
1738 2875 1974 2934 Virgilium
2005 2889 2081 2918 se-

1212 2936 1371 2992 quitur,
1404 2938 1480 2992 qui
1510 2937 1622 2978 Aen.
1657 2934 1824 2980 v1773
1853 2935 2082 2990 urbemque

1214 2996 1433 3038 Fidenam.
1495 2995 1559 3037 lbi
1621 2996 1830 3038 Serviusz
1893 2994 2082 3037 Fidenae

1213 3055 1435 3106 dicuntur,
1468 3062 1515 3096 ut
1553 3055 1745 3097 Thebae:
1787 3053 1862 3097 sed
1899 3053 2082 3096 dioeie'ut

1214 3114 1431 3155 Iuvenalis
1458 3114 1561 3168 (XV
1580 3114 1630 3171 6)
1649 3113 1791 3169 ‘atque
1810 3119 1926 3156 vetus
1948 3111 2080 3155 Thebe

1214 3180 1380 3215 centum
1413 3172 1526 3214 iacet
1569 3174 1723 3214 obruta
1755 3170 1933 3229 portis':
1978 3184 2081 3213 nam

1209 3232 1414 3274 varietati
1442 3231 1592 3275 studet.
1657 3231 1891 3289 Virgilium
1920 3230 2003 3273 hac
2035 3231 2079 3272 in

1210 3305 1257 3335 re
1294 3293 1486 3334 imitatus
1511 3298 1577 3333 cst
1603 3293 1732 3333 etiam
1754 3291 1886 3334 Silius
1905 3290 1983 3333 XV
2003 3289 2076 3332 91.

1294 3353 1340 3393 in
1378 3351 1554 3393 sordida
1601 3351 1824 3394 mercede:
1872 3349 1915 3391 h.
1951 3362 1990 3391 e.
2030 3348 2077 3389 in

1210 3405 1386 3453 sordida
1416 3410 1609 3452 mercede
1643 3417 1836 3452 versatus
1866 3406 1998 3465 (cclv),-
2030 3407 2077 3446 in

1209 3471 1427 3512 sordidam
1477 3470 1710 3511 mercedem
1755 3468 1853 3509 dum
1896 3466 2077 3520 corrigit

1210 3529 1423 3582 Pichena,
1460 3529 1575 3584 quod
1609 3535 1675 3570 est
1705 3539 1844 3568 rarum
1877 3529 1920 3566 et
1950 3525 2074 3565 inso-

1212 3588 1335 3630 litum
1367 3595 1498 3643 atque
1531 3587 1630 3629 ideo
1663 3601 1687 3628 a
1717 3585 1864 3627 Tacito
1897 3583 2075 3638 quaesi-

1209 3653 1315 3700 tum,
1349 3648 1393 3688 in
1424 3646 1649 3702 vulgarem
1681 3644 1862 3686 formam
1885 3641 2074 3699 redegit.

1207 3706 1427 3755 Pichenae
1440 3704 1576 3751 verba
1596 3703 1726 3749 finem
1743 3715 1872 3764 quem
1896 3707 2075 3750 secutus
