2280 4004
207 284 280 340 ,aa
882 293 886 296 <
973 280 1264 324 ANNALIVM
1793 299 1832 329 a.
1866 297 1910 331 u.
1946 285 2048 331 769.

222 425 536 478 Cernebatur
588 430 762 477 contra
803 424 1180 476 minitabundus
1225 425 1516 490 Arminius,
1566 427 1915 496 proeliumque
1950 431 2051 483 de-

219 518 473 569 nuntians.
1516 584 1524 587 -
1555 584 1561 586 ῃ
1670 578 1765 588 ,,,,,

219 609 460 661 Romanis
496 610 547 659 in
584 608 765 660 castris
794 607 976 659 ductor
1011 608 1325 678 popularium
1358 610 1643 662 meruisset.
1718 610 1928 663 Postero
1967 612 2051 664 die
2067 618 2132 667 11

4 683 186 745 ”Rom
223 699 585 751 Germanorum
624 699 762 751 acies
802 704 942 751 trans
980 698 1238 768 Visurgim
1287 701 1438 752 stetit.
1513 701 1729 766 Caesar,
1783 702 1880 754 nisi
1917 717 2054 769 pon-

183 790 353 850 5tibus
387 791 760 857 praesidiisque
791 791 1057 857 impositiS,
1101 791 1224 843 dare
1261 791 1313 842 in
1340 791 1615 845 discrimen
1642 792 1877 861 legiones
1914 794 2051 846 haud

221 883 598 948 imperatorium
637 887 803 948 ratus,
859 882 1075 948 equitem
1115 882 1249 934 vado
1287 883 1528 946 tramittit.
1602 884 1873 937 Praesuere
1909 885 2053 938 Ster-

219 974 372 1025 tinius
413 978 462 1025 et
513 990 540 1026 e
578 989 788 1026 numero
827 974 1209 1041 primipilarium
1244 973 1517 1041 Aemilius,
1573 976 1875 1029 distantibus
1921 976 2051 1028 locis

221 1064 425 1130 invecti,
461 1070 514 1115 ut
540 1066 737 1117 hostem
767 1065 1080 1117 diducerent.
1158 1067 1266 1128 Qua
1302 1067 1597 1119 celerrimus
1621 1068 1800 1133 amniS,
1835 1067 2054 1118 Chario-

220 1156 371 1208 valda
413 1157 514 1207 dux
532 1157 835 1209 Batavorum
874 1158 1053 1224 erupit.
1127 1157 1251 1209 Eum
1276 1158 1519 1210 Cherusci
1550 1159 1723 1226 fugam
1750 1159 2044 1217 simulantes

157 1250 270 1301 zoin
304 1249 561 1315 planitiem
599 1249 811 1301 saltibus
849 1250 1226 1301 circumiectam
1259 1255 1490 1302 traxere:
1533 1250 1650 1302 dein
1679 1250 1842 1302 coorti
1869 1256 1920 1302 et
1953 1265 2054 1301 un-

220 1340 370 1406 dique
406 1340 550 1392 effusi
589 1341 794 1392 trudunt
822 1341 1087 1405 adverSOS,
1130 1341 1317 1392 instant
1347 1342 1662 1411 cedentibus,
1705 1341 2052 1407 collectosque

217 1431 268 1482 in
302 1432 477 1484 orbem
513 1448 632 1498 pars
663 1433 949 1500 congressi,
990 1432 1191 1498 quidam
1224 1433 1416 1484 eminus
1449 1433 1763 1499 proturbant.
1833 1433 2053 1484 Chario-

215 1523 364 1574 valda
404 1523 489 1574 diu
531 1529 808 1576 sustentata
865 1521 1084 1574 bestium
1135 1525 1381 1589 saevitia,
1435 1524 1664 1576 hortatus
1715 1539 1836 1577 suos
1876 1528 1930 1575 ut
1967 1525 2053 1574 in-

216 1620 459 1683 gruentes
489 1620 720 1667 catervas
756 1614 912 1682 globo
952 1615 1264 1683 frangerent,
1309 1620 1457 1682 atque
1483 1616 1592 1682 ipse
1628 1616 1679 1666 in
1718 1616 2050 1669 densissimos

155 1691 507 1773 isinrumpens
549 1706 811 1774 congestis
852 1706 966 1758 telis
1006 1711 1055 1758 et
1093 1705 1314 1758 suffosso
1355 1721 1485 1772 equo
1536 1706 1752 1772 labitur,
1815 1722 1875 1758 ac
1911 1707 2050 1759 multi

218 1800 461 1851 nobilium
511 1800 680 1850 circa:
743 1804 944 1850 ceteros
990 1800 1068 1849 vis
1126 1814 1215 1849 sua
1269 1803 1353 1848 aut
1402 1798 1596 1864 equites
1654 1814 1766 1849 cum
1809 1799 2049 1851 Stertinio

217 1891 539 1956 Aemilioque
585 1890 945 1941 subvenientes
1001 1889 1228 1955 periculo
1285 1905 1534 1941 exemere.
1636 1890 1827 1941 Caesar
1880 1892 2135 1942 trans-12

218 1996 429 2050 gressus
479 1982 733 2050 Visurgim
796 1981 989 2032 indicio
1049 1981 1299 2048 perfugae
1358 1981 1628 2048 cognoscit
1681 1980 1931 2033 delectum
1986 1981 2048 2032 ab

219 2073 452 2126 Arminio
490 2073 656 2124 locum
685 2088 914 2140 pugnae3
957 2073 1263 2124 convenisse
1296 2077 1344 2123 et
1371 2073 1496 2124 alias
1532 2073 1769 2124 nationes
1795 2073 1846 2123 in
1876 2073 2054 2125 silvam

156 2165 425 2219 aoHerculi
466 2180 696 2229 sacram,
760 2179 1077 2231 ausurosque
1124 2169 1422 2215 nocturnam
1471 2169 1752 2217 castrorum
1789 2180 2057 2233 oppugna-

222 2259 429 2309 tionem.
504 2256 687 2308 Habita
723 2256 881 2307 indici
922 2255 1078 2321 fides,
1120 2261 1169 2307 et
1211 2256 1551 2307 cernebantur
1588 2257 1768 2324 ignes3
1804 2271 2056 2324 suggres—

223 2350 368 2415 sique
406 2348 613 2414 propius
651 2347 1000 2414 speculatores
1037 2347 1200 2398 audiri
1253 2347 1503 2398 fremitum
1544 2363 1787 2414 equorum
1838 2349 2054 2401 immen-

336 2503 378 2546 2.
410 2501 698 2544 interiacebat
729 2501 794 2544 M:
830 2502 1021 2542 correxit
1052 2499 1309 2542 Beroaldus.
1402 2499 1444 2543 6.
1477 2502 1566 2557 inp.
1596 2501 1650 2544 M.
1746 2503 1785 2544 7.
1814 2500 2054 2559 pri-millia-

216 2561 329 2603 rium
366 2561 431 2603 M:
476 2561 718 2604 Beroaldus
756 2560 1138 2617 primipillarium,
1210 2559 1324 2600 idem
1391 2561 1434 2601 in
1500 2567 1647 2603 annot.
1699 2561 2051 2619 primipilarium.

216 2618 259 2663 8.
296 2621 552 2662 deducerent
573 2622 636 2663 M:
672 2621 862 2662 correxit
892 2620 1141 2662 Rhenanus.
1207 2618 1471 2661 cellerrimus
1495 2620 1547 2662 Μ.
1614 2621 1898 2663 εΙιαήουαῑιΙα
1929 2626 2054 2662 ntro-

219 2679 353 2735 bique
386 2680 449 2733 Μ,
485 2693 571 2721 non
608 2679 887 2723 cai-iovalda.
993 2681 1060 2722 10.
1097 2677 1414 2720 circumtectam
1446 2679 1500 2721 M.
1612 2681 1679 2722 14.
1712 2682 1957 2737 srinyerent
1989 2680 2053 2722 M:

220 2741 411 2781 correxit·
442 2738 630 2794 Lipsius.
666 2739 1007 2795 Bezzenberger
1033 2738 1373 2794 perfrinycrent.
1496 2739 1585 2795 ipse
1617 2740 1683 2796 in]
1719 2742 1824 2796 ipsis
1855 2740 1919 2782 M:
1952 2751 2053 2782 cor-

219 2800 332 2839 rexit
363 2798 621 2841 Beroaldus.
753 2800 820 2842 15.
862 2801 1069 2854 inrupens
1111 2797 1178 2839 M:
1215 2803 1460 2839 correctum
1500 2799 1544 2839 in
1587 2798 1807 2841 Alciatina
1847 2813 1887 2842 a.
1923 2799 2050 2841 1519.

219 2860 289 2901 22.
323 2860 428 2901 inm.
462 2858 517 2901 M.

309 3014 413 3069 Cap.
445 3017 491 3057 11
513 3028 524 3054 τ
560 3015 791 3056 Stertinius
818 3022 855 3056 et
878 3029 898 3055 e
922 3028 1096 3055 numero

215 3073 551 3131 primipilarium
583 3073 812 3115 Aemilius:
864 3075 1098 3116 Stertinius

220 3132 337 3175 haud
369 3133 501 3175 dubie
521 3145 632 3173 unus
653 3145 677 3173 e
710 3132 897 3188 legatis:
931 3131 948 3173 1
979 3132 1037 3175 fio
1056 3137 1099 3173 et

219 3193 289 3245 71,
324 3191 361 3234 11
392 3193 434 3236 8.
498 3191 576 3234 His
615 3191 830 3248 dignitate
876 3192 1097 3245 proximus

218 3251 534 3307 primipilaris:
589 3252 625 3292 is
674 3256 818 3292 autem
869 3250 1098 3292 adiunctus

217 3324 303 3352 non
347 3317 432 3353 tam
475 3312 548 3366 qui
596 3316 824 3364 praeesset
868 3311 1096 3365 equitatui,

217 3371 294 3412 sed
316 3376 362 3412 ut
384 3370 439 3411 ob
462 3383 585 3411 usum
609 3369 926 3423 stipendiorum
953 3376 1098 3411 trans-

218 3431 323 3470 itum
371 3429 684 3471 moderaretur.
806 3429 1100 3472 Chariovalda

219 3488 307 3529 ἀπα·
357 3488 651 3530 Batavorum.-
715 3489 799 3530 suit
849 3489 1098 3543 praefectus

219 3546 401 3589 alarium
436 3560 490 3588 ex
521 3547 715 3590 Batavis.

326 3604 431 3661 Cap.
481 3606 549 3648 12.
626 3608 673 3648 in
723 3607 874 3650 silvam
922 3608 1100 3650 Herculi

219 3678 420 3711 sacram.-
477 3676 565 3709 non
607 3664 689 3707 fuit
734 3664 839 3709 deus
887 3666 1100 3716 Hercules

1184 3013 1262 3056 ille
1293 3015 1405 3068 apud
1427 3015 1679 3067 Germanos»,
1712 3013 1790 3057 sed
1820 3013 1951 3057 heros
1981 3012 2054 3058 vel

1184 3072 1366 3114 daemon
1422 3087 1446 3114 a
1497 3074 1801 3127 popularibus'
1831 3075 1922 3117 suis
1966 3074 2054 3116 alio

1183 3134 1360 3173 nomine
1395 3132 1536 3174 cultus
1559 3132 1736 3187 alioque
1762 3134 1881 3175 iuxta
1903 3145 2054 3176 eorum

1182 3193 1511 3245 persuasionem
1544 3197 1668 3245 patre
1691 3197 1834 3245 natus,
1866 3191 1943 3234 sed
1961 3192 2054 3234 Ro-

1182 3263 1309 3291 mana
1340 3252 1703 3305 interpretatione
1733 3250 1963 3294 Hercules:
2001 3251 2055 3293 ad

1183 3308 1312 3351 huius
1330 3311 1444 3352 enim
1467 3312 1555 3352 vim
1573 3315 1617 3352 et
1639 3315 1836 3352 naturam
1858 3311 2055 3365 proxime

1184 3369 1396 3412 accedere
1443 3369 1673 3412 videbatur
1709 3369 1892 3412 daemon
1944 3368 2054 3411 Ger-

1182 3441 1421 3472 manorum.
1469 3429 1700 3472 Herculem
1734 3430 1778 3470 in
1799 3428 2053 3470 Germaniae

1183 3487 1371 3530 fortibus
1430 3489 1536 3531 viris
1598 3490 1734 3531 refert
1784 3487 1855 3528 hic
1906 3491 2054 3527 noster

1185 3547 1325 3590 Germ.
1359 3550 1387 3591 3
1421 3548 1523 3591 coll.
1557 3549 1636 3599 34,
1682 3549 1726 3588 in
1756 3545 1934 3587 deorum
1966 3557 2052 3586 nu-

1183 3619 1302 3649 mero
1345 3607 1392 3649 G.
1434 3607 1462 3651 9
1502 3619 1587 3648 non
1627 3605 1797 3648 Tacitus
1841 3605 2051 3659 reposuit,

1181 3666 1258 3709 sed
1290 3665 1532 3725 glossator:
1564 3664 1653 3710 vid.
1686 3663 1747 3708 ibi
1778 3669 1926 3715 annot,
