2280 4004
222 287 248 320 ι
275 272 327 321 G.
364 273 432 317 17.

822 269 987 313 LIBER
1015 266 1067 311 11.
1131 265 1239 312 CAP.
1269 263 1462 311 42-43.

1959 259 2047 303 12⁶7

219 417 421 481 Pisone,
459 415 543 481 qui
578 413 714 466 civili
757 411 892 465 bello
929 412 1257 476 resurgentes
1295 407 1348 459 in
1373 406 1550 458 Africa
1587 408 1757 471 partes
1794 401 2047 454 acerrimo

223 506 506 559 ministerio
547 504 794 558 adversus
835 503 1106 555 Caesarem
1142 499 1297 564 iuvit,
1335 513 1455 550 mox
1490 497 1693 548 Brutum
1730 498 1780 546 et
1820 493 2050 545 Cassium

223 603 444 662 secutuS‚
487 609 738 648 concesso
773 594 972 658 reditU,
1011 592 1255 659 petitione
1292 590 1543 642 honorum
1579 585 1844 650 abstinuit,
1883 584 2051 635 donec

222 687 354 740 ultro
393 685 668 741 ambiretur
690 684 922 736 delatum
959 683 1021 734 ab
1041 682 1274 749 Augusto
1311 679 1626 732 consulatum
1650 676 1901 742 accipere.
1950 673 2053 727 Sed

223 781 427 843 praeter
474 779 715 841 paternos
765 773 968 839 spiritus
1018 773 1195 823 uxoris
1246 785 1446 836 quoque
1486 767 1755 820 Plancinae
1789 765 2094 818 nobilitates

227 873 277 920 et
313 866 492 933 opibus
531 864 908 917 accendebatur
919 881 934 926 3
989 863 1075 916 vix
1109 862 1311 914 Tiberio
1350 860 1668 925 concedere,
1715 859 1906 911 liberos
1947 858 2055 909 eius

226 963 281 1009 ut
313 943 518 1009 multum
557 955 690 1007 infra
715 954 1030 1020 despectare.
1094 954 1200 1005 Nec
1229 952 1431 1004 dubium
1462 951 1681 1003 habebat
1700 967 1758 1002 se
1788 949 2056 1013 delectum,

230 1049 313 1115 qui
345 1047 523 1120 Syriae
555 1046 917 1111 imponeretur,
957 1043 1022 1094 ad
1061 1058 1179 1108 spes
1217 1042 1504 1095 Germanici
1540 1041 1872 1093 coercendas,
1933 1040 2062 1091 Cre-

231 1139 409 1190 didere
437 1136 638 1204 quidam
667 1135 783 1187 data
814 1139 863 1186 et
888 1150 916 1185 a
939 1134 1144 1186 Tiberio
1170 1132 1368 1184 occulta
1396 1132 1657 1195 mandata3
1695 1136 1745 1182 et
1772 1130 2061 1182 Plancinam

229 1229 363 1282 haud
404 1228 556 1282 dubie
592 1228 824 1293 Augusta
860 1226 1055 1277 monuit
1095 1223 1434 1277 aemulatione
1470 1223 1704 1276 muliebri
1728 1222 2060 1289 Agrippinam
2077 1232 2126 1268 to

231 1318 532 1372 insectandi.
565 1317 741 1369 Divisa
767 1331 984 1382 namque
1009 1320 1059 1367 et
1087 1315 1286 1366 discors
1307 1313 1420 1366 aula
1450 1319 1558 1366 erat
1586 1313 1753 1365 tacitis
1770 1313 1824 1363 in
1844 1312 2062 1364 Drusum

233 1417 317 1465 aut
336 1409 689 1465 Germanicum
726 1407 923 1460 studiis.

997 1406 1228 1458 Tiberius
1251 1410 1304 1456 ut
1326 1405 1584 1471 proprium
1618 1410 1667 1456 et
1694 1405 1773 1457 sui
1799 1403 2063 1471 sanguinis

232 1503 449 1554 Drusum
499 1500 732 1551 fovebat:
788 1497 1090 1551 Germanico
1155 1496 1394 1549 alienatio
1441 1495 1606 1561 patrui
1661 1510 1884 1547 amorem
1935 1493 2067 1560 apud

236 1599 436 1646 ceteros
472 1595 704 1654 auxerat,
747 1594 796 1641 et
833 1589 949 1655 quia
992 1588 1293 1639 claritudine
1334 1586 1546 1638 materni
1578 1586 1788 1653 generis
1827 1584 2065 1650 anteibat,

238 1698 385 1736 avum
413 1682 638 1736 Marcum
658 1679 950 1744 Antonium,
989 1678 1289 1729 avunculum
1317 1676 1602 1743 Augustum
1639 1677 1829 1730 ferens,
1879 1675 2067 1728 Contra
2085 1688 2132 1727 ¹5

365 1836 403 1878 1.
438 1834 597 1890 affrica
627 1832 682 1874 M.
748 1833 788 1875 5.
821 1832 972 1874 uxoris
1005 1844 1164 1886 quoque
1186 1828 1241 1883 M,
1275 1841 1362 1871 non
1393 1829 1638 1883 uxorisque,
1671 1828 1787 1884 quod
1820 1834 1885 1870 est
1915 1829 2070 1871 vitium

244 1899 418 1950 typogr.
452 1892 568 1947 apud
598 1891 878 1944 Beroaldum,
912 1890 964 1932 ab
998 1892 1093 1945 ipso
1128 1895 1372 1932 correctum
1403 1890 1449 1929 in
1482 1893 1632 1930 annot.
1725 1887 1768 1930 8.

1803 1888 1973 1931 cahere.
2009 1886 2065 1929 Μ.

247 1955 314 1996 13.
347 1959 452 2010 aput
483 1952 539 1998 Μ.
607 1951 676 1995 14.
708 1958 847 1992 mater
878 1950 941 1993 M:
975 1951 1109 1991 tacite
1142 1950 1336 1991 correxit
1367 1947 1618 1991 Rhenanus.
1685 1948 1754 1991 15.
1786 1946 1849 1990 M.
1881 1948 1937 1990 M.

246 2095 351 2149 tem)
383 2095 506 2141 τέλος
549 2107 593 2133 τι
639 2086 972 2143 διακοσιοστὴν
1009 2092 1118 2148 ἔχον

246 2145 498 2205 ἑκατοστὴν
531 2150 695 2207 ἤγαγε.
757 2149 852 2191 Non
899 2155 1043 2190 narrat
1075 2148 1119 2189 id

246 2211 446 2263 Tacitus3
500 2209 663 2261 fateor,
718 2210 819 2263 quia
868 2222 920 2250 ea
978 2210 1118 2249 omnis

247 2270 430 2311 historia
485 2270 708 2320 extincta3
768 2272 810 2308 at
861 2266 944 2308 Dio
1004 2267 1118 2307 idem

247 2328 338 2370 LIX
369 2328 410 2379 9,
444 2325 517 2367 ubi
551 2325 604 2368 de
639 2325 854 2382 Caligula,
891 2325 974 2367 sibi
1011 2338 1119 2366 con-

247 2394 364 2430 stans
398 2387 678 2427 centesimam
716 2384 768 2427 ab
810 2397 863 2426 eo
905 2384 1119 2426 sublatam

249 2449 324 2499 ait,
359 2456 447 2486 non
480 2443 850 2486 ducentesimam'.

340 2503 445 2557 Cap.
462 2503 535 2547 43.
586 2517 694 2558 quac
711 2515 844 2558 supra
855 2502 1094 2543 ⁴nteaotoram‘
1105 2515 1119 2542 .-

251 2577 288 2606 c.
322 2564 350 2606 3
383 2569 426 2605 et
456 2561 498 2605 4.
625 2562 695 2616 qm·
737 2568 850 2603 sorte
891 2568 964 2602 aut
994 2562 1123 2603 missu

246 2622 456 2678 principis
472 2635 482 2672 3
499 2622 737 2662 sortiuntur
754 2621 1003 2674 provincias
1021 2632 1121 2661 suas

251 2681 334 2721 viri
368 2679 618 2721 consulares
646 2679 718 2720 vel
745 2685 949 2732 praetura
967 2679 1121 2730 functi,

253 2740 325 2794 qui
345 2739 390 2780 in
417 2739 665 2792 provincias
682 2743 860 2780 senatus
882 2737 1123 2793 populique

250 2811 329 2853 pro
363 2796 535 2838 consule
565 2798 662 2839 sive
699 2796 978 2852 proconsules
1017 2809 1124 2850 pro-

256 2855 533 2907 ficiscuntur,
578 2855 657 2897 sed
697 2856 741 2895 in
780 2867 878 2897 suas
918 2856 1123 2908 princeps

256 2925 334 2956 suo
366 2913 530 2955 iudicio
562 2914 694 2954 mittit
725 2912 886 2967 legatos
901 2915 997 2955 sive
1017 2927 1125 2969 pro-

254 2978 490 3028 praetores.
553 2969 679 3014 Conf.
712 2971 766 3012 ad
796 2971 814 3013 1
845 2972 919 3014 74.

348 3029 561 3072 Creticum
582 3029 809 3072 Silanum:
844 3029 998 3072 consul
1029 3030 1127 3072 suf-

260 3089 401 3131 fectus
434 3089 578 3131 fuerat
610 3101 706 3130 cum
730 3087 924 3131 Caecilio
949 3089 1126 3132 Metello

259 3161 284 3190 a
316 3147 425 3191 760:
458 3147 541 3189 Dio
577 3147 651 3189 LV
683 3148 756 3192 30.

348 3219 377 3246 a
424 3213 550 3261 patre
593 3205 777 3252 Ptsone:
824 3205 878 3251 de
923 3205 1007 3249 hoc
1037 3205 1126 3248 vid.

262 3263 388 3305 llirtii
443 3263 493 3306 B.
547 3264 639 3308 Ast.
694 3265 748 3307 18
801 3269 846 3304 et
892 3264 1129 3306 Drumanni

263 3321 372 3364 Hist.
404 3320 585 3364 Roman.
619 3328 722 3364 tom.
755 3321 793 3363 11
824 3335 866 3375 p.
898 3322 971 3367 90.
1028 3322 1129 3364 Filii

263 3379 432 3422 Pisonis
446 3381 623 3422 immitis
643 3381 810 3435 ingenii
822 3380 1129 3423 documentum

264 3437 443 3494 praebet
475 3439 643 3482 Seneca
673 3437 727 3480 de
758 3437 824 3480 lru
853 3437 872 3479 1
906 3439 972 3483 16.

369 3498 573 3553 petitione
633 3497 841 3538 honorum
900 3497 1128 3541 abstinuit:

263 3556 535 3601 aedilitatem
568 3569 695 3612 quam
727 3556 865 3611 gessit
896 3560 996 3600 ante
1029 3553 1129 3596 Chr.

265 3627 306 3660 a.
337 3615 396 3661 30
427 3617 494 3673 (v.
530 3614 756 3659 Vaillantii
793 3615 962 3662 Numm.
994 3612 1131 3661 famil.-

1200 2088 1218 2129 Ι
1250 2087 1335 2130 tab.
1374 2088 1427 2130 19
1461 2093 1504 2128 et
1534 2087 1770 2129 Drumann.
1804 2087 1833 2130 l.
1870 2091 1932 2143 c.)
1991 2086 2074 2128 Ta-

1204 2149 1314 2188 citus
1359 2152 1431 2187 aut
1483 2147 1682 2202 neglexit
1719 2152 1793 2187 aut
1835 2147 2072 2202 ignoravit.

1204 2204 1443 2247 Consulatu
1485 2206 1661 2248 functus
1704 2211 1772 2248 est
1817 2211 1918 2250 aute
1970 2203 2072 2248 Chr.

1204 2278 1243 2307 a.
1285 2267 1342 2309 23
1377 2267 1438 2318 (a.
1472 2277 1515 2306 u.
1551 2265 1688 2322 731):
1728 2264 1812 2306 Dio
1854 2263 1945 2306 Lm
1990 2265 2073 2316 303

1208 2337 1250 2365 v.
1286 2323 1339 2364 ad
1368 2323 1425 2364 III
1460 2323 1528 2369 16.

1293 2382 1532 2425 Plancinae
1572 2380 1823 2423 nobilitate.-
1861 2380 1905 2423 ‘a
1932 2381 2075 2424 Dione

1203 2440 1338 2482 LVIll
1369 2443 1427 2484 22
1447 2441 1638 2482 Munatia
1664 2439 1872 2482 Plancina
1901 2440 2075 2493 dicitur,

1205 2507 1253 2540 ut
1299 2506 1463 2541 cer-tum
1505 2501 1561 2541 sit
1605 2511 1699 2540 eam
1740 2499 1927 2541 celebris
1957 2500 2077 2542 illius

1204 2559 1252 2602 L.
1285 2559 1466 2600 Munatii
1485 2557 1632 2599 Planci
1667 2556 1799 2598 filiam
1833 2558 1972 2601 fuisse
2004 2564 2078 2600 aut

1205 2624 1397 2672 neptem.
1419 2617 1622 2659 Nominat
1634 2616 1747 2658 hanc
1764 2619 1902 2671 ipsam
1914 2619 2078 2660 Romae

1206 2678 1318 2731 lapis
1366 2678 1411 2717 in
1467 2675 1648 2717 aedibus
1705 2675 1873 2718 Caesiis
1926 2676 2077 2732 (Grut.

1206 2735 1293 2780 985
1343 2735 1395 2791 8)
1446 2735 1509 2776 dis
1547 2735 1751 2779 manibus
1805 2735 1855 2780 L.
1910 2736 2082 2780 Munati

1207 2794 1445 2837 Plancinae
1475 2793 1505 2835 l.
1529 2793 1737 2848 Polycliti,
1764 2794 1808 2837 id
1833 2801 1914 2849 est,
1947 2795 2080 2837 Plan-

1209 2854 1334 2894 cinae
1367 2852 1542 2895 liberti'.
1606 2852 1798 2897 Lnrsnus,

1294 2912 1457 2953 monuit
1487 2936 1543 2944 --
1573 2913 1844 2955 insectandi.-
1890 2925 1968 2967 pro
2001 2925 2080 2955 suo

1210 2983 1330 3012 more
1344 2969 1534 3024 simplici
1548 2971 1683 3012 verbo
1698 2972 1845 3024 utitur,
1865 2972 2083 3014 admonuit

1211 3029 1436 3072 declinans
1487 3035 1534 3070 ut
1587 3029 1761 3086 vulgari
1814 3043 1895 3073 usu
1955 3032 2082 3072 nimis

1211 3089 1431 3130 detritum.
1467 3087 1669 3130 Ceterum
1693 3095 1910 3131 structura
1931 3089 2082 3131 eadem

1213 3154 1278 3192 est
1311 3160 1422 3202 quae
1454 3146 1472 3187 1
1508 3149 1561 3190 12
1593 3153 1636 3189 et
1667 3147 1747 3198 67,
1792 3147 1851 3189 lv
1884 3147 1926 3189 8.
1990 3147 2081 3189 Ae-

1211 3206 1386 3249 mutatio
1428 3205 1644 3247 muliebris
1684 3204 1973 3260 intelligenda
2017 3211 2083 3247 est

1212 3265 1438 3319 Augustae
1494 3263 1701 3304 adversus
1782 3263 2081 3318 Agrippinam,

1212 3335 1300 3363 non
1332 3321 1566 3364 Plancinae
1599 3323 1643 3365 in
1676 3320 1873 3363 eandem.

1302 3378 1556 3420 avunculum
1589 3379 1852 3434 Auyustum:
1885 3391 1972 3422 uno
2003 3393 2083 3422 co..

1214 3439 1434 3493 gnationis
1466 3438 1603 3493 gradu
1635 3437 1840 3494 neglecto
1869 3439 2014 3493 posuit
2041 3445 2085 3481 et

1216 3496 1287 3539 hic
1319 3502 1363 3539 et
1394 3496 1431 3536 11
1463 3497 1540 3549 53,
1572 3495 1632 3538 lv
1664 3498 1691 3540 3
1726 3502 1769 3539 ct
1801 3498 1886 3550 75,
1920 3497 1994 3539 XII
2026 3498 2084 3542 64

1216 3554 1472 3598 avunculum
1515 3568 1594 3610 pro
1650 3556 1860 3600 avunculo
1910 3570 2082 3613 magno,

1215 3627 1344 3671 quam
1375 3613 1625 3671 appellandi
1659 3616 1875 3660 rationem
1904 3617 2081 3661 omniuo
