2280 4004
0 348 105 442 H}
140 404 210 452 22

225 265 330 311 aC.
367 268 439 312 33.

781 268 943 313 LIBER
978 270 1048 313 vl.
1112 269 1219 314 Ciu».
1247 266 1441 316 '20—22.

1957 272 2047 314 83¹7

367 411 466 463 Sed
503 412 621 463 mihi
659 412 785 464 haec
823 428 882 464 ac
919 412 1035 465 talia
1077 413 1298 465 audienti
1338 413 1387 463 in
1434 413 1628 464 incerto
1669 411 1906 463 iudicium
1950 418 2045 476 est,

229 500 400 554 fatone
437 517 520 554 res
557 503 839 555 mortalium
878 509 927 555 et
971 505 1279 556 necessitate
1329 503 1622 555 immutabili
1661 518 1724 554 an
1762 502 1894 554 forte
1930 503 2048 553 vol-

227 597 422 644 vantur.

498 594 690 660 Quippe
714 595 1115 660 sapientissimos
1142 601 1385 659 veterum,
1424 594 1615 661 quique
1643 599 1835 646 sectam
1872 608 2046 646 eorum

228 683 567 749 aemulantur,
629 685 862 736 diversos
900 687 1153 751 reperieS,
1217 700 1276 736 ac
1317 685 1482 736 multis
1519 685 1721 736 insitam
1758 685 2050 751 opinionem

228 787 329 824 non
366 774 506 826 initia
545 775 722 838 nostri,
763 790 864 826 non
897 775 1062 841 finem,
1102 791 1203 826 non
1245 776 1462 842 denique
1489 776 1719 827 homines
1749 776 1826 828 dis
1867 790 2020 827 curae
2034 788 2089 838 3⁵

228 865 347 917 ideo
385 866 690 916 creberrime
734 866 893 916 tristia
935 867 984 916 in
1021 868 1215 931 bonoS,
1255 867 1386 918 laeta
1427 867 1556 933 apud
1595 867 1875 919 deteriores
1915 882 2047 919 esse.

228 956 412 1010 Contra
452 956 537 1006 alii
575 956 728 1007 fatum
769 956 969 1021 quidem
1012 972 1298 1024 congruere
1336 958 1489 1008 rebus
1527 963 1715 1023 putant,
1753 958 1845 1009 sed
1879 972 1981 1008 non
2021 973 2050 1008 e

227 1047 373 1113 vagis
409 1046 597 1110 stellis,
642 1062 812 1098 verum
853 1048 981 1113 apud
1021 1047 1267 1113 principia
1307 1052 1355 1098 et
1391 1063 1549 1099 nexus
1586 1048 1884 1099 naturalium
1926 1049 2051 1098 cau-

227 1145 421 1198 sarum3
465 1151 525 1188 ac
554 1140 718 1187 tamen
756 1136 1055 1188 electionem
1095 1137 1229 1188 vitae
1263 1136 1410 1188 nobis
1437 1137 1741 1203 relinquunt,
1780 1153 1925 1204 quam
1963 1138 2050 1187 ubi
2147 1200 2149 1202 η

227 1225 464 1292 elegeris,
498 1232 687 1277 certum
718 1227 1080 1278 imminentium
1117 1226 1364 1277 ordinem.
1405 1230 1409 1233 '
1439 1228 1612 1293 Neque
1631 1227 1761 1278 mala
1797 1227 1879 1279 vel
1915 1228 2048 1279 bona
2065 1239 2115 1275 ιο

227 1331 356 1383 quae
390 1317 570 1384 vulgus
610 1323 774 1384 putet:
824 1317 1005 1368 multos
1057 1317 1140 1383 qui
1181 1317 1461 1368 conflictari
1497 1317 1730 1369 adversis
1765 1318 2049 1380 videantur,

228 1409 422 1473 heatOS‚
463 1415 513 1460 at
552 1409 823 1475 plerosque
857 1423 1152 1474 quamquam
1192 1423 1403 1475 magnas
1437 1423 1529 1474 per
1557 1423 1679 1474 opes
1714 1409 2050 1471 miserrimos,

229 1499 271 1550 si
310 1499 382 1550 illi
419 1514 627 1566 gravem
668 1500 918 1550 fortunam
958 1504 1251 1550 constanter
1287 1498 1530 1563 tolerent,
1591 1499 1641 1549 hi
1689 1513 1932 1565 prospera
1970 1499 2054 1548 in-

230 1590 457 1641 consulte
496 1595 712 1642 utantur.

786 1591 1019 1642 Ceterum
1069 1590 1296 1656 plurimis
1335 1590 1620 1642 mortalium
1669 1605 1773 1641 non
1821 1590 2055 1642 eximitur

228 1681 346 1746 quin
395 1681 556 1746 primo
608 1681 851 1747 cuiusque
891 1687 1003 1733 ortu
1043 1687 1252 1733 ventura
1293 1681 1632 1745 destinentur3
1673 1681 1765 1733 sed
1807 1680 2121 1747 quaedamst

227 1784 393 1835 secuS‚
434 1785 580 1836 quam
618 1771 750 1822 dicta
791 1773 907 1836 sint,
952 1772 1137 1823 cadere
1176 1771 1393 1823 fallaciis
1432 1771 1611 1838 ignara
1647 1771 1951 1822 dicentium:
1988 1771 2056 1820 ita

231 1862 483 1927 corrumpi
519 1862 667 1913 fidem
706 1862 846 1927 artis,
890 1863 1032 1914 cuius
1073 1862 1209 1914 clara
1250 1862 1551 1914 documenta
1587 1866 1635 1913 et
1674 1862 1876 1928 antiqua
1918 1866 2057 1913 aetas

230 1956 279 2001 et
313 1957 486 2003 nostra
524 1952 708 2003 tulerit.

785 1953 979 2019 Quippe
1014 1970 1041 2004 a
1076 1953 1178 2003 filio
1215 1953 1442 2004 eiusdem
1466 1952 1715 2005 Thrasulli
1746 1953 2058 2018 praedictum

229 2042 446 2103 Neronis
487 2042 746 2109 imperium
790 2043 840 2093 in
876 2048 1104 2109 tempore
1139 2043 1525 2107 memorabitur,
1585 2059 1650 2095 ne
1686 2058 1819 2094 nunc
1855 2043 2057 2109 incepto

230 2130 433 2198 longius
472 2132 699 2184 abierim.
752 2156 823 2254 f

350 2331 392 2369 4.
426 2327 620 2382 reperias
651 2339 700 2380 pr
732 2325 786 2368 Μ.
821 2328 1011 2368 correxit
1057 2326 1207 2368 eadem
1240 2338 1407 2368 manus.

234 2383 298 2427 M:
332 2387 522 2427 correxit
552 2384 893 2427 Freinshemius.

237 2629 344 2671 ilinc
363 2643 402 2672 e.
425 2630 512 2674 22:
547 2635 731 2671 ceterum
756 2630 955 2687 plurim-is
985 2643 1105 2672 mor-

235 2688 383 2730 talium
425 2702 511 2730 non
554 2691 774 2742 eximitur,
828 2691 928 2744 quin
964 2690 1103 2745 primo

237 2749 433 2801 cuiusque
464 2754 559 2789 ortu
591 2747 658 2802 (h.
684 2763 722 2791 e.
758 2748 940 2803 genitali
974 2747 1102 2804 hora)

234 2813 414 2847 uentura
448 2806 724 2849 destinentur.
787 2806 936 2861 ltaque
979 2808 1103 2860 yeni-

237 2863 362 2905 talem
394 2864 544 2904 horam
575 2878 695 2906 sumn
718 2867 968 2920 comperisse
991 2864 1102 2905 idem

239 2927 303 2962 est
335 2928 465 2977 atque
500 2924 718 2977 cognitam
753 2922 913 2964 habere
945 2928 1104 2963 sortem

240 2981 424 3022 l'uturani
458 2994 592 3022 suam.

326 3046 547 3094 {Ji-alatur.-
592 3039 633 3080 h.
677 3052 715 3079 e.
758 3040 968 3095 gratando
1013 3041 1107 3082 sive

242 3097 496 3153 gratulando
526 3098 774 3151 pollicetur.
825 3099 1004 3140 Gratari
1031 3111 1107 3154 pro

245 3155 412 3211 vulgari
447 3155 675 3211 yratulari,
713 3156 942 3212 Virgilium
971 3159 1105 3212 (Aen.

245 3214 302 3255 tv
341 3214 451 3272 478,
498 3215 529 3255 V
572 3217 652 3271 40)
700 3216 884 3257 fortasse
933 3222 1108 3258 secutus

244 3278 484 3323 aiut-mrem,
532 3273 639 3314 dixit
673 3279 899 3327 praeterea
950 3274 1005 3315 vl
1038 3275 1108 3323 50,

245 3331 320 3373 ΧΙΙ
356 3333 395 3383 7,
430 3330 524 3372 XiV
558 3330 601 3373 8.
637 3331 686 3373 Η.
720 3330 755 3372 11
786 3332 856 3375 29.

342 3446 446 3501 Cap.
494 3449 564 3490 22.
631 3460 685 3487 ac
743 3448 884 3489 vitullis
937 3449 1111 3489 insitam

245 3508 508 3561 opinionem:
553 3510 619 3546 est
665 3508 814 3558 opinio
857 3518 1005 3548 eorum
1038 3507 1111 3560 qui

244 3564 476 3618 Epicurum
511 3565 761 3620 magistrum
803 3570 846 3607 et
892 3569 1112 3606 auctorem

249 3620 499 3678 se'quuntur.
564 3623 760 3672 Proxima
792 3636 846 3667 ex
868 3624 1112 3667 Stoicorum

330 3715 479 3756 Tacitus
504 3720 531 3757 1.

1021 2386 1087 2426 12.
1122 2392 1168 2426 at
1199 2385 1262 2439 M,
1297 2398 1384 2426 non
1415 2398 1483 2426 ac.

239 2445 303 2487 19.
340 2446 506 2501 incepto
539 2444 603 2497 Μ,
648 2457 733 2486 non
767 2446 961 2501 incoepto
994 2443 1212 2486 Beroaldi.

1478 2326 1520 2368 6.
1554 2326 1816 2370 creberrima
1848 2331 1887 2367 et
1903 2307 2058 2366 *tristia

1608 2386 1675 2427 15.
1711 2385 1967 2426 distinemur
2003 2384 2057 2426 M.

1276 2451 1278 2453 ’
1335 2447 1406 2487 20.
1441 2443 1636 2486 aberrem
1670 2443 1891 2486 Heinsius.

1191 2628 1364 2683 placitis
1395 2626 1535 2669 relata
1565 2633 1680 2669 sunt.
1746 2626 1867 2678 Quae
1913 2630 2062 2668 sectae

1191 2701 1287 2730 cum
1319 2687 1453 2729 Taciti
1486 2692 1631 2728 aetate
1669 2687 1798 2727 unice
1841 2685 2061 2735 florerent,

1190 2760 1266 2788 cur
1296 2759 1441 2788 earum
1474 2747 1722 2788 sententiae
1760 2757 1875 2785 nunc
1918 2744 2063 2798 expli..

1190 2811 1343 2847 centur
1359 2811 1493 2858 patet.
1583 2818 1670 2845 uon
1692 2804 1915 2845 eximitur.-
1950 2803 1992 2844 h.
2023 2817 2061 2844 e.

1194 2877 1278 2904 non
1300 2863 1494 2905 subtrahi
1510 2869 1653 2917 potest
1672 2862 1913 2918 persuasio.
1949 2861 2063 2903 Sub-

1194 2924 1353 2964 iectum
1387 2921 1507 2964 verbi
1557 2923 1670 2963 inest
1712 2923 1754 2962 in
1787 2920 2063 2975 subsequen-

1195 2981 1309 3022 tibus
1342 2983 1443 3035 quin
1480 3006 1535 3013 —-
1568 2980 1846 3022 destinentur.

1279 3040 1470 3095 fallaciis
1494 3040 1652 3094 ignara
1672 3039 1925 3079 dicentium:
1957 3035 1999 3076 Ιι.
2025 3048 2063 3075 e.

1194 3097 1381 3140 fallaciis
1432 3110 1580 3139 eorum
1629 3099 1700 3151 qui
1753 3101 1844 3136 arte
1891 3105 1967 3147 per
2018 3105 2066 3133 se

1196 3169 1296 3198 vera
1346 3169 1494 3210 parum
1548 3154 1753 3195 sollerter
1802 3157 1980 3192 utuntur
2024 3155 2067 3191 et

1195 3228 1298 3255 vera
1331 3228 1355 3255 a
1386 3228 1432 3254 se
1468 3211 1690 3266 praedicta
1729 3213 1770 3251 in
1805 3209 1959 3251 falsum
1986 3208 2066 3249 de-

1195 3278 1398 3327 torquent
1451 3271 1624 3311 inscitia
1672 3282 1764 3310 sna.
1828 3267 1920 3309 lloc
1974 3267 2067 3307 fieri

1196 3330 1410 3371 interdum
1442 3327 1614 3369 'l'acitus
1649 3329 1741 3382 ipse
1785 3326 1975 3379 putavit,
2021 3330 2069 3365 ut

1196 3394 1375 3443 apparet
1411 3400 1464 3428 ex
1508 3385 1564 3427 lv
1600 3385 1670 3427 58.
1734 3383 2068 3425 memorabitur.-

1197 3447 1454 3488 memoravit
1509 3444 1606 3486 XIV
1659 3445 1717 3495 9,
1770 3442 1846 3484 sed
1890 3447 2069 3483 auctore

1198 3505 1394 3546 vaticinii
1441 3516 1518 3558 per
1560 3514 1718 3544 nomen
1751 3501 2068 3543 Chaldaeorum

1200 3563 1425 3605 indefinite
1452 3560 1717 3619 significato,
1752 3566 1798 3602 ut
1829 3565 1950 3602 recte
1970 3570 2068 3600 mo-

1198 3623 1334 3666 nitum
1379 3626 1445 3665 est
1484 3620 1536 3664 ad
1569 3619 1611 3664 h.
1646 3619 1675 3663 1.
1708 3633 1733 3661 a
1765 3616 2064 3662 Doederlinio.

1678 3700 1746 3755 22

2071 2145 2122 2182 20
