2222 4022
199 235 230 275 6
966 221 1260 269 ANNALIVM

199 373 493 443 pontificatu
529 377 581 425 et
624 370 784 424 curuli
835 369 1125 435 aedilitate,
1162 369 1388 424 Marcum
1423 367 1704 436 Agrippam
1747 367 2027 436 ignobilem

200 464 336 532 loco,
375 466 564 537 tionum
589 464 764 516 militia
803 467 853 514 et
883 462 1136 535 victoriae
1157 460 1357 524 socium
1379 459 1649 528 geminatis
1685 459 2028 511 consulatibus

203 556 408 622 extulit,
466 571 585 609 mox
624 555 864 606 defuncto
902 531 1144 606 Marcello
1193 566 1437 620 generum
1486 551 1722 618 sumpsit3
1776 549 2031 605 Tiberium

201 649 457 700 Neronem
496 653 546 699 et
585 645 847 699 Claudium
887 645 1104 709 Drusum
1152 643 1419 710 privignos
1470 642 1812 710 imperatoriis
1862 641 2034 695 nomi-

166 740 352 791 tnibus
401 739 570 803 auxit,
628 738 828 804 integra
883 736 1034 788 etiam
1057 741 1190 786 “tum
1241 735 1391 787 domo
1446 749 1552 787 sua.

1644 735 1771 788 Nam
1826 735 2030 803 genitos

203 831 429 899 Agrippa
469 830 645 881 Gaium
686 844 749 880 ac
789 828 995 880 Lucium
1038 828 1090 878 in
1137 827 1377 879 familiam
1421 826 1694 879 Caesarum
1743 826 2030 891 induxerat,

204 922 421 973 necdum
461 921 627 987 posita
665 919 847 986 puerili
883 924 1145 986 praetexta
1173 920 1429 985 principes
1461 918 1732 971 iuventutis
1770 918 2030 985 appellari,

206 1013 451 1065 destinari
492 1012 731 1063 consules
785 1011 957 1082 specie
997 1011 1281 1074 recusantis
1322 1010 2029 1086 flflgssassfiSSimePHPlYssrflss‘

204 1106 267 1157 Ut
301 1104 530 1172 Agrippa
565 1104 668 1154 vita
708 1103 981 1168 concessit,
1022 1103 1229 1154 Lucium
1265 1102 1535 1154 Caesarem
1588 1107 1787 1153 euntem
1839 1101 1904 1152 ad
1940 1100 2035 1152 Hi-

141 1211 188 1246 ιο
203 1195 488 1269 spaniensis
530 1195 812 1260 exercituS,
871 1193 1046 1245 Gaium
1097 1198 1405 1246 remeantem
1442 1193 1685 1245 Armenia
1724 1198 1774 1244 et
1822 1184 2034 1243 vulnere

202 1287 477 1340 invalidum
515 1268 653 1338 mors
694 1286 797 1338 fato
830 1301 1048 1353 propera
1085 1286 1169 1336 vel
1214 1300 1471 1337 novercae
1510 1285 1683 1336 Liviae
1722 1284 1870 1336 dolus
1907 1284 2033 1336 abs-

201 1379 339 1444 tulit,
392 1379 660 1448 Drusoque
700 1377 898 1445 pridem
936 1377 1159 1429 extincto
1198 1377 1335 1429 Nero
1376 1376 1514 1428 solus
1556 1393 1584 1428 e
1619 1375 1869 1444 privignis
1905 1379 2031 1440 erat,

204 1471 326 1526 illuc
350 1475 530 1524 cuncta
556 1484 806 1538 vergere:
847 1467 995 1534 filius,
1016 1468 1223 1536 'collega
1250 1468 1466 1534 imperii,
1492 1482 1706 1521 consors
1730 1467 2035 1522 tribuniciae

334 1640 373 1680 1.
407 1638 497 1689 M..
528 1649 616 1680 non
650 1637 873 1690 Marcum,
895 1637 948 1679 Μ.

1044 1637 1085 1679 5.
1121 1642 1206 1677 tum
1237 1634 1447 1678 Wolfius:
1493 1635 1590 1676 dam
1626 1634 1692 1687 M,
1737 1637 1812 1691 qui
1855 1635 2038 1691 perinde
2088 1624 2091 1626 ¹

206 1698 381 1742 aberrat
411 1699 433 1739 1
469 1699 522 1741 77
559 1704 602 1739 et
633 1699 662 1741 2
683 1697 741 1740 36
764 1703 807 1739 et
831 1698 859 1740 3
895 1697 962 1739 18.
996 1696 1161 1752 yenitos
1195 1709 1293 1737 corr
1324 1695 1390 1748 Μ;
1442 1695 1524 1737 fuit
1546 1696 1713 1750 genitus
1748 1695 1822 1737 vel
1852 1697 2035 1752 qenitas.

201 1759 246 1802 8.
282 1758 494 1800 destinari
512 1756 731 1811 Ryckius:
765 1756 805 1798 Μ
827 1757 1058 1798 destinare.

1170 1757 1301 1811 specie
1338 1755 1393 1796 M.
1485 1755 1526 1798 9.
1563 1754 1630 1807 L„
1655 1766 1744 1794 non
1767 1755 1959 1809 Lucium,
1978 1754 2034 1797 M.

204 1818 500 1873 hispanienses
542 1817 587 1857 in
619 1816 659 1857 M
692 1815 868 1857 videtur
909 1829 932 1857 e
976 1815 1274 1870 correctione,
1319 1820 1365 1857 ut
1406 1812 1541 1857 fuerit
1584 1813 1898 1871 hispaniensis.
1951 1816 2034 1862 10.

208 1877 362 1927 Gaium
394 1876 596 1918 omnibus
629 1875 786 1918 litteris
820 1875 876 1918 M.

291 2020 517 2076 yeminatis
540 2018 857 2063 consulatibus:
891 2017 1076 2060 alterum

202 2080 415 2136 intelligit
446 2080 501 2123 M.
532 2079 758 2136 Agrippae
801 2077 1077 2121 consulatum

204 2147 248 2183 et
268 2141 442 2182 tertium
475 2152 514 2182 a.
543 2138 628 2183 726
654 2144 698 2180 et
723 2137 806 2182 727
841 2148 938 2179 cum
962 2136 1078 2179 Cae-

202 2210 300 2242 sare
327 2199 502 2254 collega
525 2204 712 2255 gestum,
751 2210 837 2252 qua
865 2198 910 2238 in
934 2209 980 2239 re
1007 2197 1078 2239 fa-

202 2272 283 2301 vor
307 2259 494 2314 insignis
519 2264 562 2300 et
593 2258 715 2299 fides.
780 2255 947 2297 Primus
982 2258 1078 2298 eius

204 2317 458 2361 consulatus
489 2319 552 2371 (a.
573 2318 698 2372 717),
731 2315 923 2357 nondum
948 2328 1077 2357 verso

201 2378 267 2419 rei
299 2375 507 2430 publicae
529 2381 644 2418 statu
676 2375 828 2429 populi
856 2375 1078 2430 suffragiis

203 2436 390 2488 delatuS‚
440 2435 527 2476 huc
575 2434 687 2477 nihil
731 2436 935 2488 pertinet.
1013 2433 1078 2476 De

201 2496 425 2551 Agrippae
438 2494 717 2549 ignobilitate
728 2494 1082 2548 paternaSeneca

206 2553 353 2597 Contr.
381 2555 460 2594 12:
503 2553 730 2609 Vipsanius
753 2552 951 2622 Ayre‘ppa
980 2555 1080 2608 sue-

205 2620 300 2654 r2at
350 2612 545 2668 Vipsanii
584 2626 738 2654 nomen
779 2613 902 2666 quasi
943 2626 1080 2668 arqu-

205 2678 390 2714 mentum
415 2678 628 2726 paternae
650 2671 900 2713 humilitatis
939 2678 1080 2713 sustu-

208 2731 333 2783 lerat,
358 2738 397 2772 et
417 2731 596 2772 Marcus
613 2731 810 2786 Αῃνίρρα
843 2731 1078 2772 dicebatur.

208 2790 376 2832 Seneca
405 2789 695 2844 philosophus
729 2789 782 2832 de
808 2790 992 2832 Benef.:
1025 2788 1082 2830 111

205 2850 288 2891 32:
336 2855 478 2891 utrum
510 2850 647 2891 maius
690 2849 935 2904 beneficium
969 2849 1082 2891 dedit

207 2908 269 2950 M.
282 2907 503 2963 Aqrippae
518 2915 644 2965 pater
661 2922 715 2949 ne
734 2916 830 2963 post
844 2908 1082 2963 Ayrippam

207 2967 374 3021 quidem
393 2973 531 3020 notus,
555 2981 614 3008 an
631 2969 753 3022 patri
775 2967 887 3008 dedit
916 2967 1080 3022 Ayrip-

203 3039 288 3081 pa,
329 3025 479 3067 navali
507 3040 671 3068 corona
704 3027 886 3081 insiynis
909 3027 1082 3067 unicum

207 3085 383 3141 adeptus
412 3085 527 3127 inter
556 3086 670 3126 dona
689 3085 901 3126 militaria
924 3084 1081 3126 decus?

295 3157 500 3199 yenerum
554 3145 753 3200 sumpsit:
825 3142 977 3185 Iuliam
1027 3157 1080 3185 ex

208 3204 436 3246 Scribonia
468 3203 616 3256 liliam,
650 3204 858 3245 defuncto
891 3203 946 3245 M,
967 3204 1080 3245 Mar-

210 3263 324 3304 cello
359 3262 548 3314 viduam,
581 3263 804 3319 Agrippae
844 3262 1082 3305 collocavit

209 3334 247 3361 a.
272 3321 381 3362 733:
407 3321 489 3362 Dio
514 3321 605 3363 LIV
631 3323 673 3365 6.
709 3324 944 3366 Suetonius
964 3323 1078 3378 Aug.

208 3379 280 3421 63.
311 3380 425 3420 vell.
448 3380 483 3421 11
505 3381 576 3423 93.
612 3381 844 3423 Marcellus
869 3382 1080 3424 Octaviae

209 3439 374 3479 sororis
418 3439 607 3494 Augusti
654 3441 767 3483 filius
811 3455 862 3483 ac
906 3441 1080 3483 iuvenis

210 3508 396 3552 magnac
429 3500 522 3550 spei
544 3498 663 3540 Baiis
697 3514 735 3542 a.
761 3502 843 3543 731
877 3501 969 3543 vita
1000 3499 1081 3542 de-

213 3560 430 3598 cesserat:
463 3554 547 3598 Dio
570 3556 661 3600 LIII
690 3559 748 3601 30
782 3565 825 3600 et
855 3560 926 3602 33.
977 3559 1080 3601 Vir-

213 3612 346 3671 gilius
358 3612 468 3658 Aen.
491 3613 548 3662 VI
569 3615 803 3661 862-887
840 3623 882 3659 ct
902 3618 1080 3663 Servius

1166 2019 1219 2061 ad
1251 2030 1294 2060 v.
1314 2017 1415 2060 862.
1478 2017 1729 2071 Propertius
1753 2016 1809 2060 111
1841 2017 1909 2061 18.
1954 2019 2038 2062 Se-

1164 2090 1276 2120 neca
1295 2075 1474 2118 Consol.
1500 2077 1553 2118 ad
1569 2077 1774 2119 Marciam
1792 2078 1833 2121 2.
1866 2076 2038 2122 Tacitus

1164 2138 1262 2191 ipse
1293 2135 1331 2177 11
1361 2135 1437 2187 41,
1470 2135 1629 2189 11164,
1667 2136 1725 2178 Vl
1756 2138 1829 2181 51.

1177 2222 1179 2224 -
1237 2197 1285 2236 in
1300 2196 1514 2251 familiam
1527 2197 1763 2238 Caesarum
1776 2197 2008 2239 induxerat
2022 2211 2037 2238 .·

1167 2255 1318 2298 Gaium
1354 2261 1397 2296 et
1430 2255 1612 2298 Lucium
1656 2256 1880 2310 adoptavit
1922 2256 2067 2305 domi·

1164 2328 1243 2368 per
1264 2327 1338 2356 aes
1361 2320 1403 2356 et
1425 2315 1578 2356 libram
1605 2320 1772 2368 emptos
1795 2315 1848 2358 ab
1871 2317 2036 2372 Agrip-

1166 2387 1221 2428 pa
1270 2379 1393 2428 patre
1438 2387 1476 2415 a.
1523 2375 1633 2426 737,
1687 2373 1906 2417 Tiberium
1946 2374 2038 2429 pri-

1166 2434 1347 2489 vignum
1371 2447 1422 2475 ac
1452 2434 1626 2475 tertium
1654 2434 2038 2492 nepotemAgrip-

1167 2506 1264 2562 pam
1304 2492 1554 2534 Postumum
1588 2492 1737 2534 multis
1776 2495 1901 2535 annis
1940 2500 2040 2550 post

1166 2553 1212 2593 in
1235 2552 1331 2593 foro
1355 2552 1456 2608 lege
1472 2553 1638 2593 curiata
1661 2552 1775 2594 filios
1790 2554 2038 2610 arrogavit:

1166 2611 1252 2652 Dio
1284 2611 1378 2652 LIV
1425 2611 1490 2653 ¹8.
1555 2612 1791 2654 Suetonius
1832 2613 1946 2670 Aug.
1980 2611 2040 2656 64

1169 2675 1212 2712 et
1243 2670 1315 2713 65.
1383 2670 1580 2712 Velleius
1613 2669 1650 2711 Π
1681 2670 1756 2713 96.

1167 2731 1770 2846 ‚,1..tsiig'zssitfzqitssz‘il-‘tss‘izi
1796 2788 1853 2831 >u
1884 2789 1936 2830 ια
1966 2792 2038 2831 ...-

1165 2850 1346 2891 ventutis
1359 2850 1582 2892 Romanae
1602 2849 1729 2905 pulch
1736 2850 1950 2902 arrianam,
1964 2849 2040 2892 ΧΗ

1165 2908 1220 2949 41
1262 2909 1465 2964 princeps
1508 2909 1749 2951 iuventutis.
1842 2909 2039 2953 Iuniores

1167 2968 1298 3008 iidem
1345 2967 1381 3008 Il
1412 2968 1483 3009 83.
1623 2968 1674 3010 L.
1710 2968 1943 3010 Caesarem
1982 2993 2038 3001 —

1166 3040 1279 3067 mors
1296 3028 1388 3080 fato
1408 3041 1598 3082 propera
1617 3041 1629 3067 .·
1672 3028 1905 3069 Suetonius
1922 3028 2036 3082 Aug.

1167 3085 1251 3126 65:
1287 3085 1440 3126 Gaium
1472 3092 1510 3126 et
1543 3086 1722 3127 Lucium
1751 3087 1798 3127 in
1833 3086 2038 3128 duodevi-

1833 2730 2038 2772 iuventus

1148 3145 1275 3199 ”yinti
1306 3146 1510 3185 mensium
1535 3146 1672 3199 spatio
1705 3147 1849 3187 amisit
1878 3144 2037 3196 ambos,

1169 3205 1276 3246 Gaio
1298 3205 1343 3244 in
1364 3205 1499 3259 Lycia
1534 3204 1628 3259 (die
1653 3205 1706 3244 21
1732 3218 1787 3246 m.
1813 3203 2038 3246 Februarii

1167 3277 1206 3304 a.
1223 3262 1348 3319 757),
1365 3264 1500 3304 Isacio
1518 3262 1740 3304 Massiliae
1755 3265 2037 3320 (m.Augusto

1168 3336 1206 3364 a.
1235 3321 1342 3378 755)
1362 3323 1586 3375 defunctis.
1637 3321 1764 3364 Conf.
1788 3323 1984 3365 Velleius
2002 3321 2038 3363 11

1171 3382 1270 3424 102.
1304 3381 1388 3423 Dio
1403 3381 1474 3423 LV
1495 3384 1558 3423 11.
1593 3381 1818 3424 FloruslV
1843 3382 1949 3433 123.
1963 3382 2035 3423 41.

1167 3441 1356 3482 Zonaras
1382 3441 1419 3485 X
1442 3442 1524 3484 36:
1560 3440 1585 3496 ἥ
1611 3457 1658 3486 τε
1680 3438 1763 3485 οὖν
1785 3444 1930 3494 Λιβία
1960 3442 2037 3483 ἐπὶ

1165 3500 1228 3559 τῷ
1254 3500 1445 3558 θανάτῳ
1477 3500 1653 3546 τούτων
1675 3499 1776 3555 (Gai
1801 3499 2034 3554 Luciique)

1169 3559 1451 3613 ὑπωπτεύθη
1494 3563 1573 3604 καὶ
1619 3560 1644 3604 ὁ
1692 3562 1931 3634 Τιβέριος,
1980 3555 2036 3601 οὐ

1165 3620 1322 3677 πολλῷ
1371 3619 1605 3678 πρότερον
1657 3618 1707 3662 ἐκ
1749 3623 1828 3673 τῆς
1872 3617 2036 3664 Ῥόδου
