2280 4004
189 271 296 321 a'C.
333 274 439 322 59.0
771 276 936 320 LIBER
964 275 1082 319 XIV.
1147 274 1254 318 Gn.
1293 276 1479 321 10-12,
1928 268 2015 320 183

194 420 585 474 Claudianorum
641 420 843 488 obliqua
899 418 1245 474 insectatione
1285 410 1463 472 cuncta
1507 418 1615 471 eius
1654 403 2017 472 dominationis

188 512 379 579 flagitia
408 512 461 562 in
487 517 694 564 matrem
720 512 985 577 transtulit,
1010 512 1210 578 publica
1237 512 1436 563 fortuna
1472 511 1746 562 extinctam
1768 510 2018 563 referens.

187 603 413 670 Namque
451 609 500 655 et
551 603 870 671 naufragium
913 603 1176 656 narrabat:
1234 603 1368 669 quod
1406 603 1662 654 fortuitum
1709 601 1868 654 fuisse
1906 601 2017 668 qnis

190 694 318 746 adeo
358 695 515 746 hebes
554 695 866 746 inveniretur
898 701 952 746 ut
989 695 1263 746 crederet?
1320 694 1421 744 Aut
1453 710 1480 744 a
1521 693 1731 745 muliere
1766 693 2017 761 naufraga

190 785 397 837 missum
437 801 546 836 cum
584 786 686 837 telo
722 801 901 851 unum,
959 786 1042 852 qui
1094 785 1332 837 cohortes
1377 790 1426 836 et
1465 784 1657 836 classes
1694 784 2057 850 imperatoriss

192 876 568 944 perfringeret?
637 877 776 943 Ergo
816 891 919 927 non
958 877 1057 927 iam
1095 877 1261 940 Nem,
1301 875 1443 926 cuius
1479 875 1763 926 immanitas
1800 875 2019 926 omnium

194 965 398 1033 questus
437 967 676 1031 anteibat,
718 967 809 1018 sed
844 968 1040 1021 Seneca
1079 967 1297 1018 adverso
1336 980 1540 1018 rumore
1568 971 1691 1031 erat,
1723 966 1858 1032 quod
1897 981 2021 1017 ora-

109 1057 331 1111 12tione
379 1058 466 1109 tali
511 1042 891 1110 ‘confessionem
948 1058 1254 1123 scripsisset.
1345 1058 1473 1108 Miro
1516 1062 1682 1108 tamen
1738 1057 2019 1109 certamine

189 1162 457 1214 procerum
497 1148 836 1199 decernuntur
886 1148 1279 1214 supplicationes
1325 1147 1455 1213 apud
1509 1147 1676 1212 omnia
1713 1147 2018 1213 pulvinaria,

191 1242 344 1304 utque
380 1239 749 1305 QuinquatruS,
790 1240 970 1305 quibus
1010 1244 1214 1305 apertae
1254 1238 1472 1290 insidiae
1510 1243 1710 1303 essent,
1753 1238 1885 1290 ludis
1926 1238 2085 1294 an-ro

193 1330 306 1381 nuis
359 1330 740 1382 celebrarentur
753 1348 766 1394 3
829 1346 1035 1381 aureum
1084 1330 1346 1382 Minervae
1398 1329 1722 1381 simulacrum
1770 1329 1822 1379 in
1863 1329 2019 1395 curia,

196 1425 246 1474 et
284 1420 421 1472 iuxta
459 1422 702 1488 principis
740 1423 908 1490 imago
942 1426 1313 1485 statuerentur3
1354 1421 1464 1472 dies
1501 1420 1682 1471 natalis
1710 1420 2024 1488 Agrippinae

195 1511 329 1564 inter
364 1512 592 1564 nefastos
641 1518 792 1565 esset.
866 1514 1089 1565 Thrasea
1126 1513 1305 1564 Paetus
1362 1512 1565 1565 silentio
1614 1510 1698 1563 vel
1743 1511 1889 1563 brevi
1928 1510 2025 1563 ad·-

196 1618 349 1655 sensu
385 1604 583 1670 priores
610 1605 927 1657 adulationes
953 1605 1292 1656 transmittere
1328 1604 1505 1656 solitus
1539 1604 1662 1656 exiit
1688 1608 1789 1655 tum
1821 1608 2016 1669 senatu,

195 1709 257 1745 ac
295 1695 394 1747 sibi
435 1711 638 1748 causam
675 1697 887 1763 periculi
928 1697 1075 1762 fecit,
1135 1696 1319 1748 ceteris
1366 1696 1615 1748 libertatis
1667 1695 1862 1747 initium
1911 1709 2078 1749 nonis

192 1786 439 1851 praebuit.
538 1788 775 1856 Prodigia
843 1803 1042 1856 quoque
1103 1787 1284 1840 crebra
1340 1792 1389 1839 et
1448 1786 1598 1838 inrita
1653 1787 2013 1839 intercessere.

316 1928 355 1969 1.
389 1927 520 1970 oblita
538 1927 603 1970 Ma
634 1942 730 1971 cum
762 1928 1001 1985 plerisque,
1037 1929 1151 1985 quod
1175 1935 1315 1970 ortum
1340 1942 1394 1971 ex
1426 1929 1641 1983 scriptura
1662 1927 1829 1977 oblica‚·
1864 1939 2018 1969 emen-

197 1985 341 2027 datum
366 1987 411 2027 in
442 1988 482 2029 A
521 1994 564 2030 et
605 2002 630 2030 a
660 1989 823 2043 Lipsio.
946 1991 987 2032 2,
1027 1989 1203 2044 puplica
1233 1987 1313 2030 Ma.
1434 1989 1476 2031 3.
1508 1989 1656 2043 fuisset
1686 1986 1782 2028 Ma:
1830 1987 2020 2028 correxit

196 2045 444 2088 Rhenanus.
549 2052 591 2090 4.
624 2048 777 2090 mulire
808 2048 888 2091 Ma.
980 2051 1144 2103 naufra
1177 2047 1293 2104 (add.
1329 2060 1383 2089 ex
1416 2059 1525 2088 corr.
1559 2049 1635 2103 ya)
1671 2045 1752 2088 Ma.
1867 2045 1909 2088 6.
1943 2046 2017 2086 in-

195 2106 381 2146 manitas
411 2104 491 2147 Ma.
571 2108 611 2150 7.
646 2108 814 2149 Seneca
845 2108 1024 2150 adverso
1053 2122 1223 2149 rumore
1258 2106 1292 2148 G
1325 2113 1368 2149 et
1399 2107 1516 2149 Harl.
1547 2105 1699 2147 Bodl.:
1732 2107 1902 2147 Seneca
1936 2105 2035 2146 ad-'

195 2178 416 2206 uersorum
449 2167 692 2219 (postrema
723 2167 893 2220 syllaba
925 2180 1003 2221 per
1035 2167 1362 2223 compendium)
1398 2180 1570 2208 rumore
1602 2163 1682 2207 Ma.
1790 2165 1858 2208 10.
1892 2164 2021 2219 quin-

198 2231 401 2277 quatruus
432 2223 512 2267 Mil.
627 2227 693 2267 11.
729 2225 1021 2268 celebraretur
1050 2225 1142 2269 Ma:
1174 2225 1209 2268 G
1241 2226 1578 2267 celebrarentur.
1693 2226 1761 2268 12.
1794 2224 1908 2265 iusta
1939 2222 2020 2265 Ma.

197 2290 487 2325 statuerentur
518 2282 597 2337 Ma,
630 2297 718 2326 non
751 2292 1024 2327 statueretur.
1121 2287 1188 2328 13.
1219 2292 1340 2341 petus
1371 2283 1452 2326 Ma.
1549 2285 1616 2326 14.
1652 2284 1826 2326 exitium
1856 2283 2025 2325 senatui

201 2341 265 2383 Ma
298 2347 341 2384 et
373 2344 539 2385 ceteri:
573 2343 822 2387 emendavit
855 2345 1040 2400 Lipsius.
1138 2344 1206 2387 16.
1240 2345 1326 2387 irr.
1362 2343 1432 2386 Or.

201 2485 303 2514 nam
334 2471 515 2514 insidias
544 2472 651 2514 mihi
674 2473 951 2515 instruentem
971 2479 1073 2515 tan-

202 2545 301 2586 qam
331 2538 370 2572 te
412 2533 537 2586 prior
570 2533 852 2574 irrumatione
884 2534 919 2574 si
951 2538 1072 2574 recte

203 2603 251 2632 se
283 2589 459 2642 habent,
494 2591 531 2631 is
563 2591 766 2644 insidias,
800 2591 853 2632 ab
889 2592 1071 2633 Aurelio

204 2662 333 2705 quem
367 2648 604 2704 alloquitur
649 2656 751 2692 ante
786 2652 1072 2707 excogitatas,

205 2709 329 2764 quasi
362 2707 495 2764 longa
526 2710 641 2750 serie
657 2710 868 2763 explicari
902 2710 1074 2765 sibique

205 2768 311 2810 strui
340 2769 484 2808 animo
504 2771 721 2822 concepit.
778 2769 861 2811 Sed
881 2769 940 2810 ibi
962 2782 1075 2824 quo-

207 2840 291 2882 que
322 2826 428 2867 mihi
466 2827 746 2868 instruentem
776 2827 877 2868 inde
911 2840 1075 2881 prove-

207 2887 324 2927 nisse
373 2890 504 2938 puto,
571 2885 687 2941 quod
736 2886 938 2927 librarius
990 2887 1077 2928 mih

206 2946 453 2986 istruentem
494 2943 557 3000 (h.
603 2958 641 2985 e.
683 2946 788 2986 mihi
826 2949 1074 3002 struentem)

210 3003 331 3045 falso.
374 3003 478 3044 milti
518 3010 769 3045 istruentem
821 3017 919 3046 esse
975 3018 1075 3046 cre-

209 3061 330 3104 didit.

275 3131 457 3174 namque
479 3127 518 3161 et
538 3122 815 3177 naufragium
833 3121 1074 3163 narrabat:

211 3178 294 3219 hoc
313 3181 435 3233 quasi
459 3187 714 3234 argumento
742 3179 959 3234 publicam
983 3180 1077 3221 for-

210 3243 372 3288 tunam,
406 3250 490 3291 qua
527 3240 761 3280 extinctam
795 3251 892 3280 esse
913 3239 1078 3294 Agrip-

212 3296 355 3348 pinam
395 3295 639 3348 referebat,
686 3297 800 3338 Nero
847 3298 1079 3338 ostendere

211 3354 368 3395 voluit.
493 3355 566 3395 sed
595 3357 762 3396 Seneca
794 3368 964 3396 rumore
996 3356 1079 3396 ad-

211 3426 331 3454 verso
362 3419 479 3453 erat.-
512 3413 640 3455 huius
680 3427 790 3455 voce
824 3418 867 3455 et
898 3414 1079 3469 ingenio

213 3473 275 3513 uti
295 3470 512 3514 Neronem
546 3473 796 3525 constabat3
830 3485 871 3513 v.
905 3471 1001 3514 XIIl
1034 3474 1076 3515 3.

215 3530 398 3582 Quintil.
435 3531 530 3572 Vlll
562 3532 588 3573 5
628 3533 704 3574 18:
736 3532 845 3586 facit
876 3531 1080 3584 quasdam

216 3591 446 3632 sententias
497 3590 590 3632 sola
635 3591 892 3646 geminatio,
940 3591 1079 3644 qualis

218 3650 291 3690 est'
319 3648 510 3692 Senecae
552 3651 598 3692 in
645 3663 692 3691 eo
737 3650 920 3707 scripto,
968 3649 1078 3704 quod

1160 2472 1275 2514 Nero
1310 2471 1367 2513 ad
1396 2478 1590 2513 senatum
1621 2468 1734 2510 misit
1754 2468 1899 2510 occisa
1929 2481 2025 2509 ma-

1159 2539 1244 2582 tre,
1303 2545 1396 2572 cum
1449 2545 1493 2571 se
1544 2528 1836 2584 periclitatum
1891 2527 2029 2569 videri

1157 2590 1309 2632 vellet:
1348 2589 1530 2631 ‘salvum
1561 2601 1625 2628 me
1656 2602 1744 2629 esse
1777 2587 1918 2629 adhuc
1948 2600 2030 2629 nec

1161 2650 1288 2691 credo
1320 2663 1401 2691 nec
1433 2646 1629 2705 gaudeo?

1251 2767 1356 2822 Cap.
1398 2769 1466 2809 12.
1514 2779 1693 2807 aureum
1711 2764 1935 2807 Minervae
1965 2764 2029 2804 si-

1159 2828 1396 2869 mulacrum
1438 2852 1494 2857 —
1533 2827 1674 2879 imago
1718 2829 2030 2865 statuerentur:

1160 2887 1352 2928 Minerva
1386 2885 1455 2926 cui
1494 2885 1788 2939 Quinquatrus
1825 2881 2027 2924 celebra-

1160 2946 1316 2986 bantur
1348 2957 1548 2986 servasse
1591 2944 1832 2997 principem
1874 2941 2028 2982 adula-

1160 3005 1325 3046 toribus
1389 3002 1634 3045 videbatur.
1696 3001 1760 3043 Ne
1824 3011 2028 3041 numerus

1159 3063 1448 3104 multitudinis
1495 3061 1620 3104 verbi
1652 3066 1942 3102 statuerentur
1973 3071 2029 3100 ex

1160 3121 1226 3164 Ma
1260 3122 1488 3174 adoptatus
1522 3120 1751 3162 offensioni
1784 3119 1862 3168 sit,
1896 3117 2028 3158 facile

1163 3181 1337 3222 cavebit
1367 3180 1490 3220 locus
1524 3178 1621 3219 XIV
1655 3178 1737 3219 31:
1771 3183 1815 3217 ut
1852 3188 2029 3229 regnum

1158 3253 1238 3293 per
1270 3239 1554 3289 centuriones,
1600 3236 1745 3277 domus
1778 3248 1856 3290 per
1887 3247 2030 3277 servos

1162 3298 1273 3338 velut
1305 3303 1434 3352 capta
1463 3302 1765 3337 vastarentur.-

1251 3356 1354 3397 exiit
1394 3362 1479 3396 tum
1520 3360 1695 3396 senatu.-
1740 3353 1796 3395 cf.
1844 3351 1926 3391 Dio
1960 3363 2027 3404 ap.

1164 3414 1327 3468 Xiphil.
1364 3412 1454 3455 LXI
1490 3415 1557 3456 15.
1589 3412 1734 3455 ⁴Tacit.
1769 3408 1867 3453 XVI
1899 3412 1968 3451 21.

1233 3473 1313 3514 sibi
1339 3484 1514 3514 causam
1528 3471 1715 3528 periculi
1740 3495 1796 3502 ——-
1808 3469 2032 3525 praebuit.-

1165 3531 1279 3586 quod
1318 3531 1362 3572 h.
1395 3531 1425 3572 l.
1473 3531 1517 3571 in
1548 3532 1644 3574 viro
1677 3530 1837 3573 illustri
1873 3527 2032 3569 leniter

1164 3589 1460 3645 reprehendit,
1493 3589 1538 3631 id
1567 3591 1673 3648 Agr.
1706 3590 1765 3635 42
1783 3589 1827 3631 in
1849 3589 2031 3631 univer-

1163 3661 1256 3693 sum
1288 3648 1517 3704 improbat.
1986 3664 1988 3668 ’
