2280 4004
220 263 279 311 ’76
982 268 1190 314 ANNALI
1196 270 1275 315 VM

218 411 580 496 redderentur,
621 415 937 468 exercendas
974 418 1116 486 leges
1156 434 1272 472 esse
1315 421 1594 489 respondit

1791 292 1831 324 a.
1863 290 1907 324 u.
1941 278 2042 327 768.

1669 424 1813 479 Hunc
1846 438 2047 495 quoque

220 486 525 570 asperavere
579 506 802 557 carmina
850 507 1058 561 incertis
1108 511 1400 564 auctoribus
1448 513 1651 582 vulgata
1690 515 1743 566 in
1784 518 2047 571 saevitiam

218 596 605 663 superbiamque
641 597 749 649 eius
791 604 840 649 et
884 599 1175 652 discordem
1228 618 1340 655 cum
1377 610 1536 658 matre
1575 607 1809 660 animum.

215 686 410 754 pigebit
443 688 639 740 referre
677 690 728 739 in
762 691 966 743 Falanio
1004 697 1054 743 'et
1083 693 1292 768 RubriO,
1331 697 1548 750 modicis
1585 699 1835 766 equitibus
1859 700 2050 753 Roma-

177 778 325 844 anis,
382 785 743 846 praetemptata
783 783 1023 849 crimina,
1083 790 1137 836 ut
1176 787 1356 852 quibus
1398 789 1584 855 initiis,
1638 796 1823 857 quanta
1860 791 2048 844 Tiberii

214 874 323 921 arte
378 871 735 937 gravissimum
798 874 1003 926 exitium
1063 876 1362 944 inrepserit,

211 965 470 1027 postremo
522 964 705 1014 arserit
765 972 1047 1034 cunctaque
1108 970 1435 1037 corripuerit,
1491 978 1748 1025 noscatur.

213 1051 471 1104 obiciebat
519 1061 790 1107 accusator
852 1059 986 1124 quod
1044 1061 1177 1112 inter
1239 1062 1459 1116 cultores
1505 1065 1752 1133 Augusti,

1433 879 1551 932 dein
1610 897 1901 948 repressum
1963 883 2045 948 sit,

1838 974 2045 1027 Falanio

1821 1066 1906 1132 qui
1953 1080 2046 1133 per

218 1158 394 1196 omnes
446 1145 626 1198 domos
674 1148 725 1197 in
778 1149 982 1201 modum
1034 1152 1367 1221 collegiorum
1417 1155 1758 1222 habebantur,
1815 1156 2044 1209 Cassium

149 1246 197 1287 ιο
213 1237 462 1303 quendam
501 1239 703 1291 mimum
748 1256 966 1307 corpore
1005 1243 1242 1297 infamem
1282 1246 1602 1312 adscivisset,
1644 1247 1879 1315 quodque
1908 1263 2047 1300 rven-

213 1327 329 1382 ditis
364 1328 524 1383 hortis
562 1334 776 1383 statuam
812 1331 1029 1400 Augusti
1078 1336 1225 1414 simul
1277 1338 1635 1413 „maaQiPQSSet

331 1488 369 1531 1.
406 1486 511 1543 leqis
542 1487 597 1529 M.

209 1636 395 1693 singulis
442 1639 683 1680 maiestatis
743 1641 831 1681 reis
884 1643 1084 1698 cogenda

209 1697 305 1738 sive
365 1697 586 1740 reddenda
653 1704 696 1739 et
758 1702 1082 1743 constituenda.

208 1754 405 1798 'liberius
431 1758 695 1799 consultanti
721 1762 910 1813 praetori
944 1775 1084 1816 quae-

212 1818 295 1857 sita
339 1817 626 1874 ambiguitate
682 1820 907 1873 respondit
956 1835 1084 1862 ewer-

208 1876 367 1917 cendas
389 1876 502 1932 leyes
534 1891 647 1919 esse:
682 1878 854 1920 scilicet
874 1881 1084 1921 maiesta-

176 1946 178 1951 ’
210 1936 265 1976 tis
299 1937 602 1990 quaestionem
637 1949 723 1977 non
751 1951 775 1979 a
803 1946 1008 1993 praetore
1042 1946 1085 1981 et

208 1994 427 2036 iudicibus
460 2009 581 2038 more
615 2003 781 2050 vetere,
815 1998 893 2039 sed
926 2001 969 2040 in
1003 2012 1078 2040 se-

207 2060 312 2098 natu
344 2067 392 2096 se
420 2068 565 2098 coram
585 2057 761 2097 tractari
787 2057 951 2111 voluit3
986 2072 1084 2099 nam

207 2115 431 2169 pioprium
480 2115 546 2157 illi
595 2115 679 2156 fuit
726 2116 897 2158 scelera
946 2131 1086 2172 nuper

206 2180 382 2228 reperta
434 2176 590 2228 priscis
641 2176 788 2217 verbis
842 2177 1083 2234 obtege1e3

207 2233 295 2275 vid.
321 2234 381 2274 IV
407 2234 474 2277 19.
568 2249 826 2290 asper-avere
856 2238 1082 2278 carmina:

207 2293 303 2347 ipsa
336 2294 491 2334 recitat
525 2294 761 2336 Suetonius
795 2295 885 2338 'lib.
921 2297 992 2339 59.

308 2351 412 2406 Cap.
449 2354 519 2396 73.
593 2368 675 2409 per
719 2369 862 2396 omnes
905 2355 1077 2396 domos:

206 2423 367 2454 nomen
395 2413 537 2455 domos
560 2413 746 2471 (Palais)
769 2414 822 2456 de
856 2414 963 2456 urbe
997 2426 1082 2468 po-

206 2471 336 2513 situm
371 2478 416 2514 et
445 2485 626 2515 numero
659 2474 952 2515 multitudinis
987 2473 1083 2515 ela-

206 2536 295 2571 tum
329 2533 482 2586 accipe
515 2532 717 2574 aedilicia
749 2546 899 2575 eorum
920 2534 1083 2575 Roma-

206 2602 359 2631 norum
409 2592 481 2646 qui
522 2592 691 2633 divitiis
738 2599 812 2634 aut
851 2593 1084 2634 nobilitate

205 2649 500 2704 praestabant.
550 2650 802 2707 Aliquoties
825 2653 955 2694 etiam
988 2652 1083 2693 sin-

207 2708 348 2765 gulari
362 2710 551 2751 nominis
567 2723 749 2752 numero
766 2712 818 2753 ea
830 2713 897 2753 vis
916 2710 1081 2752 subest.

207 2766 336 2810 Conf.
369 2768 407 2810 11
438 2770 521 2813 29:
565 2770 671 2812 Libo
705 2796 761 2803 ——-
794 2786 888 2813 cum
913 2771 1083 2827 primo-

205 2828 324 2869 ribus
381 2830 556 2884 feminis
634 2830 862 2872 circumire
925 2830 1080 2872 domos.

205 2887 243 2927 11
274 2887 357 2930 82:
394 2887 706 2931 claudebantur
738 2890 897 2932 domus.
942 2889 998 2930 III
1030 2889 1082 2932 9:

207 2946 353 2987 domus
393 2950 490 3001 soro
533 2949 772 2990 imminens.
836 2949 1006 2992 11155:
1038 2955 1084 2989 ut

208 3006 379 3060 quisque
405 3007 551 3061 opibus
582 3008 701 3048 domo
721 3015 884 3062 paratu
914 3008 1082 3063 specio-

206 3079 291 3106 sus.
376 3064 434 3106 lv
482 3067 559 3108 14:
616 3067 747 3122 foeda
791 3081 872 3122 per
921 3067 1078 3107 domos.

212 3123 341 3166 v13:
377 3125 689 3180 custoditurque
723 3126 911 3167 domibus
942 3126 1083 3181 ma9i-

207 3190 430 3226 stratuum.
490 3184 574 3227 45:
609 3183 790 3226 exolutis
817 3185 1012 3226 domuum
1045 3192 1084 3226 et

208 3242 448 3284 insularum
474 3244 641 3299 pretiis.
702 3242 800 3286 XVI
825 3245 905 3287 13:
939 3244 1084 3285 domus

211 3302 458 3357 corporibus
473 3303 1081 3359 exanimis—complebantur.

213 3360 298 3401 H.1
329 3360 413 3403 81:
447 3363 544 3402 rari
574 3362 730 3413 domos,
761 3361 940 3418 plurimi
971 3363 1084 3403 ami-

212 3431 360 3461 corum
391 3427 575 3462 tecta—
593 3423 797 3477 petivere.
859 3421 942 3465 82:
973 3420 1086 3462 velut

213 3483 341 3532 capta
369 3479 473 3519 urbe
507 3480 680 3521 clausae
711 3481 870 3522 domus.
917 3479 966 3522 Ο.
1000 3480 1082 3523 36:

212 3536 467 3592 adsignatae
501 3540 628 3580 etiam
670 3540 859 3581 domibus
891 3540 1083 3582 inimici-

1709 1338 1900 1394 Rubrio
1941 1339 2047 1394 cri-

694 1490 733 1531 7.
767 1489 938 1545 faianio
973 1490 1016 1534 h.
1052 1491 1081 1534 l.
1117 1491 1170 1537 M.

1171 1642 1322 1684 urbem
1347 1648 1391 1685 et
1423 1643 1476 1685 ad
1497 1656 1573 1685 eos
1601 1644 1675 1699 qui
1699 1643 1863 1685 urbana
1893 1654 2047 1685 aemu-

1171 1703 1315 1745 lantur
1348 1702 1651 1745 coercendus:
1685 1716 1783 1744 nam
1817 1700 1932 1757 apud
1962 1715 2046 1757 pe-

1171 1764 1372 1819 regrinos
1422 1763 1566 1804 domus
1608 1774 1685 1816 pro
1732 1763 2045 1819 cuiuscumque

1172 1824 1348 1878 generis
1382 1821 1594 1864 aedificiis
1627 1827 1873 1876 ponuntur,
1926 1832 1970 1862 v.
2005 1834 2043 1864 c.

1171 1881 1266 1923 XIII
1294 1882 1364 1924 54.
1401 1881 1448 1923 G.
1482 1882 1554 1924 46.

1260 1954 1361 1995 quos
1404 1948 1542 1983 mater
1583 1954 1662 1982 sua
1705 1965 1761 1972 —
1806 1945 2045 1981 sacrasset:

1170 2013 1212 2041 v.
1234 1999 1317 2041 Dio
1340 1999 1435 2041 LVI
1448 1999 1521 2044 46.
1557 1999 1792 2043 Suetonius
1817 1997 1958 2055 Calig.
1972 1997 2044 2042 56.

1169 2059 1383 2114 Iosephus
1417 2059 1513 2101 XIX
1549 2061 1570 2102 1
1605 2060 1649 2111 §.
1688 2060 1757 2100 11.

1232 2117 1336 2172 Cap.
1367 2119 1436 2161 74.
1474 2117 1799 2175 proconsulem.-
1814 2116 2048 2174 legebatur

1166 2185 1426 2235 praetorem.
1502 2178 1628 2230 Quod
1658 2177 1795 2220 Iosias
1826 2176 2047 2218 Mei-cerus

1173 2243 1432 2279 cunctanter
1453 2235 1734 2290 coniectavit‚
1765 2235 1937 2290 Lipsius
1958 2248 2046 2278 non

1171 2296 1450 2351 improbavit,
1466 2296 1766 2353 proconsulem
1775 2307 1853 2350 pro
1863 2294 2046 2352 vulgato

1166 2363 1427 2412 praetorem,
1461 2356 1506 2397 id
1534 2368 1619 2412 ego
1644 2357 1741 2397 sine
1772 2353 2046 2397 dubitatione

1170 2415 1462 2469 adoptandum
1497 2415 1768 2467 existimavi,
1814 2419 1860 2455 ut
1890 2413 2047 2456 vitium

1171 2481 1368 2529 apertum
1400 2475 1639 2530 Tacitoque
1684 2473 1939 2531 indignum,
1990 2473 2044 2515 ab

1169 2535 1266 2589 ipso
1299 2533 1400 2576 XVI
1449 2533 1503 2576 18
1549 2535 1595 2576 in
1639 2533 1792 2576 eadem
1833 2545 1883 2575 re
1923 2537 2047 2575 recte
2096 2538 2099 2542 '

1171 2594 1437 2646 devitatum,
1524 2593 1698 2635 tandem
1770 2597 2042 2635 amoveatur.

1168 2652 1275 2694 Nam
1331 2658 1615 2708 posteaquam
1666 2652 1892 2708 Augustus
1948 2664 2044 2693 eam

1170 2712 1494 2766 provinciarum
1527 2711 1790 2753 divisionem
1831 2710 1963 2764 fecit,
1998 2716 2046 2751 ut

1170 2770 1338 2813 validas
1358 2777 1401 2812 et
1421 2771 1689 2812 exercitibus
1706 2769 1920 2812 coercitas
1942 2769 2042 2822 sibi,

1170 2837 1345 2884 pacatas
1388 2834 1431 2872 et
1473 2830 1755 2872 barbarorum
1796 2828 2044 2871 incursibus

1168 2902 1256 2930 non
1302 2890 1516 2932 obnoxias
1562 2890 1734 2931 senatui
1789 2887 2043 2944 populoque

1171 2950 1464 2991 committeret
1519 2949 1626 3004 (Dio
1685 2947 1775 2990 LIII
1828 2949 1952 2991 12-
1973 2947 2041 2990 14.

1170 3008 1323 3050 Strabo
1340 3008 1458 3050 XVII
1476 3015 1585 3050 extr.
1616 3007 1926 3063 Sueton.Aug.
1944 3005 2043 3062 47),

1168 3067 1379 3120 Bithynia
1427 3069 1646 3108 senatoria
1690 3068 1786 3108 sive
1817 3064 2043 3120 popularis

1169 3127 1398 3180 provincia
1430 3126 1538 3178 fuit,
1588 3132 1632 3168 et
1676 3126 1756 3167 hac
1788 3123 2043 3166 conditione

1168 3185 1406 3239 permansit
1427 3197 1565 3240 usque
1597 3184 1650 3226 ad
1682 3196 1839 3226 annum
1881 3195 1908 3224 a
1939 3180 2041 3224 Chr.

1173 3245 1256 3287 133
1289 3245 1487 3297 principe
1507 3243 1741 3296 Hadriano,
1775 3243 1851 3298 qui
1880 3240 2042 3296 Bithy-

1169 3304 1287 3344 niam
1319 3303 1403 3344 sibi
1435 3305 1642 3358 sumpsit,
1688 3303 1862 3344 senatui
1894 3312 2042 3355 popu-

1171 3362 1303 3416 loque
1335 3361 1593 3415 Pamphylia
1624 3361 1875 3402 substituta.
1941 3359 2038 3400 Vid.

1170 3420 1253 3461 Dio
1277 3420 1407 3461 LXIX
1434 3421 1501 3463 14.
1565 3420 1651 3462 Iam
1680 3422 1753 3475 qui
1778 3420 1963 3461 mittitur
1994 3418 2037 3458 in

1170 3480 1439 3534 provinciam
1471 3481 1735 3522 senatoriam
1767 3480 1861 3520 sive
1893 3487 2037 3531 popu-

1170 3539 1304 3581 larem
1322 3542 1419 3582 sive
1436 3538 1807 3594 proconsularem,
1823 3536 1864 3578 ei
1878 3547 2038 3577 nomen

212 3595 314 3637 tiae.
375 3595 586 3652 Ag1.21:
621 3598 778 3654 templa
807 3602 909 3653 fora
939 3599 1083 3641 domus
1162 3598 1397 3656 proconsul
1450 3598 1524 3641 vel
1575 3610 1655 3653 pro
1702 3593 1898 3647 consule,
1950 3605 2038 3636 non

212 3660 473 3698 extruerent.

551 3655 632 3698 Hic
682 3662 826 3699 tamen
874 3669 976 3701 usus
1029 3656 1083 3699 ad
1162 3665 1358 3714 praetor,
1383 3657 1534 3699 siveis
1553 3655 1766 3712 dignitate
1786 3654 2034 3710 praetorius

1902 610 2047 663 Haud
2064 611 2134 662 73
