2222 4022
170 223 313 268 XXIV
977 219 1242 264 PROOEMII

167 372 380 433 uterque
411 367 665 419 exercitus
701 367 839 418 fatali
874 371 1012 417 motu
1051 379 1361 434 congressus
1389 362 1833 444 cruento-proelio
1871 378 2001 416 con-

169 458 328 524 flixit,
391 473 489 525 quo
543 474 663 508 casu
709 458 938 508 turbatus
979 457 1179 509 Vindex
1217 454 1585 523 aegritudinem
1623 455 1774 505 animi
1811 455 2000 505 volun-

168 551 297 601 taria
326 555 490 601 morte
526 549 707 600 finivit:
746 550 842 599 Dio
870 549 1022 600 LXIII
1049 546 1273 599 22-24.
1349 545 1618 598 Suetonius
1641 543 1848 597 Ner.·40
1886 559 1996 610 sqq.

167 641 460 692 Plutarchus
498 641 655 692 Galba
710 654 818 705 cap.
855 637 1011 691 4-6,
1101 638 1373 704 Verginius
1408 637 1598 688 Caesar
1655 641 1704 687 et
1738 636 1997 711 Augustus

170 732 443 798 appellatus
486 747 513 782 a
550 730 804 795 militibus,
841 731 932 782 sed
972 731 1034 781 ab
1066 730 1177 796 ipso
1215 735 1436 796 spretum
1463 727 1742 794 imperium.
1799 727 1998 778 Interea

167 823 303 874 Nero
343 838 371 873 a
407 821 563 872 milite
600 822 796 873 urbano
834 827 942 872 arte
990 826 1039 872 et
1085 820 1301 886 impulsu
1339 819 1573 887 Tigellini
1613 835 1674 869 ac
1709 818 1998 885 Nymphidii

167 912 402 976 relictus,
465 927 493 962 a
535 911 765 976 patribus
814 910 976 961 hostis
1015 909 1267 960 iudicatus
1307 923 1397 960 sua
1441 923 1590 958 manu
1629 907 1844 958 cecidit:
1897 907 1995 958 Dio

167 1001 320 1054 LXIII
373 998 597 1051 26-29.
705 998 976 1051 Suetonius
1023 994 1249 1050 40-49.
1347 998 1528 1049 Nonne
1583 998 1755 1062 videS,
1816 998 1996 1062 lector,

168 1091 327 1143 fuisse
386 1095 573 1141 tantam
632 1090 684 1139 in
724 1089 820 1139 hac
873 1088 1143 1139 Annalium
1201 1092 1343 1153 parte
1408 1103 1575 1138 rerum
1631 1087 1998 1138 narrandarum

170 1183 366 1249 copiam
402 1185 691 1246 tantamque
728 1179 1054 1244 varietatem,
1124 1195 1235 1229 cum
1291 1179 1443 1230 modo
1497 1180 1549 1229 in
1587 1179 1726 1245 Italia
1767 1183 1817 1229 et
1852 1178 1996 1242 urbe,

167 1272 321 1325 modo
362 1273 415 1322 in
452 1271 666 1323 Graecia
708 1277 792 1323 aut
829 1272 1066 1335 Oriente,
1105 1286 1280 1321 rursus
1319 1271 1370 1320 in
1412 1270 1681 1323 Germania
1716 1274 1800 1320 aut
1839 1269 2015 1326 Gallia

171 1370 255 1415 aut
291 1363 534 1429 Hispania
572 1362 827 1413 narratori
865 1361 1281 1412 commorandum
1321 1366 1486 1424 esset,
1544 1365 1599 1410 ut
1640 1359 1847 1410 dimidia
1880 1374 2000 1425 pars

169 1455 316 1506 unius
353 1455 467 1505 libri
520 1455 724 1504 minime
762 1452 1047 1517 sufficeret,
1106 1452 1198 1504 sed
1238 1452 1325 1502 vix
1382 1451 1580 1502 duobus
1637 1450 2002 1516 comprehendi

166 1549 377 1611 possent
416 1545 600 1596 omnia.
675 1545 800 1595 Nam
843 1545 887 1595 si
939 1548 1049 1610 quis
1098 1545 1196 1594 hoc
1242 1543 1522 1607 obiecerit,
1583 1557 1676 1594 sex
1714 1547 2000 1607 postremos

168 1635 355 1686 Tiberii
416 1651 577 1687 annos
634 1641 778 1687 sexto
837 1635 968 1686 libro
1008 1635 1281 1686 Annalium
1331 1633 1557 1698 absolvi,
1612 1647 1709 1700 ego
1757 1648 2002 1699 reponam

170 1729 413 1780 maiorem
451 1726 566 1777 libri
601 1726 748 1792 primi
784 1731 976 1792 partem
1001 1731 1073 1788 (c.
1102 1724 1303 1791 5-54)
1338 1725 1521 1777 insumi
1547 1725 1700 1776 rebus
1725 1740 2001 1791 paucorum

168 1806 416 1869 mensium
457 1817 801 1882 exponendis,
859 1818 911 1867 in
945 1817 1185 1868 Historiis
1237 1822 1402 1867 autem
1463 1816 1645 1867 librum
1697 1815 1911 1881 primum
1952 1819 2002 1867 et

167 1908 447 1961 secundum
501 1908 805 1973 tertiumque
871 1912 921 1959 et
975 1912 1167 1974 partem
1217 1907 1381 1973 quarti
1439 1919 1510 1966 (c.
1575 1906 1771 1974 1—37)
1830 1921 1997 1958 annuo

168 1999 331 2065 spatio
374 1998 575 2049 casibus
617 2003 665 2048 et
702 1999 897 2051 eventis
947 1997 1221 2049 abundanti
1262 1984 1564 2049 concessum
1603 2012 1734 2048 esse.
1809 1997 2003 2063 Quippe

166 2091 339 2141 Tacito
367 2104 471 2140 non
499 2103 746 2140 annorum
771 2090 931 2156 spatia
970 2090 1061 2141 sed
1079 2104 1249 2141 rerum
1285 2094 1542 2157 gestarum
1573 2089 1718 2155 copia
1743 2089 2004 2141 materiam

169 2185 217 2233 et
253 2195 483 2231 normam
523 2180 781 2232 scribendi
822 2183 1098 2248 suggessit.

310 2271 538 2322 Alterum
600 2271 734 2337 quod
785 2271 846 2322 ab
909 2271 1187 2323 editoribus
1248 2271 1473 2323 sedecim
1521 2270 1795 2322 Annalium
1842 2271 2001 2326 libros
2022 2273 2090 2322 13

167 2359 546 2411 numerantibus
586 2366 855 2425 peccatur,
912 2361 1012 2411 hoc
1049 2365 1149 2425 est,
1213 2361 1348 2427 quod
1385 2361 1608 2412 Tacitum
1658 2377 1723 2413 ne
1775 2363 1823 2413 in
1866 2365 2003 2415 exitu

170 2451 372 2517 quidem
427 2451 645 2501 Neronis
700 2452 785 2513 (V.
830 2451 939 2502 idus
982 2453 1088 2503 Iun.
1134 2469 1178 2503 a.
1218 2452 1312 2516 68)
1364 2452 1645 2504 subsistere
1689 2455 1915 2518 potuisse
1954 2460 2003 2506 et

169 2541 314 2593 finire
352 2541 681 2606 relationem,
743 2542 835 2594 sed
882 2542 1110 2608 reliquos
1171 2543 1396 2595 eiusdem
1453 2545 1569 2595 anni
1610 2560 1812 2596 menses
1857 2560 2002 2597 com-
2091 2578 2098 2582 .

166 2633 316 2699 plecti
374 2631 612 2683 debuisse
654 2633 1035 2684 obhviscuntur.
1108 2616 1233 2686 Nam
1274 2635 1406 2686 idem
1447 2650 1559 2686 cum
1597 2635 1714 2687 olim
1753 2636 2000 2689 Historias

168 2725 266 2774 iam
311 2723 398 2774 diu
434 2724 596 2775 editas
644 2725 706 2775 ab
755 2724 914 2775 altero
956 2723 1147 2776 Galbae
1203 2724 1468 2776 consulatu
1524 2725 1842 2791 inchoasset,
1900 2727 2000 2779 hoc

72 2859 74 2861 .
167 2819 246 2866 est
286 2829 313 2864 a
354 2814 600 2880 principio
647 2815 764 2865 anni
802 2813 1083 2879 69=822‚
1146 2814 1369 2881 reliquos
1421 2818 1538 2866 anni
1579 2823 1808 2882 proxime
1846 2833 2002 2884 supe-

165 2905 319 2956 rloris
349 2920 568 2969 menseS,
594 2911 842 2970 tamquam
879 2921 1093 2956 vacuum
1128 2909 1365 2972 temporis
1405 2908 1617 2973 spatium
1654 2908 1786 2959 inter
1807 2913 2003 2961 utrum-

168 3008 266 3062 que
317 3009 443 3061 opus
502 2995 807 3060 immissum,
865 2995 1155 3061 relinquere
1215 2995 1347 3046 haud
1387 2996 1537 3047 dubie
1593 3011 1695 3047 non
1749 2999 1998 3049 sustinuit.

168 3087 342 3152 Itaque
394 3090 597 3152 praeter
646 3102 704 3136 ea
762 3101 890 3152 quae
941 3102 1090 3153 supra
1152 3088 1460 3151 memoravi,
1524 3089 1670 3138 etiam
1708 3087 1898 3140 Galbae
1935 3105 2000 3142 ex

168 3176 409 3242 Hispania
447 3178 654 3228 Romam
693 3177 946 3228 tendentis
987 3180 1097 3242 iter,
1138 3179 1187 3227 in
1221 3193 1281 3229 eo
1322 3179 1500 3229 itinere
1538 3179 1809 3244 Verginius
1840 3179 1998 3230 Rufus

169 3268 342 3331 specie
395 3267 646 3317 amicitiae
704 3267 951 3332 suspectis
1003 3267 1303 3319 Germaniae
1356 3268 1643 3334 legionibus
1697 3269 1997 3335 abstractus,
2068 3315 2072 3318 .

166 3355 453 3421 Nymphidii
495 3358 753 3422 imperium
791 3358 889 3409 sibi
927 3357 1178 3408 molientis
1218 3373 1412 3423 poena,
1453 3358 1641 3410 Galbae
1679 3361 1910 3411 introitus
1949 3361 1999 3410 in

166 3446 373 3509 urbem,
430 3448 665 3497 trucidati
728 3448 975 3499 classiarii
1031 3465 1058 3499 a
1108 3449 1311 3499 Nerone
1373 3450 1422 3499 in
1480 3465 1718 3501 numeros
1778 3450 1998 3516 legionis

170 3537 461 3612 compositi,¹
495 3538 775 3602 interempti
812 3539 903 3588 viri
947 3538 1181 3602 illustres,
1223 3553 1452 3605 quaeque
1488 3541 1594 3590 eius
1632 3541 1838 3605 generis
1876 3537 1992 3603 alia,
