2280 4004
221 273 311 312 834

981 265 1273 308 ANNALIVM

1793 272 1920 309 adl.
1952 263 2054 314 &9-

221 423 325 461 non
363 409 560 461 fecerit.
620 409 722 458 Aut
756 411 1073 457 transeamus
1112 405 1176 456 ad
1213 405 1298 456 illa
1334 405 1577 471 instituta,
1618 406 1663 458 si
1690 407 1888 473 potiora
1920 410 2052 472 sunt,

226 505 312 552 aut
347 515 481 551 nova
521 497 835 564 cupientibus
875 497 1134 548 auferatur
1159 496 1260 548 dux
1283 500 1332 547 et
1356 501 1548 548 auctor.
1610 498 1710 549 Ista
1733 502 1874 550 secta
1887 497 2056 549 'rube-

224 607 379 643 rones
403 589 740 653 etFavonios,
777 589 938 640 veteri
978 603 1177 655 quoque
1214 589 1292 639 rei
1319 588 1552 654 publicae
1587 589 1788 656 ingrata
1826 589 2050 654 nomina,
2115 639 2123 646 ,

221 683 411 751 genuit.

485 682 548 733 Ut
584 680 846 746 imperium
885 685 1130 745 evertant,
1169 679 1451 747 libertatem
1495 681 1823 746 praeferuntz
1852 681 1905 733 si
1931 694 2056 746 per·-

183 772 498 836 ⁵verterint,
558 771 841 823 libertatem
894 773 1055 837 ipsam
1096 771 1494 838 adgrediemur.
1566 772 1770 823 Frustra
1826 770 2056 823 Cassii-m

217 863 476 927 amovisti,
518 863 561 914 si
595 862 818 929 gliscere
857 868 907 913 et
943 863 1123 929 vigere
1146 861 1414 912 Brutorum
1455 861 1680 913 aemulos
1706 873 2056 928 passurus-es.
2125 869 2130 872 ⁴

222 955 453 1021 Denique
492 954 618 1005 nihil
652 955 761 1020 ipse
805 954 869 1006 de
909 954 1131 1005 Thrasea
1168 954 1470 1019 scripseris3
1525 953 1918 1019 disceptatorem
1970 966 2059 1004 se-

219 1050 390 1096 natum
445 1045 593 1096 nobis
660 1044 928 1110 relinque.'

996 1043 1203 1095 Extollit
1257 1045 1376 1109 [ira]
1430 1048 1711 1110 promptum
1767 1043 2056 1095 Cossutiani

221 1137 440 1187 animum
491 1137 654 1201 Ner0,
693 1136 948 1201 adicitque
991 1136 1282 1187 Marcellum
1319 1135 1554 1201 Eprium,
1607 1136 1712 1186 acri
1751 1134 2055 1200 eloquentia.

159 1245 206 1281 ιο
221 1228 288 1278 At
307 1227 518 1278 Baream
546 1228 793 1281 Soranum
829 1227 929 1278 iam
967 1227 1064 1278 sibi
1105 1227 1338 1278 Ostorius
1374 1223 1590 1279 Sabinus
1628 1241 1784 1293 eques
1802 1227 2057 1279 Romanus
2072 1232 2143 1280 23

220 1323 526 1386 poposcerat
567 1334 708 1370 reum
750 1334 815 1370 ex
848 1318 1212 1384 proconsulatu
1245 1318 1436 1383 Asia-e,
1488 1318 1542 1368 in
1591 1332 1689 1384 qua
1742 1317 2057 1370 offensiones

342 1479 362 1519 1
372 1510 381 1519 .
412 1478 628 1519 institutas
661 1475 738 1518 Ma.

218 1597 292 1637 ira
327 1595 510 1637 seclusit
543 1595 700 1638 editor.

220 1656 275 1697 R.
312 1668 422 1698 cum.
457 1655 519 1697 lin
551 1653 631 1697 Ma.
735 1655 802 1696 11.
841 1660 972 1710 asyae
1004 1653 1085 1697 Ma.

221 1805 313 1845 sine
334 1804 522 1845 honore:
555 1805 743 1845 nominis
778 1817 887 1845 cura
907 1817 931 1845 a
953 1803 1101 1858 Lipsio

221 1863 415 1905 feliciter
437 1863 628 1917 suppleti
650 1876 748 1918 pars
772 1864 990 1917 posterior
1011 1867 1101 1920 kra)

223 1929 322 1964 ante
364 1923 608 1976 proximum
659 1930 822 1964 ar-tes
873 1929 1102 1978 postquam

221 1983 411 2035 interiit,
459 1984 579 2036 prior
620 1984 712 2037 (cu)
747 1995 772 2023 a
809 1982 1103 2024 scribentibus

222 2043 382 2099 omissa
416 2047 496 2084 est.
539 2041 571 2083 1.
594 2041 664 2084 Fr.
687 2041 932 2083 Gronovius
960 2042 1104 2084 voluit

219 2101 493 2143 incolumitas
525 2107 623 2154 tua,
674 2108 772 2142 tuae
803 2109 941 2152 artes,
986 2101 1101 2143 Bez-

222 2160 469 2217 zenberger
489 2161 761 2203 incolumitas
781 2168 856 2203 tua
875 2162 967 2203 sine
996 2163 1101 2215 aris,

222 2228 337 2262 artes
368 2222 459 2262 sine
492 2221 669 2262 honore.

327 2280 563 2322 Tuberones
609 2288 648 2321 et
686 2281 924 2322 Favonius.-
967 2281 1103 2323 ‘St-oi-

224 2351 369 2380 corum
403 2345 565 2381 sectam
600 2341 754 2381 vitium
791 2339 875 2381 hoc
899 2339 1101 2381 hominis'

224 2399 314 2452 (sic
373 2398 546 2453 Lipsius
615 2406 744 2440 vocat
798 2398 1101 2440 Cossutianum

220 2458 445 2499 hominem
488 2458 775 2516 flagitiosum)
821 2459 1011 2513 ‘culpat,
1060 2465 1103 2499 et

223 2518 296 2572 qui
331 2531 422 2559 eam
457 2520 611 2560 secuti.
662 2518 933 2560 Tuberonem
966 2517 1102 2559 intel-

222 2575 323 2631 ligit
357 2578 406 2627 Q.
440 2577 638 2629 Aelium,
670 2579 742 2632 qui
777 2579 819 2618 in
855 2578 985 2631 epulo
1018 2590 1103 2631 pu..

222 2634 338 2675 blico
377 2635 577 2677 haedinis
617 2637 807 2690 pellibus
848 2639 1001 2677 stravit
1034 2637 1103 2677 le..

223 2699 315 2734 ctos
348 2693 592 2735 Punicanos
627 2701 670 2736 et
701 2708 806 2736 vasa
845 2696 988 2737 Samia
1022 2709 1102 2736 ex-

223 2754 383 2806 posuit.
448 2753 604 2796 Cicero
637 2755 679 2795 in
713 2754 847 2795 Bruto
880 2756 962 2807 31,
1013 2755 1101 2795 Va-

225 2812 360 2854 lerius
398 2812 474 2854 Vll
505 2814 532 2856 5
569 2816 606 2867 1,
641 2814 820 2869 aliique.
885 2814 1052 2856 Gellius
1086 2814 1102 2855 1

223 2874 306 2915 22:
357 2872 513 2913 Tubero
546 2874 654 2914 iuris
686 2873 822 2915 civilis
854 2875 1032 2915 antistes
1065 2880 1104 2914 et

222 2932 395 2972 Stoicae
448 2931 670 2972 doctrinae
719 2940 920 2974 sectator.
985 2932 1102 2974 {dem

223 2989 302 3031 ille
333 2997 399 3032 est
431 2992 503 3045 qui
537 2990 762 3032 Lucullum
810 2993 997 3033 Xerxem
1031 2998 1102 3031 to-

225 3054 371 3105 gatum
406 3049 706 3104 appellitabat‚
741 3050 972 3092 Plutarcho
1006 3064 1102 3092 me-

224 3115 419 3150 morante
453 3111 496 3150 in
530 3109 633 3152 Luc.
669 3110 740 3153 39.
792 3110 1014 3152 Favonius
1038 3116 1103 3151 est

225 3168 402 3209 Catonis
440 3168 516 3210 ille
549 3171 702 3221 simia,
737 3169 790 3211 de
824 3183 907 3226 quo
942 3170 1103 3211 Sueto-

223 3229 322 3269 nius
354 3229 468 3283 Aug.
508 3231 575 3281 13,
609 3229 808 3270 Valerius
834 3230 944 3271 Max.
977 3228 1012 3270 11
1052 3231 1104 3272 10

223 3287 274 3339 8,
320 3287 576 3328 Plutarchus
622 3289 662 3328 in
698 3288 832 3330 Bruto
865 3291 937 3332 34.
1004 3289 1102 3330 Vidi

226 3352 368 3387 tamen
409 3348 481 3402 qui
518 3348 706 3388 Fannios
748 3348 820 3390 hic
852 3354 1101 3402 reponeret,

224 3406 455 3460 imperite.'
514 3406 705 3448 Livsms.

315 3466 564 3520 scripseris:
614 3466 827 3522 intelligit
873 3466 1101 3520 epistolam

227 3523 436 3578 principis
463 3537 484 3565 a
507 3532 737 3580 quaestore
766 3527 860 3566 eius
881 3526 1102 3568 ferendam

228 3589 271 3622 et
304 3583 594 3637 recitandam3
635 3586 690 3626 cf.
727 3599 763 3627 e.
799 3587 869 3628 27.

350 3643 513 3685 eaetollit
571 3652 810 3701 promptum
861 3645 1105 3687 Cossutiani

834 1477 877 1518 3.
910 1476 1109 1530 fabonios
1132 1475 1212 1518 Ma.

224 1543 423 1578 euertant
457 1536 505 1578 G.
569 1535 611 1578 6.
648 1536 878 1577 admouisti
907 1533 988 1587 Ma,
1019 1537 1217 1578 amouisti
1249 1535 1296 1577 G.

1287 1477 1415 1533 reip.
1450 1474 1531 1518 Ma.
1626 1476 1669 1519 4.
1704 1483 1951 1533 cuer-terant
1979 1476 2060 1531 Ma,

1375 1537 1414 1578 7.
1448 1533 1587 1577 nichil
1618 1533 1700 1578 Ma.
1792 1534 1836 1579 8‘.
1870 1535 2060 1593 glossam

814 1595 882 1637 10.
925 1596 1117 1637 Ostorius
1147 1596 1334 1638 Sabinus
1365 1595 1565 1650 Lipsius:
1598 1593 1666 1638 Ma
1701 1596 1837 1639 torius
1865 1598 2060 1640 sanamus.

1187 1805 1374 1846 animum
1407 1805 1548 1846 Nero.-
1583 1811 1794 1847 converte
1823 1805 2065 1849 Theodisce

1187 1863 1297 1904 koch
1325 1865 1462 1920 preist
1479 1865 1595 1906 Nero
1629 1865 1711 1906 den
1743 1864 2065 1922 bereitwilliqen

1190 1924 1305 1965 Geist
1337 1924 1409 1964 des
1429 1925 1720 1966 Cossutianus.
1779 1924 1959 1967 Scilicet
1979 1924 2065 1967 hoc

1186 1984 1327 2036 ipsum
1361 1983 1475 2024 Nero
1511 1985 1556 2024 in
1590 1983 1850 2026 Cossutiano
1892 1983 2065 2028 collau-

1188 2042 1321 2094 davit,
1342 2043 1457 2097 quod
1485 2049 1708 2100 promptus
1728 2043 1922 2085 esset'ad
1947 2043 2064 2086 utei-

1186 2101 1372 2143 scendos
1387 2103 1588 2145 inimicos
1602 2103 1829 2158 principis,
1853 2102 1951 2144 dum
1979 2116 2065 2146 ve-

1186 2174 1277 2202 ram
1302 2174 1476 2203 causam
1504 2163 1587 2203 aut
1606 2165 1782 2219 ignorat
1809 2168 1884 2203 aut
1911 2175 1959 2204 se
1980 2175 2062 2204 ne—

1187 2222 1300 2262 scire
1329 2221 1518 2262 simulat,
1555 2223 1641 2266 Sed
1661 2221 1774 2264 hanc
1793 2221 2061 2278 elegantiam

1185 2281 1348 2321 misere
1376 2281 1675 2334 pessumdedit
1705 2281 1859 2338 glonna·-
1882 2282 1990 2339 βω)
2018 2282 2063 2322 in

1186 2341 1383 2395 margine
1441 2340 1606 2383 codicis
1669 2339 1932 2398 ἀρχετύπου
1987 2339 2062 2382 ’iel

1187 2411 1316 2453 supra
1348 2412 1523 2441 versum
1555 2401 1610 2442 ad>
1639 2410 1797 2442 vocem·
1824 2406 2064 2456 promtum

1187 2459 1386 2512 apposita
1429 2465 1472 2501 et
1513 2460 1615 2502 inde
1661 2460 1868 2502 't'aoitinis
1911 2459 2062 2512 illata⁴3

1187 2519 1349 2572 quippe
1382 2518 1463 2560 hac
1495 2520 1654 2561 iterum
1695 2525 1740 2561 et
1768 2525 1920 2561 contra
1953 2530 2064 2560 con-

1186 2577 1463 2619 suetudinem
1490 2576 1801 2621 Cornelianam
1814 2578 2062 2631 edocemur,

1189 2649 1264 2676 cur
1297 2635 1545 2678 Cossutiani
1588 2640 1775 2679 animus
1796 2638 1841 2677 in
1878 2649 2064 2679 accuva-

1186 2695 1348 2736 tionem
1370 2695 1586 2738 Thraseae
1619 2695 1915 2748 inclinaverit,
1948 2696 2062 2738 idem

1186 2754 1270 2794 iam
1303 2756 1408 2796 satis
1442 2762 1485 2805 et
1527 2755 1644 2797 clare
1686 2755 1830 2798 edocti
1871 2754 1925 2796 ab
1955 2756 2062 2810 ‘ipso

1185 2812 1332 2854 Tacito
1379 2828 1415 2855 c.
1476 2817 1558 2857 21:
1608 2816 1779 2870 iniquus
1834 2813 2062 2868 Thraseae,

1187 2873 1297 2927 quod
1349 2875 1607 2916 auctoritate
1658 2876 1747 2916 eius
1795 2874 2063 2927 concidisset,

1188 2938 1273 2975 cet.
1336 2932 1400 2974 Ac
1445 2947 1553 2975 sane*
1589 2945 1676 2974 non
1721 2934 1758 2975 is
1798 2939 1865 2975 est
1894 2931 2065 2975 Tacitus

1188 2992 1261 3045 qui
1295 2992 1491 3035 incuriae
1531 2999 1604 3035 aut
1644 2993 1863 3035 oblivioni
1903 2992 2065 3048 legen-

1186 3052 1292 3091 tium
1312 3064 1465 3092 vanam
1488 3065 1662 3106 operam
1684 3051 1921 3106 impendat.
1964 3051 2065 3104 Ea:-

1188 3109 1336 3150 tollere
1392 3113 1574 3164 perinde
1628 3113 1834 3166 scriptum
1890 3109 1929 3152 11
1988 3110 2064 3164 88,

1281 3227 1385 3282 Cap.
1408 3229 1478 3271 23.
1524 3229 1716 3270 Ostorius
1737 3229 1950 3271 Sabinus:
1983 3228 2065 3271 do-

1188 3287 1338 3329 latoris
1373 3300 1530 3329 nomen
1565 3288 1702 3329 tribus
1736 3289 1844 3330 locis
1868 3301 1893 3330 a
1914 3286 2064 3330 Tacito

1188 3349 1374 3400 positum
1393 3352 1587 3403 (praeter
1619 3346 1735 3388 hunc
1768 3348 1883 3391 c.30
1902 3353 1947 3390 et
1969 3348 2064 3403 33),

1187 3406 1355 3447 duobus
1412 3408 1455 3447 in
1506 3408 1640 3448 torius
1686 3412 1930 3448 trun-catum
1982 3411 2064 3461 est,

1188 3467 1317 3507 tertio
1364 3467 1482 3519 (cap.
1516 3467 1597 3522 33)
1636 3467 1795 3508 mansit
1828 3467 2062 3522 integrum.

1188 3525 1395 3567 Nimirum
1443 3524 1527 3566 hoc
1565 3525 1671 3566 loeo
1697 3527 1832 3580 prima
1861 3521 2063 3567 vocabuli

1189 3584 1358 3638 syllaba
1403 3587 1504 3640 (os)
1553 3583 1717 3626 hausta*
1748 3590 1813 3626 est
1853 3598 1878 3625 a
1917 3583 2063 3636 priore

1189 3645 1270 3686 sibi
1313 3644 1591 3699 (sibistorius,
1638 3649 1728 3685 tum
1764 3643 1847 3686 sibi
1884 3642 2037 3699 torius)
2046 3656 2062 3693 ,-
