2280 4004
1930 277 2019 322 189

199 278 304 326 asc.
338 279 410 326 59.
795 280 962 324 LIBER
991 279 1105 325 xlv.
1167 278 1272 324 CAP.
1311 278 1497 324 14-15,

198 421 364 474 adhuc
398 420 601 489 publico
640 420 836 473 theatro
880 419 1333 485 dehonestaretur,
1375 418 1766 471 instituit‘ludos
1803 419 2036 471 Iuvena--

197 513 318 564 lium
352 512 638 578 vocabulo,
694 512 747 562 in
784 526 910 578 quos
952 512 1141 577 passim
1179 511 1383 562 nomina
1422 511 1552 561 data.
1629 511 1742 563 Non
1779 510 2018 562 nobilitas

199 604 447 671 cuiquam,
484 619 589 655 non
628 608 767 654 aetas
805 607 889 654 aut
925 603 1024 654 acti
1051 602 1274 653 honores
1313 602 1670 668 impedimento
1717 618 1814 670 quo
1854 603 2019 654 minus

199 695 382 748 Graeci
418 695 648 747 Latinive
683 694 945 746 histrionis
996 698 1155 745 artem
1195 698 1498 745 exercerent
1533 709 1694 760 usque
1743 695 1808 746 ad
1845 700 2021 762 gestus

197 786 479 853 modosque
514 786 648 837 haud
684 785 878 837 viriles.
965 784 1097 844 Quin
1134 789 1183 836 et
1226 785 1445 837 feminae
1493 785 1731 838 inlustres
1771 786 2061 844 deformias

197 878 462 942 meditari3
518 880 845 941 extructaque
883 875 1015 942 apud
1060 890 1266 941 nemus,
1307 876 1441 942 quod
1487 877 1655 928 navali
1695 883 1878 945 stagno
1918 878 2024 929 cir-

199 957 482 1035 cumposuit
502 967 780 1034 Augustus,
823 966 1175 1018 conventicula
1216 971 1264 1017 et
1293 981 1570 1033 cauponae,
1612 973 1661 1019 et
1693 969 1853 1034 posita
1887 983 2020 1021 veno

195 1059 514 1111 inritamenta
551 1057 707 1110 luxui.
779 1056 1138 1122 Dabanturque
1167 1057 1341 1123 stipes,
1382 1072 1505 1124 quas
1539 1059 1660 1110 boni
1698 1061 2021 1125 necessitate,

195 1151 588 1217 intemperantes
635 1148 801 1216 gloria
857 1152 1230 1200 consumerent.
1303 1149 1427 1200 Inde
1474 1149 1698 1216 gliscere
1746 1151 1936 1218 flagitia
1974 1156 2025 1203 et

195 1241 432 1305 infamia3
469 1255 566 1292 nec
603 1240 704 1291 ulla
743 1239 969 1290 moribus
1021 1238 1140 1289 olim
1181 1239 1430 1305 corruptis
1464 1240 1574 1306 plus
1614 1241 1878 1292 libidinum
1918 1243 2087 1300 cir-m

198 1332 453 1384 cumdedit
498 1346 645 1397 quam
700 1330 786 1382 illa
842 1329 1104 1381 colluvies.
1197 1330 1294 1381 Vix
1348 1331 1538 1382 artibus
1595 1331 1823 1383 honestis
1861 1333 2026 1399 pudor

195 1422 464 1487 retinetur,
518 1421 704 1472 nedum
743 1421 876 1472 inter
913 1419 1190 1471 certamina
1226 1419 1461 1470 vitiorum
1508 1421 1751 1486 pudicitia
1794 1427 1878 1473 aut
1910 1436 2027 1474 mo-

198 1512 361 1566 dest-ia
414 1517 498 1564 aut
554 1512 821 1578 quicquam
874 1511 1021 1578 probi
1075 1510 1231 1562 moris
1280 1516 1660 1564 reservaretur.
1737 1513 2025 1566 Postremus

194 1603 306 1670 ipse
341 1617 548 1655 scenam
586 1602 811 1666 incedit,
870 1601 1021 1653 multa
1059 1617 1178 1653 cura
1220 1606 1466 1669 temptans
1507 1602 1749 1654 citharam
1790 1608 1839 1655 et
1875 1618 2028 1669 prae-

196 1692 446 1758 meditans
474 1691 856 1744 adsistentibus
915 1706 1089 1744 voces.
1182 1691 1494 1744 Accesserat
1550 1693 1736 1745 cohors
1795 1694 2022 1762 militum,
2041 1716 2088 1754 ¹⁵

319 1849 357 1890 1.
386 1845 559 1902 puplico
592 1842 672 1888 Ma.
763 1844 1014 1887 iuvenilium
1046 1843 1173 1887 GMa:
1223 1847 1414 1887 correxit
1442 1845 1722 1888 Puteolanus
1829 1847 1872 1890 4.
1905 1847 2028 1903 preci

194 1904 275 1949 Ma.
368 1906 410 1948 5.
443 1905 630 1947 illustres
662 1903 734 1947 Or.
855 1905 896 1947 7.
930 1918 1123 1960 caupone
1154 1903 1235 1946 Ma.
1356 1905 1399 1947 8.
1433 1907 1548 1948 irrit.
1576 1905 1656 1959 Ma,
1691 1918 1777 1947 non
1808 1908 1946 1960 inv-it„
1979 1913 2027 1948 ut

194 1965 326 2007 tradit
357 1965 594 2007 Victorius.
689 1965 756 2007 13.
786 1971 1024 2020 postremus
1058 1963 1183 2006 GMa:
1223 1963 1397 2018 Lipsius
1426 1973 1654 2020 postremo.
1751 1965 1818 2007 14.
1851 1981 2025 2008 scenam

195 2038 245 2079 pr
275 2023 368 2078 Ma,
412 2023 571 2066 deinde
613 2023 666 2065 ab
706 2023 857 2065 eadem
901 2036 1031 2064 manu
1065 2023 1307 2078 eodemque
1347 2030 1587 2065 atramento
1623 2037 1733 2066 corr.
1767 2039 1814 2077 s,
1864 2025 1909 2066 id
1941 2032 2024 2079 est,

194 2097 363 2138 scenas,
395 2089 443 2124 ut
471 2084 516 2124 in
547 2081 635 2125 BG.
730 2083 954 2137 cytharam
985 2080 1066 2124 Ma.
1164 2084 1231 2125 15.
1267 2083 1563 2125 adsistentibus
1593 2099 1716 2125 voces
1751 2083 1915 2126 editor:
1959 2084 2025 2127 Ma

196 2157 293 2185 cum
345 2143 503 2185 ceteris
547 2142 838 2184 assistentibus
878 2142 1015 2197 facies
1054 2141 1129 2199 (de
1171 2143 1527 2196 interpunctione
1559 2143 1623 2184 M*
1667 2142 1775 2184 nihil
1808 2144 2023 2186 relatum.

195 2203 238 2244 in
274 2202 308 2245 G
339 2216 423 2246 ass.
456 2202 594 2258 facies
630 2202 940 2243 continuantur
984 2207 1028 2242 et
1058 2207 1157 2255 post
1198 2203 1335 2256 facies
1367 2201 1452 2243 duo
1485 2207 1688 2259 puncta),
1739 2203 1875 2261 vulgo
1909 2204 2024 2246 assi-

195 2261 413 2305 stentibus.
457 2261 608 2303 Facies
641 2266 725 2303 cet.
839 2261 1104 2302 abscesserat
1134 2259 1227 2302 Ma:
1260 2261 1508 2303 emendavit
1539 2261 1728 2315 Lipsius.

195 2410 410 2460 quaerunt
427 2417 482 2446 ex
505 2404 705 2447 Suetonii
726 2403 900 2446 Nerone
924 2417 961 2446 c.
985 2405 1065 2448 21:

195 2466 375 2506 intravit
417 2465 487 2519 (in
533 2467 732 2520 scenam)
781 2464 932 2504 ordine
974 2477 1065 2515 suo,

1156 2404 1347 2475 ‘few-tuiz
1371 2404 1755 2463 παρεστηκότων,
1792 2420 2025 2454 nautes·

1153 2463 1212 2507 δὲ
1243 2464 1347 2508 τοῦ
1370 2464 2026 2540 νδήμου-->εοιθη,ιιιὲνοι;.

194 2523 321 2566 simul
355 2524 570 2580 praefecti
604 2523 820 2579 praetorii
854 2522 1068 2564 citharam

195 2583 472 2635 sustinentes,
526 2589 623 2638 post
676 2582 836 2624 tribuni
874 2582 1066 2635 militum,

193 2644 396 2698 iaz-taque
451 2642 687 2683 amicorum
742 2642 904 2683 intimi.-
968 2654 1066 2682 nam

197 2701 307 2744 haec
329 2703 491 2756 scripta
511 2706 610 2742 sunt
633 2700 686 2742 de
708 2702 945 2743 certamine
963 2702 1066 2741 anni

196 2774 222 2802 a
255 2761 356 2804 Chr.
405 2761 461 2803 65
507 2759 665 2813 (Tacit.
706 2760 805 2801 XVI
841 2760 922 2816 4),
970 2773 1067 2800 cum

196 2820 310 2862 Nero
343 2822 428 2862 iam
461 2819 638 2872 publico
672 2818 841 2859 theatro
867 2818 1068 2860 dehone-

197 2879 389 2921 stabatur
447 2884 490 2918 et
540 2877 624 2917 duo
677 2885 800 2918 erant
852 2877 1067 2930 praefecti

197 2935 731 2992 p1·aetori0,Nymphidius
750 2935 1067 2991 et'l‘igellinus:

197 3009 314 3038 nunc
345 3008 455 3038 unus
488 3001 556 3036 est
585 2994 763 3038 Burrus.
829 2994 1068 3050 Utrumque

200 3062 368 3111 tempus
431 3054 727 3108 imprudenter
795 3055 1067 3096 commiscuit

198 3114 282 3156 Dio
345 3114 460 3169 apud
502 3113 785 3168 Xiphilinum
837 3114 928 3155 LXI
986 3114 1065 3157 20:

197 3176 409 3246 παρῆλθε
443 3197 500 3205 -
534 3175 558 3217 ὃ
588 3176 758 3240 Νέρων
793 3175 836 3220 ἐς
869 3169 921 3217 τὸ
954 3178 1067 3217 θέα-

198 3249 326 3292 τρον,
360 3231 588 3287 ὀνομασιι
612 3227 734 3292 πρὸς
757 3237 840 3276 τοῦ
864 3234 1067 3275 Γαλλίω-

199 3308 281 3341 νος
313 3294 632 3364 ἐσκηρυχθείς.
666 3295 745 3334 καὶ
776 3292 880 3359 ἔστη
911 3305 958 3334 τε
990 3293 1067 3333 ἐπὶ

199 3357 279 3407 τῆς
314 3356 483 3404 σκηνῆς
516 3349 539 3393 ὅ
571 3352 781 3415 ςΚοιῖσαρ,
817 3366 899 3403 την
929 3354 1070 3393 κιθα-

203 3409 406 3470 ρῳδικὴν
449 3423 620 3460 σκευην
662 3408 941 3460 ἐνδεδυκως,
994 3413 1071 3451 καὶ

196 3472 390 3528 ‘105ch
420 3484 515 3525 μου
550 3467 754 3541 εὐμενῶς
791 3483 885 3540 μου
924 3465 1071 3510 οἱκού-

203 3531 343 3582 σατε’,
379 3528 511 3573 εἶπεν
557 3527 581 3570 ὁ
612 3526 927 3598 αὐτοκράτωρ.
975 3528 1071 3570 ἐκι-

201 3594 333 3650 θαρῳ
312 3589 515 3663 δησέτε
533 3584 689 3632 ’Ἀττιν
716 3582 821 3632 τινὰ
844 3583 1072 3642 ἢΒάκχας

205 3649 231 3700 ὁ
264 3648 556 3712 Αὔγουστος,
589 3649 777 3698 πολλῶν
804 3648 895 3714 μὲν
926 3659 1071 3710 στρα-

1151 2527 1230 2566 καὶ
1267 2523 1388 2579 αὐτῷ
1433 2527 1512 2566 καὶ
1561 2525 1584 2567 ὁ
1621 2526 1832 2581 Βοῦρρος
1875 2527 1954 2568 καὶ
1999 2523 2026 2567 o‘

1152 2587 1354 2632 Σενέκας
1377 2585 1584 2638 (uterque
1616 2585 1699 2624 iam
1726 2594 1813 2624 non
1835 2583 1880 2623 in
1907 2583 2023 2625 vivis

1153 2649 1260 2695 erat,
1296 2655 1391 2683 cum
1423 2641 1584 2684 fiebant
1615 2656 1726 2697 quae
1758 2642 1886 2683 modo
1919 2655 2024 2683 nar..

1151 2708 1244 2743 rata
1279 2706 1425 2758 sunt),
1469 2700 1687 2759 καθάπερ
1721 2702 1842 2750 τινὲς
1887 2702 2024 2745 διδά-

1155 2764 1333 2813 σκαλοι,
1354 2762 1686 2816 ὑποβάλλοντές
1711 2778 1754 2805 τι
1772 2761 2025 2819 παρειστή-

1152 2834 1324 2871 κεσαν,
1367 2825 1445 2862 καὶ
1495 2820 1624 2865 αὐτοὶ
1666 2821 1749 2870 τάς
1786 2835 1833 2864 τε
1860 2829 2024 2878 χεῖρας

1151 2884 1230 2923 καὶ
1262 2876 1314 2922 w*
1352 2877 1543 2937 ἱμάτια,
1589 2879 1728 2924 ὁπότε
1756 2880 2025 2952 φθέγξαιτό

1153 2955 1218 2989 τι,
1285 2937 1504 2983 ἆνέσειον
1556 2945 1635 2983 καὶ
1687 2936 1796 2985 τοὺς
1856 2938 2026 2988 ἄλλους

1152 2999 1572 3055 προσεπεσπώντο.
1662 3000 1824 3040 Verum
1889 3004 2026 3040 restat

1153 3056 1268 3112 quod
1312 3063 1378 3098 est
1422 3059 1614 3113 gravius.
1676 3058 1863 3100 Nimium
1907 3059 2024 3099 enim

1151 3118 1368 3170 patienter
1409 3128 1486 3169 pro
1529 3117 1705 3157 nomine
1744 3129 1868 3158 voces
1899 3129 1923 3156 a
1954 3129 2024 3157 me

1150 3176 1343 3228 reposito
1367 3174 1509 3215 adhuc
1534 3175 1761 3215 toleratum
1787 3180 1853 3216 est
1870 3175 2022 3228 facies,

1152 3233 1414 3275 collocatum
1466 3234 1511 3273 in
1571 3233 1783 3287 principio
1837 3234 2024 3286 proximi

1156 3293 1370 3332 enuntiati
1404 3297 1447 3333 et
1492 3292 1724 3333 manifesto
1758 3298 2022 3345 corruptum.
2080 3289 2083 3292 ’

1156 3350 1248 3391 Hoc
1283 3352 1423 3404 ipsum
1455 3352 1797 3404 interpretantur
1828 3364 2025 3406 pompam

1154 3411 1403 3464 speciosam,
1437 3409 1514 3450 sed
1546 3409 1588 3450 id
1621 3423 1763 3465 neque
1795 3412 1910 3451 inest
1938 3421 2023 3452 vo-

1156 3468 1311 3509 cabulo
1343 3470 1479 3523 facies
1510 3481 1654 3523 neque
1686 3468 1799 3511 idem
1829 3482 1854 3510 a
1874 3469 2022 3510 'l'acito

1154 3527 1336 3580 perinde
1358 3527 1519 3568 dictum
1541 3529 1756 3581 reperitur
1778 3531 1887 3582 (non
1908 3527 2022 3570 bene

1154 3586 1463 3629 Doederlinius
1505 3586 1650 3628 attulit
1680 3588 1731 3629 Η.
1765 3586 1802 3628 11
1833 3588 1912 3641 89,
1947 3586 2022 3629 uhi

1157 3652 1223 3692 est
1254 3647 1413 3692 decora
1449 3648 1611 3708 facies,
1658 3645 2044 3698 item-Ciceronis..
