2280 4004
244 300 308 345 93
1006 292 1299 339 ANNAlen
1807 305 1848 336 a.
1879 296 1929 338 n.
1957 291 2078 340 8⁰&

244 439 398 492 viliae
451 438 593 506 leges
648 434 844 487 senatui
891 434 1080 487 iudicia
1128 434 1434 501 redderent,
1489 433 1780 503 Mariusque
1830 437 2071 492 et‘Sulla

249 531 367 589 olim
406 531 470 580 de
521 543 582 579 eo
623 526 703 578 vel
746 526 1019 592 praecipue
1072 525 1333 577 bellarent.
1409 525 1509 578 Sed
1553 531 1671 578 tunc
1714 527 1954 580 orditum
1984 528 2073 580 ‹it-1

245 636 395 673 versa
433 619 615 683 studia,
659 622 707 669 et
744 632 874 683 quae
909 618 1158 681 vicerant,
1196 616 1398 683 publice
1438 617 1688 670 valebant.
1766 618 1919 670 Gaius
1966 619 2075 686 Op·-

245 712 357 778 pius
398 715 448 762 et
488 709 754 761 Cornelius
792 708 978 759 Balbus
1010 708 1166 775 'primi
1207 708 1443 760 Caesaris
1478 709 1659 775 opibus
1693 713 1906 776 potuere
1944 724 2077 762 con-0

209 803 468 858 sditiones
518 801 660 868 pacis
711 805 762 852 et
809 800 1017 851 arbitria
1073 799 1191 851 belli
1246 805 1483 852 tractare.
1556 801 1739 854 Matios
1774 801 1995 868 posthae*
2024 806 2076 854 et

244 893 437 946 Vedios
494 897 542 944 et
606 896 776 943 cetera
841 882 1065 957 'equitum
1115 892 1456 943 Romanorum
1509 892 1804 958 praevalida
1870 892 2075 947 nomina

245 985 444 1037 referre
479 983 604 1034 nihil
642 983 915 1048 attinuerit,
957 998 1067 1034 cum
1098 982 1336 1034 Claudius
1376 983 1604 1049 libertoS,
1647 998 1774 1050 quos
1811 985 1887 1038 rei
1925 984 2076 1037 fami·-

245 1076 360 1128 liari
401 1075 738 1142 praefecerat,
777 1074 976 1140 sibique
1017 1078 1067 1125 et
1101 1073 1301 1140 legibus
1338 1074 1716 1141 adaequaverit.
2074 1089 2077 1091 ·

386 1167 592 1220 Rettulit
647 1166 766 1218 dein
821 1166 885 1217 de
940 1165 1251 1217 immunitate
1299 1166 1418 1218 Cois
1469 1167 1764 1232 tribuenda,
1820 1167 2157 1234 multaqueel

185 1281 233 1317 10
250 1273 402 1326 super
438 1258 733 1324 antiquitate
774 1271 946 1309 eorum
982 1257 1310 1308 memoravit:
1364 1258 1589 1325 Argivos
1627 1258 1710 1309 vel
1749 1258 1939 1310 Coeum
1974 1259 2077 1311 La-

247 1356 399 1419 tonae
437 1354 695 1417 parentem
734 1349 1106 1401 vetustissimos
1155 1349 1352 1401 insulae
1398 1349 1646 1413 cultorem
1701 1364 1822 1402 mox
1857 1347 2078 1404 adventu

244 1442 539 1508 Aesculapii
580 1446 738 1492 artem
777 1439 1015 1492 medendi
1052 1439 1257 1491 inlatam
1300 1440 1620 1506 maximeque
1673 1441 1806 1493 inter
1838 1446 2076 1508 posteros

246 1533 355 1585 eius
395 1532 649 1584 celebre-m
684 1531 873 1596 fuisse,
911 1530 1117 1581 nomina
1156 1530 1471 1598 singulorum
1507 1531 1772 1598 referens,
1810 1537 1860 1584 et
1897 1532 2076 1599 quibus

246 1625 457 1691 quisque
493 1622 739 1676 aetatibus
773 1622 1072 1690 viguissent.
1148 1622 1279 1684 Quin
1319 1622 1469 1674 etiam
1511 1622 1639 1675 dixit
1669 1609 2078 1693 Xenophontem,

183 1735 228 1771 15
247 1717 388 1778 cuius
424 1715 637 1768 scientia
670 1714 780 1781 ipse
815 1719 1058 1779 uteretur,
1095 1714 1272 1766 eadem
1305 1714 1493 1766 familia
1532 1720 1711 1781 ortum,
1739 1715 2078 1783 precibusque

245 1809 354 1860 eius
395 1807 616 1859 dandum
652 1811 706 1858 ut
756 1806 895 1857 omni
932 1805 1118 1857 tributo
1171 1805 1321 1856 vacui
1362 1805 1414 1855 in
1455 1810 1713 1872 posterum
1752 1805 1843 1859 Coi
1877 1821 2078 1862 sacram

247 1905 296 1951 et
334 1904 524 1951 tantum
579 1898 662 1950 dei
710 1897 988 1949 ministram
1043 1896 1259 1950 insulam
1315 1897 1557 1949 colerent.
1643 1899 1820 1965 Neque
1872 1898 2076 1953 dubium

243 1991 459 2044 habetur
495 1989 647 2041 multa
682 1989 961 2041 eorundem
996 1988 1049 2041 in
1085 1988 1322 2056 populum
1348 1990 1628 2042 Romanum
1662 1990 1842 2044 merita
1876 1986 2080 2047 socias-

363 2132 405 2176 3.
445 2132 493 2173 C.
526 2130 607 2174 Ma.
699 2132 742 2175 5.
775 2130 960 2173 mathias
991 2129 1108 2174 GMa.
1208 2131 1250 2173 7.
1282 2130 1420 2173 nichil
1449 2129 1530 2174 Ma.
1624 2131 1666 2174 9.
1698 2131 1802 2174 ium.
1833 2128 1914 2173 Ma.
2007 2132 2077 2183 10.

244 2193 392 2248 aryios
424 2190 513 2233 Ma:
547 2190 581 2233 G
612 2189 815 2247 Argiuos.
938 2191 1113 2248 Coeum]
1148 2204 1242 2232 cum
1274 2189 1400 2234 GMa:
1443 2191 1635 2233 correxit
1672 2189 1811 2234 losias
1841 2191 2078 2234 Mei-eorus.

249 2255 318 2295 11.
347 2258 574 2308 parentem
604 2249 695 2292 Ma:
722 2258 908 2308 parente
940 2250 1026 2292 BG.
1138 2252 1204 2292 14.
1236 2253 1513 2307 oeenofoutem
1541 2249 1623 2296 Ma.
1729 2251 1797 2294 15.
1844 2249 2080 2307 ᾗσίόυσςυο

246 2311 328 2355 Ma.
453 2312 520 2353 17.
555 2317 722 2353 tautum
756 2309 845 2353 Ma:
898 2311 1009 2352 tanti
1042 2308 1317 2354 Oxonienses
1359 2316 1403 2352 et
1439 2310 1530 2353 AG.
1685 2309 1752 2353 17.
1783 2309 1959 2357 insitam
1993 2308 2076 2355 Ma.

250 2371 317 2414 18.
352 2371 584 2413 haberetur
614 2368 707 2412 Ma:
742 2371 934 2413 correxit
964 2370 1152 2425 Lipsius

248 2500 522 2542 iudiciariam
573 2499 686 2555 leges
736 2500 964 2543 Cornelias
1015 2500 1122 2542 dicit

248 2562 292 2601 in
329 2561 452 2601 Verr.
489 2559 564 2600 lib.
601 2559 640 2600 ll
674 2560 745 2612 31,
782 2566 825 2601 et
841 2560 1017 2614 Rupilia
1049 2560 1121 2602 lex

249 2619 430 2663 Siciliae
463 2617 590 2658 modo
624 2631 806 2659 numero
828 2619 1121 2661 multitudinis

248 2677 376 2720 modo
411 2677 624 2733 singulari
657 2679 920 2720 nominatur.

341 2738 590 2791 Mariusque
623 2743 663 2778 et
686 2735 836 2778 Sulla.-
869 2736 1018 2779 Sullae
1049 2735 1122 2777 lex

249 2798 479 2840 iudiciaria
511 2796 599 2837 lata
631 2809 671 2837 a.
705 2796 791 2839 673
820 2798 918 2837 unis
939 2801 1122 2837 senato-

249 2858 369 2901 ribus
403 2856 566 2898 iudicia
598 2855 787 2898 tradidit.
843 2854 970 2897 Conf.
1003 2855 1122 2897 Dru-

251 2918 396 2959 manni
427 2916 478 2958 ll.
512 2915 562 2957 R.
597 2921 627 2957 t.
661 2914 699 2955 ΙΙ
730 2928 773 2969 p.
806 2915 896 2958 490
927 2928 1021 2971 sqq.

338 2976 412 3018 secl
429 2983 530 3016 tunc
551 2974 749 3016 ordinum
772 2974 942 3016 diversa
957 2975 1124 3015 studia:

250 3037 318 3077 vis
373 3035 587 3076 orationis
632 3035 676 3074 in
718 3046 878 3075 nomen
927 3034 1125 3075 ordinum

252 3094 393 3137 cadit:
452 3093 555 3135 olim
617 3092 722 3135 ordo
775 3094 1022 3135 senatorius
1082 3098 1125 3133 et

253 3160 458 3210 equester
507 3152 757 3205 certabant,
808 3165 910 3194 mox
958 3151 1123 3209 singuli

252 3213 453 3255 homines
499 3213 748 3254 senatoriae
783 3211 1008 3269 dignitatis
1043 3225 1123 3254 ex-

252 3280 398 3327 pertes
431 3286 595 3314 summa
628 3271 774 3326 adepti
807 3278 920 3314 sunt.

343 3333 502 3374 Matios
521 3332 703 3387 posthac
730 3338 767 3373 et
797 3332 971 3374 Vedios:
1003 3337 1123 3387 post-

252 3392 336 3433 hac
367 3392 420 3433 de
450 3392 639 3447 Augusti
685 3392 953 3446 temporibus
986 3390 1123 3432 intel-

253 3450 493 3506 ligendum.
559 3450 748 3506 Augusti
792 3453 958 3492 amicus
991 3450 1123 3491 luxu-

251 3510 392 3551 riosus
418 3510 464 3551 C.
488 3509 649 3551 Matius
666 3522 752 3550 non
776 3509 1122 3552 commiscendus

252 3574 318 3609 est
357 3581 453 3609 cuin
498 3575 631 3622 poeta
681 3575 724 3610 et
768 3570 974 3611 familiari
1020 3568 1120 3610 Iulii

251 3624 465 3668 Caesaris,
523 3626 590 3669 Cf.
625 3634 772 3669 annot.
805 3628 858 3669 ad
889 3628 907 3670 Ι
943 3629 1010 3683 10,
1044 3626 1118 3669 ubi

250 3685 383 3731 etiam
416 3685 470 3731 de
504 3685 643 3732 Vedio
674 3686 890 3732 Pollione.

1301 2498 1405 2553 Cap.
1439 2498 1511 2541 61.
1579 2497 1736 2540 Coeum
1767 2497 1966 2540 Latonae
1991 2511 2079 2555 pa..

1207 2567 1395 2600 rentem:
1424 2558 1643 2599 Mercerus
1670 2557 1938 2611 praeclaram
1968 2569 2079 2604 con--⁸

1208 2620 1420 2660 iecturam
1460 2630 1581 2658 suam
1622 2630 1718 2658 cum
1763 2616 1911 2670 Lipsio
1953 2629 2078 2658 com..

1206 2678 1466 2718 municatam
1489 2676 1667 2731 (Coeum
1687 2687 1764 2730 pro
1787 2677 1899 2732 cm)
1933 2675 2079 2718 hausit

1207 2750 1262 2778 ex
1295 2735 1473 2778 Hesiodi
1506 2734 1671 2791 Theog.
1703 2748 1746 2777 v.
1778 2735 1882 2778 404.
1945 2733 2075 2778 Conf.

1206 2794 1333 2838 ovid.
1376 2795 1548 2837 Metam.
1593 2795 1650 2836 Vl
1685 2793 1782 2837 185.
1843 2793 2008 2836 Athen.
2040 2794 2077 2837 X

1207 2868 1249 2910 p.
1283 2855 1369 2898 555
1401 2854 1454 2896 D.
1564 2853 1884 2910 Xenophontem
1908 2870 1966 2887 ¹--
1999 2866 2076 2895 or-

1207 2922 1322 2956 tum.-
1371 2914 1569 2956 meminit
1618 2913 1806 2955 hominis
1850 2911 2078 2970 Diogenes

1209 2974 1246 3015 11
1285 2988 1323 3016 c.
1356 2973 1383 3016 6
1420 2975 1463 3025 ς.
1498 2973 1569 3016 59.

1298 3031 1402 3087 Cap.
1440 3032 1512 3075 62.
1562 3039 1614 3083 «ᾳι
1643 3032 1842 3087 Byzantii
1871 3055 1928 3066 --
1950 3045 2078 3088 repe-

1208 3093 1366 3134 tivere.-
1417 3090 1469 3132 de
1514 3089 1616 3133 Cois
1655 3091 1825 3133 rettulit
1871 3091 2078 3146 princeps

1209 3158 1253 3193 et
1269 3157 1423 3194 senatu
1440 3151 1743 3193 consentiente
1762 3150 2077 3192 immunitatem

1209 3213 1272 3253 eis
1315 3211 1566 3253 concessit:
1619 3215 1664 3251 at
1706 3210 1910 3264 Byzantii
1955 3221 2077 3251 suam

1208 3284 1381 3313 causam
1424 3269 1537 3324 apud
1576 3276 1721 3324 patres
1759 3270 1842 3324 ipsi
1875 3273 2075 3326 egerunt.

1209 3330 1331 3382 Quae
1364 3330 1580 3372 contraria
1612 3335 1659 3370 ut
1693 3330 1831 3385 magis
1855 3329 1900 3370 in
1924 3331 2075 3383 aperto

1207 3392 1319 3443 sint,
1364 3390 1470 3431 facit
1517 3389 1811 3430 nominativus
1863 3386 2073 3442 Byzantii,

1209 3463 1294 3504 quo
1339 3454 1476 3490 totum
1520 3449 1798 3490 enuntiatum.
1825 3459 1948 3488 suum
1990 3443 2074 3485 ha-

1208 3508 1345 3550 bitum
1380 3514 1423 3550 et
1455 3507 1634 3549 formam
1669 3506 1935 3560 adipiscitur.
1982 3501 2074 3544 Da-

1207 3569 1324 3610 tivus
1357 3569 1400 3608 in
1432 3565 1500 3609 Ma
1531 3572 1655 3607 natus
1689 3571 1768 3617 est,
1803 3576 1899 3605 cum
1936 3561 2075 3604 libra-

1204 3628 1295 3668 rius
1354 3639 1499 3668 casum
1544 3638 1641 3666 eum
1688 3623 1883 3678 proximo
1936 3620 2074 3663 verbo

1203 3686 1344 3747 (data)
1379 3684 1674 3743 imprudenter
1715 3679 2075 3730 accommodavit.
