2280 4004
250 272 348 326 888
1013 277 1304 321 ANNALIVM

253 432 314 469 ac
348 417 465 470 loco
505 416 678 469 caedis
713 416 988 482 agitabant.
1064 418 1126 469 Et
1157 419 1355 485 cepisse
1390 419 1624 488 impetum
1654 422 1864 478 Subrius
1895 420 2078 482 Flavus
2107 455 2112 462 ·

250 508 508 560 ferebatur
547 508 599 558 in
637 522 792 560 scena
834 513 1097 560 canentem
1135 511 1389 563 Neronem
1428 514 1799 582 adgrediendi,
1844 523 1928 570 aut
1966 534 2079 572 cum

248 600 459 651 ardente
512 598 663 650 domo
720 614 812 665 per
862 604 1064 652 noctem
1116 601 1214 653 huc
1269 603 1388 654 illuc
1439 612 1669 658 cursaret
1722 608 2075 663 incustoditus.

245 691 339 741 Hic
373 690 580 742 occasio
619 690 924 755 solitudinis,
965 691 1038 743 ihi
1074 692 1184 759 ipsa
1224 694 1511 760 frequentia
1548 698 1674 748 tanti
1698 699 1903 752 decoris
1933 703 2076 754 testis

207 781 638 847 spulcherrimum
671 782 890 833 animum
926 780 1359 850 extimul'averant,
1401 787 1501 838 nisi
1541 788 1847 855 impunitatis
1889 793 2078 859 cupido

243 873 573 939 retinuisset,
623 873 820 941 magnis
856 889 1058 940 semper
1095 876 1637 932 conatibusadversass
1709 882 1913 934 Interim
1949 887 2157 935 cun-'51

247 965 496 1016 etantibus
528 965 997 1032 prolatantibusque
1020 981 1159 1032 spem
1181 974 1468 1035 acinetum,
1508 971 1774 1036 Epicharis
1809 966 2073 1040 quaedam,

243 1055 490 1108 incertum
529 1071 746 1123 quonam
783 1058 935 1109 modo
974 1059 1232 1110 sciscitata
1270 1066 1462 1127 (neque
1499 1062 1570 1112 illi
1609 1068 1725 1115 ante
1763 1064 1865 1116 ulla
1904 1056 2078 1118 rerum

245 1148 572 1200 honestarum
613 1164 732 1200 cura
771 1150 980 1215 fuerat),
1039 1152 1325 1203 accendere
1386 1158 1435 1204 et
1489 1169 1707 1222 arguere
1755 1156 2078 1221 coniuratos3

183 1257 232 1295 m
249 1254 309 1291 ac
349 1245 658 1306 postremum
698 1241 1013 1293 lentitudinis
1052 1257 1226 1294 eorum
1275 1249 1541 1311 pertaesa,
1601 1251 1651 1298 et
1701 1247 1754 1297 in
1802 1248 2076 1315 Campania

247 1346 438 1399 agens,
498 1332 748 1397 primores
809 1332 1186 1384 classiariorum
1249 1334 1609 1387 Misenensium
1669 1336 1964 1390 labefacere
2028 1344 2080 1391 et

246 1422 562 1474 conscientia
614 1423 833 1490 inligare
886 1424 1098 1486 connisa
1155 1430 1232 1476 est
1278 1426 1364 1476 tali
1400 1426 1561 1478 initio.
1635 1427 1758 1479 Erat
1789 1429 2076 1481 navarchus

243 1513 296 1564 in
331 1529 391 1566 ea
430 1513 596 1566 classe
622 1514 860 1566 Volusius
887 1515 1147 1581 Proculus,
1189 1516 1508 1569 occidendae
1545 1519 1720 1570 matris
1743 1520 1964 1572 Neronis
1992 1521 2076 1572 in-

242 1609 322 1678 ter
353 1604 629 1670 ministrOS,
670 1620 773 1657 non
807 1622 873 1657 ex
911 1606 1258 1674 magnitudine
1298 1608 1511 1660 sceleris
1549 1615 1855 1677 provectus,
1895 1616 1950 1663 ut
1985 1627 2085 1664 re—

179 1695 404 1753 nsbatur.
479 1697 526 1748 Is
566 1696 765 1748 mulieri
803 1697 922 1748 olim
975 1698 1234 1766 cognitus,
1293 1714 1386 1750 seu
1432 1715 1616 1752 recens
1674 1706 1784 1754 orta
1834 1702 2072 1768 amicitia,

244 1786 362 1839 dum
382 1788 560 1841 merita
589 1805 712 1856 erga
731 1789 986 1841 Neronem
1028 1805 1119 1841 sua
1157 1794 1207 1841 et
1247 1805 1393 1856 quam
1431 1791 1483 1841 in
1524 1792 1727 1844 inritum
1761 1787 2071 1846 cecidissent

243 1879 420 1944 aperit,
459 1879 714 1945 adicitque
750 1885 955 1946 questus
999 1886 1048 1931 et
1082 1881 1471 1933 destinationem
1495 1883 1767 1948 vindictae,
1795 1884 1838 1936 si
1862 1884 2074 1936 facultas

241 1975 489 2036 oreretur,
511 1986 651 2037 spem
683 1971 821 2022 dedit
847 1986 1002 2038 posse
1034 1971 1219 2038 impelli
1245 1977 1293 2023 et
1320 1968 1488 2039 plures
1511 1975 1816 2028 conciliare:
1839 1968 2073 2032 nec'leve

241 2061 479 2130 auxilium
516 2062 569 2112 in
613 2062 794 2128 classe,
839 2063 1047 2114 crebras
1073 2063 1410 2128 occasiones,
1449 2065 1565 2130 quia
1585 2067 1721 2118 Nero
1750 2066 1904 2118 multo
1942 2067 2074 2134 apud

177 2162 226 2198 πο
242 2153 478 2205 Puteolos
524 2159 574 2205 et
623 2154 871 2206 Misenum
920 2155 1075 2206 maris
1128 2169 1223 2206 usu
1261 2155 1558 2207 laetabatur.
1631 2158 1770 2225 Ergo
1809 2157 2074 2224 Epicharis

238 2245 382 2311 plura
395 2263 410 2310 3
451 2251 500 2297 et
539 2245 707 2297 omnia
749 2246 948 2298 scelera
985 2246 1230 2312 principis
1269 2247 1480 2298 orditur.
1536 2264 1567 2300 ss
1605 2263 1637 2298 *
1676 2264 1842 2316 neque
1877 2251 2074 2301 senatui

248 2440 253 2447 ·
359 2414 399 2456 1.
435 2413 544 2468 [laus
575 2410 655 2454 Ma.
779 2413 821 2455 5.
857 2411 1212 2466 extimulauerat,
1259 2425 1478 2468 superscr.
1523 2413 1794 2468 penultimae
1824 2413 1999 2458 litterae
2029 2430 2078 2470 n,

238 2470 319 2514 Ma.
422 2473 491 2516 10.
519 2479 694 2528 pertesa
726 2470 807 2513 Ma.
900 2474 967 2516 12.
1003 2474 1153 2514 conisa
1183 2471 1263 2514 Ma.
1359 2480 1454 2514 erat
1483 2473 1743 2515 Nauarclms
1773 2473 1848 2516 BG
1879 2480 1923 2516 et
1954 2473 2076 2518 Oxo-

238 2532 447 2574 nienses:
481 2531 548 2573 Ma
581 2538 707 2573 erant
740 2532 810 2585 (in
843 2531 929 2572 fine
962 2545 1138 2586 versus)
1170 2533 1377 2575 narchus.
1509 2535 1577 2576 13.
1611 2532 1782 2575 uolusiu
1814 2532 1894 2577 Ma.
2005 2536 2074 2578 15.

240 2589 306 2632 liis
339 2589 427 2633 Ma:
459 2592 496 2632 is
533 2590 580 2633 G.
679 2591 746 2632 17.
782 2598 979 2644 quaestus
1010 2590 1090 2633 Ma.
1197 2591 1266 2633 18.
1298 2593 1386 2647 inp.
1422 2590 1502 2634 Ma.
1605 2593 1674 2636 20.
1715 2593 1784 2634 let.
1818 2593 1900 2635 Ma.

330 2720 488 2776 cepisse
517 2720 745 2775 impetum:
797 2718 1000 2759 dicuntur
1032 2720 1116 2760 im·-

239 2784 385 2833 petum
431 2791 589 2833 capere
633 2779 706 2833 qui
754 2778 898 2819 subito
943 2778 996 2820 ad
1025 2791 1116 2820 rem

1203 2733 1300 2761 cum
1345 2720 1459 2762 Nero
1510 2732 1587 2775 pro
1650 2722 1832 2777 ingenio
1879 2722 2074 2763 noctium

1201 2792 1372 2821 suarum
1394 2780 1514 2822 solus
1536 2787 1578 2821 et
1600 2793 1781 2822 securus
1801 2792 1880 2834 per
1901 2780 2074 2822 domum

1825 298 1877 328 a„
1898 287 1942 329 11³.
1972 284 2075 332 8182
2142 261 2146 264 ’

239 2837 453 2894 agendam
490 2851 537 2880 se
569 2840 819 2893 accingunt,
853 2838 930 2879 sed
962 2838 1057 2879 fere
1091 2851 1116 2879 a

237 2897 491 2954 peragenda
523 2897 751 2947 desistunt.
816 2897 904 2938 Nos
932 2897 1115 2938 dicimus

239 2958 367 2998 einen
391 2956 565 3011 Anlauf
589 2956 785 2998 nahmen.
848 2957 948 2998 Mox
981 2957 1116 2998 verba

238 3017 417 3058 ardente
467 3016 586 3058 domo
639 3015 812 3056 domum
857 3015 1043 3056 Neronis
1091 3029 1115 3057 a

239 3076 479 3118 coniuratis
522 3074 840 3117 incendendam
873 3075 1115 3130 significari

236 3135 440 3190 plerique
523 3136 784 3188 interpretes
866 3135 1114 3188 opinantur.

238 3195 322 3238 Sed
358 3196 418 3236 ita
462 3195 641 3236 minime
687 3193 842 3247 fiebat,
891 3194 1115 3235 utstatim

238 3254 344 3295 dicit
376 3260 601 3307 narrator,
656 3254 825 3295 occasio
858 3252 1114 3305 solitudinis,

238 3314 369 3355 immo
403 3326 560 3369 inagna
594 3313 865 3368 frequentia,
916 3317 959 3354 et
991 3313 1115 3366 prin-

239 3385 342 3427 ceps
386 3385 474 3414 non
519 3374 614 3415 sine
658 3371 911 3414 custodibus
942 3371 1114 3413 futurus

239 3438 332 3475 erat
378 3445 522 3487 neque
565 3432 650 3473 huc
692 3431 799 3473 illuc
849 3436 1111 3472 cui-saturus.

235 3490 388 3547 ltaque
442 3491 665 3533 ardentem
715 3491 887 3532 domum
943 3490 1112 3544 accipio

238 3549 473 3591 luminibus
498 3551 661 3605 crebris
686 3550 924 3602 ardentem,
949 3556 995 3590 ut
1028 3563 1065 3590 c.
1087 3550 1110 3591 7

232 3609 327 3663 pila
358 3609 536 3651 militum
563 3624 712 3651 arsere
747 3610 799 3650 de
832 3608 934 3663 pilis
967 3608 1111 3650 lucem

238 3666 490 3710 electricam
517 3669 799 3711 fundentibus
833 3669 994 3710 dictum
1028 3674 1108 3721 est,

1200 2838 1349 2880 multis
1383 2839 1619 2881 luminibus
1655 2839 1946 2881 collucentem
1973 2852 2076 2881 cur-

1201 2905 1330 2940 saret.
1395 2899 1438 2941 Si
1473 2899 1526 2940 de
1559 2898 1764 2940 incendio
1806 2911 1830 2940 a
1863 2911 1962 2940 sese
1994 2909 2076 2954 pa-

1201 2958 1353 2999 trando
1405 2959 1675 3014 cogitassent
1730 2959 1971 3011 coniurati,
2031 2957 2076 3000 id

1200 3017 1373 3058 Tacitus
1406 3017 1642 3059 dilucidius
1672 3017 1926 3059 indicasset.

1282 3075 1387 3130 Cap.
1415 3078 1486 3119 51.
1540 3091 1656 3133 spem
1673 3090 1727 3118 ac
1746 3076 1930 3118 metum:
1954 3087 2076 3130 spem

1198 3137 1367 3189 patriae
1399 3136 1452 3177 ab
1486 3136 1707 3178 insolente
1749 3135 1924 3176 domino
1958 3135 2076 3177 libe-

1201 3195 1384 3247 randae,
1428 3201 1589 3237 metum
1633 3209 1689 3237 ne
1736 3195 1782 3235 in
1833 3208 1883 3236 ea
1914 3207 1960 3236 re
1992 3195 2076 3249 ipsi

1202 3254 1445 3308 periculum
1479 3255 1669 3307 adirent,
1716 3266 1769 3295 eo
1796 3253 2078 3310 prolatabant

1201 3313 1315 3369 quod
1347 3327 1438 3355 rem
1471 3313 1651 3370 aggredi
1686 3313 2013 3356 cunctabantur.

1282 3373 1620 3429 pulcherrimum
1659 3374 1850 3414 animum·
1888 3374 2081 3415 emimu-

1201 3431 1423 3474 laverant:
1460 3445 1618 3474 nomen
1635 3432 1971 3488 pulcherrimum
1988 3443 2078 3486 po-

1199 3492 1328 3532 situm
1367 3497 1433 3533 est
1467 3505 1548 3533 usu
1579 3491 1852 3546 proleptico,
1889 3498 1936 3532 nt
1967 3495 2077 3531 esset.

1193 3551 1524 3606 pulcherrimus,
1561 3551 1604 3593 h.
1627 3565 1665 3594 e.
1696 3557 1744 3592 ut
1775 3550 1828 3592 ad
1860 3548 2073 3603 pulcher-

1198 3612 1307 3652 rima
1339 3610 1538 3652 audenda
1568 3616 1791 3664 promptus
1824 3613 1956 3650 esset.

1303 3677 1397 3712 erat
1436 3670 1708 3712 navarchus:
1754 3669 1863 3710 mire
1909 3667 1955 3708 in
2004 3666 2072 3710 ΜΕ.
