2280 4004
245 270 306 314 56
1036 262 1327 308 ANNALIVM
1816 275 1857 307 a.
1887 269 1934 307 n.
1963 259 2072 312 802.-

383 410 451 461 At
481 406 795 460 Mithridates
835 405 1159 471 Bosporanus
1215 403 1415 455 amissis
1463 404 1643 470 opibus
1683 417 1874 471 vaguS,
1927 404 2157 470 posb÷15

245 517 393 569 quam
429 499 630 550 Didium
699 496 880 547 ducem
930 497 1209 547 Romanum
1265 495 1522 562 roburque
1580 495 1836 546 exercitus
1900 495 2073 547 abisse

244 592 588 657 cognoverat,
642 586 850 637 relictos
892 585 944 636 in
980 600 1114 637 novo
1155 600 1318 653 regno
1355 586 1516 653 Cotyn
1560 586 1762 637 iuventa
1813 584 1990 636 rudem
2026 590 2077 638 et

242 694 432 746 paucas
487 678 770 728 cohortium
807 693 931 728 eum
966 676 1091 728 Iulio
1130 675 1314 743 Aquila
1361 677 1528 743 equite
1570 678 1829 741 RomanO,
1890 676 2076 742 spretis

206 770 471 835 sutrisque
514 769 723 820 concire
765 769 1017 833 nationeS,
1057 763 1269 820 inlicere
1303 769 1545 836 perfugas
1559 787 1575 834 3
1622 768 1882 835 post-remo
1920 784 2076 821 exer-

244 862 348 912 citu
402 866 582 912 coacto
631 876 808 927 regem
857 860 1262 912 Dandaridarum
1318 861 1550 912 exturbat
1604 861 1919 927 imperioque
1968 861 2077 913 eius

243 952 446 1019 potitur.
523 953 664 1013 Quae
690 952 775 1002 ubi
809 952 1012 1019 cognita
1049 957 1097 1003 et:
1134 952 1230 1002 iam
1263 952 1462 1018 iamque
1489 953 1771 1018 Bosporum
1810 952 2078 1004 invasurus

244 1043 540 1107 habebatur,
581 1042 732 1094 diffisi
770 1043 988 1109 propriis
1025 1043 1217 1094 viribus
1259 1043 1439 1110 Aquila
1480 1048 1529 1094 et
1570 1043 1753 1110 CotyS,
1797 1043 1912 1109 quia
1949 1043 2079 1095 Zor-

245 1134 384 1185 sines
424 1134 714 1185 Siracorum
764 1150 858 1185 rex
908 1134 1111 1185 hostilia
1165 1138 1536 1200 resumpserat,
1596 1138 1833 1185 externas
1881 1138 1931 1185 et
1982 1133 2077 1200 ipsi

186 1225 438 1293 ingratias
482 1225 783 1291 quaesivere
821 1226 988 1277 missis
1025 1226 1208 1293 legatis
1250 1226 1314 1276 ad
1353 1226 1628 1290 Eunonen,
1672 1225 1755 1291 qui
1793 1225 2076 1277 Aorsorum

245 1316 385 1382 genti
438 1316 795 1381 praecellebat.
891 1317 998 1368 Nec
1047 1317 1138 1367 suit
1198 1317 1248 1366 in
1301 1316 1461 1367 arduo
1526 1315 1748 1367 societas
1802 1316 2078 1381 potentiam

245 1407 523 1458 Romanam
562 1405 808 1457 adversus
843 1405 1086 1457 rebellem
1112 1406 1434 1458 Mithridaten
1464 1405 1850 1457 ostentantibus.
1923 1404 2083 1472 Igitur

243 1498 503 1563 pepigere,
531 1497 849 1562 equestribus
876 1497 1084 1563 proeliis
1113 1498 1354 1567 Eunones
1383 1501 1618 1561 certaret,
1656 1495 1855 1548 obsidia
1883 1494 2083 1547 urbium

247 1587 461 1638 Romani
493 1593 835 1653 capesserent.
910 1589 1048 1639 Tunc
1083 1590 1366 1655 composito
1394 1588 1597 1656 agmine
1623 1587 1896 1639 incedunt:
1939 1587 2082 1638 cuius
2101 1603 2166 1651 13

184 1679 466 1735 ‹ul'rontem
506 1684 555 1730 et
594 1684 738 1746 terga
778 1679 963 1745 Aorsi,
1024 1680 1188 1732 media
1246 1679 1486 1731 cohortes
1537 1685 1587 1731 et
1623 1678 1907 1745 Bosporani
1947 1682 2084 1730 tuta-

249 1770 431 1820 bantur
464 1771 652 1821 nostris
692 1771 742 1821 in
781 1771 951 1822 armis.
1027 1772 1112 1824 Sic
1142 1772 1314 1837 pulsus
1347 1771 1525 1835 hostis,
1564 1775 1867 1836 ventumque
1898 1770 2080 1823 Sozam

247 1861 483 1927 oppidum
516 1862 854 1926 Dandaricae,
884 1862 1018 1927 quod
1049 1862 1301 1914 desertum
1340 1879 1366 1913 a
1394 1861 1682 1913 Mithridate
1711 1861 1775 1911 ob
1814 1861 2080 1929 ambiguos

244 1951 559 2017 popularium
598 1953 794 2003 animos
832 1952 1050 2003 obtineri
1079 1953 1259 2004 relicto
1300 1953 1368 2002 ibi
1399 1952 1659 2018 praesidio
1696 1953 1878 2003 visum.
1950 1950 2080 2002 Exin

246 2042 297 2091 in
337 2042 543 2095 Siracos
593 2048 842 2110 pergunt,
901 2048 950 2094 et
999 2044 1310 2111 transgressi
1354 2059 1549 2096 amnem
1589 2043 1809 2095 Pandam
1863 2042 2084 2094 circum-

183 2133 457 2187 aoveniunt
505 2133 679 2184 urbem
732 2135 934 2200 Uspen,
996 2134 1181 2185 editam
1241 2135 1358 2185 loco
1416 2140 1471 2185 et,
1506 2134 1770 2186 moenibus
1821 2149 1882 2185 ac
1928 2132 2082 2185 fossis

369 2309 406 2348 1.
440 2308 677 2349 mitridates
710 2309 1002 2364 bosphoranus
1033 2310 1241 2350 ammissis
1274 2308 1354 2351 Ma.
1477 2311 1519 2352 2.
1554 2308 1691 2349 abisse
1722 2306 1811 2359 Ma,
1845 2307 2000 2350 abiisse
2033 2306 2081 2350 G.

246 2368 289 2409 3.
326 2374 450 2421 cotyn
483 2381 507 2408 e
544 2380 654 2409 corr.
688 2367 768 2410 Ma.
803 2369 989 2410 fortasse
1022 2369 1164 2410 fuerat
1197 2376 1345 2424 eotym.
1438 2369 1478 2411 5.
1513 2367 1574 2409 iu.
1611 2367 1682 2409 Or.
1777 2367 1816 2409 7.
1852 2367 2086 2424 Bosporum

249 2425 292 2467 h.
328 2425 355 2467 l.
391 2425 474 2479 Ma,
507 2440 594 2468 non
628 2427 907 2483 Bosphorum.
1063 2429 1105 2470 8.
1143 2429 1290 2482 diffisis
1325 2427 1403 2479 Ma,
1438 2429 1600 2483 diffisus
1634 2426 1692 2468 G:
1728 2425 1976 2468 emendavit
2008 2425 2083 2468 Pi-

251 2484 403 2527 eheua.
558 2487 600 2530 9.
635 2500 936 2541 syraeusorum
968 2487 1055 2528 Ma:
1090 2489 1281 2529 correxit
1314 2487 1502 2541 Lipsius.
1652 2487 1718 2529 10.
1754 2485 1971 2539 quasivere
2003 2484 2082 2528 Ma.

623 2547 889 2587 Adorsorum
924 2546 1002 2598 Ma,
1040 2553 1082 2587 et
1114 2548 1177 2588 sic
1211 2547 1446 2600 deinceps:
1483 2546 1673 2587 correxit
1707 2544 1918 2599 ssya-hius.
2018 2546 2083 2588 13.

1279 2613 1379 2646 Ιιιιιι·
1411 2605 1464 2656 lll,
1498 2618 1584 2645 nou
1619 2612 1717 2645 tutu.
1853 2604 1971 2646 cuius
2002 2601 2082 2656 Mu,

1213 2664 1430 2705 mitridate
1463 2663 1542 2705 Ma.
1684 2663 1750 2705 18.
1786 2663 1971 2719 optineri
2002 2661 2081 2704 Ma.

251 2558 416 2586 cunone
448 2543 527 2587 Ma.

246 2603 390 2658 prael.
426 2602 496 2645 Or.

250 2663 396 2715 quoius
430 2662 476 2703 G.

250 2721 362 2761 exim
394 2720 472 2762 Ma.

636 2607 699 2646 14.
736 2613 1012 2660 capescerent
1046 2604 1125 2648 Ma.

613 2664 677 2705 17.
713 2663 951 2704 dandarice
982 2663 1061 2706 Ma.

601 2722 667 2764 19.
702 2737 873 2764 seracos
907 2722 986 2764 M²¹.

342 2875 447 2930 Cap.
492 2878 560 2919 15.
625 2885 668 2919 at
718 2879 992 2921 Mithridates
1040 2882 1125 2922 Bo.-

250 2949 487 2990 sporanns:
539 2936 640 2978 huie
688 2938 895 2980 Claudius
941 2940 1124 2994 Bospori

252 3008 434 3050 regnum
490 2994 542 3035 ad
590 2996 794 3037 Paludem
848 2999 1036 3039 Maeotin
1084 3005 1127 3040 et

251 3053 432 3094 Pontum
479 3053 695 3096 Euxinum
740 3058 868 3098 situm
914 3072 1027 3098 aum)
1069 3060 1122 3099 41

251 3119 559 3165 concesserat,
609 3128 707 3155 mox
750 3116 878 3157 Didio
927 3116 1125 3158 adiutore

252 3172 438 3214 eundem
461 3173 515 3214 de
542 3174 725 3227 imperio
750 3174 973 3217 deiecerat
993 3177 1125 3218 l'r‘itre

253 3230 364 3284 Coty
387 3235 448 3286 (e.
471 3232 546 3288 18)
581 3233 845 3276 substituto:
881 3236 963 3277 Dio
985 3235 1127 3278 LX8·

253 3290 373 3348 ἄλλῳ
408 3294 457 3334 τέ
485 3295 869 3353 τινιὶὶΙιθοιδὰτῃ
906 3296 1127 3349 (proxime

253 3349 306 3389 de
340 3349 588 3391 Mithridate
617 3351 778 3393 llibeio
813 3338 985 3395 loeutus
1019 3361 1125 3403 erat,

253 3407 306 3448 de
341 3420 427 3462 quo
459 3407 631 3451 'tacitus
685 3411 737 3451 Vl
771 3414 853 3464 32,
898 3413 953 3454 ΧΙ
990 3414 1042 3470 8)
1079 3411 1125 3458 τὸ

253 3470 392 3522 γείος
461 3466 543 3508 ‘in'
606 3472 783 3514 ἐκειιου
859 3474 938 3516 τοῦ
999 3473 1126 3516 πάνυ

254 3527 414 3578 ἑχονιι
447 3522 527 3569 τὸν
563 3529 817 3585 Βόσπορον
857 3534 1124 3589 ἐχαρίσατο.

255 3584 420 3625 Plinius
465 3585 514 3628 N.
554 3587 601 3628 tl.
641 3588 762 3631 VI.)
736 3590 787 3631 5:
832 3592 890 3632 ad
930 3592 1006 3633 hos
1051 3591 1126 3647 (ad

258 3642 554 3701 Sauromatas)
578 3650 834 3703 profugerat
855 3650 1128 3694 Mithridates

1215 2879 1395 2921 Claudio
1419 2880 1631 2935 principe,
1655 2878 1936 2932 narravitque
1953 2876 2085 2920 Thal-

1213 2939 1274 2980 los
1307 2940 1359 2980 iis
1379 2954 1466 2980 esse
1489 2940 1687 2991 confines.
1738 2937 1851 2979 lllud
1877 2938 2084 2991 narravit,

1214 3012 1310 3039 eum
1346 2999 1521 3040 Romam
1559 2997 1794 3052 perductus
1826 3003 1957 3038 esset.
2001 2996 2085 3038 Ta-

1213 3059 1323 3098 citus
1370 3071 1442 3098 eas
1487 3071 1555 3098 res
1601 3057 1652 3097 ad
1702 3069 1882 3110 quarum
1926 3058 2084 3098 seriem

1212 3118 1468 3165 revertitur,
1517 3117 1558 3156 iu
1607 3115 1716 3156 libro
1750 3127 1865 3156 nono
1899 3115 1971 3157 vel
2004 3115 2085 3156 de—

1213 3178 1325 3217 cimo
1360 3176 1484 3216 nohis
1507 3174 1687 3229 perditis
1718 3180 1975 3228 persecutus
2003 3180 2083 3216 est.

1306 3235 1564 3276 Aorsorum:
1600 3246 1703 3275 vera
1738 3234 1924 3275 nominis
1947 3233 2083 3275 forma

1212 3308 1233 3335 a
1275 3293 1408 3335 Taciti
1453 3294 1643 3335 librariis
1691 3295 1813 3335 varie
1854 3292 2083 3334 obscurata

1214 3360 1279 3394 est
1311 3353 1638 3394 recordantibus
1687 3353 1782 3394 sive
1814 3352 1935 3394 vei-bi
1968 3352 2078 3392 ado..

1212 3414 1309 3463 riri,
1345 3413 1540 3464 adorsus,
1574 3413 1668 3453 sive
1702 3411 1889 3452 nominis
1923 3410 2085 3450 advor-

1213 3487 1282 3513 sus
1325 3479 1368 3513 et
1417 3486 1513 3512 eum
1557 3471 1766 3512 atter-uuo
1804 3481 1960 3509 nomen
2001 3467 2082 3508 sibi

1214 3532 1485 3588 incognitum
1530 3527 1926 3571 commiscentibus.
1988 3526 2083 3582 Ego

1213 3604 1309 3632 cum
1364 3590 1533 3645 Ryekio
1590 3589 1760 3630 restitui
1813 3586 1973 3628 Aoi-sos
2029 3599 2083 3627 ex

1214 3650 1425 3694 Stiabone
1447 3648 1502 3691 XI
1525 3649 1550 3690 5
1579 3648 1607 3690 9
1638 3647 1734 3702 (ubi
1767 3658 1924 3687 nomen
1951 3644 2083 3702 quin-
