2280 4004
243 290 333 333 266
1007 287 1300 333 ANNALIVM
1818 304 1858 336 a.
1890 303 1935 337 u.
1965 293 2073 340 816.

238 431 463 497 Romam,
498 432 812 496 laturumque
857 443 1044 481 novum
1082 429 1291 483 Caesari
1330 431 1505 496 decuS‚
1549 445 1654 485 non
1685 431 1917 488 adversis
1949 432 2076 486 Pae*

241 525 438 577 thorum
488 523 641 574 rebus
697 521 972 588 supplicem
1027 521 1330 574 Arsaciden.
1405 524 1524 575 Tum
1571 523 1760 591 placuit
1815 523 2076 577 Tiridaten

239 630 431 682 ponere
469 613 597 679 apud
642 613 863 680 effigiem
901 613 1137 667 Caesaris
1173 614 1378 683 insigne
1411 615 1625 683 regium,
1666 631 1764 669 nec
1798 615 1899 669 nisi
1924 630 2076 668 manu

238 705 457 757 Neronis
491 719 779 768 resumere3
818 709 868 756 et
907 705 1212 773 colloquium
1251 706 1430 758 osculo
1466 706 1674 761 finitum.
1738 707 1870 760 Dein
1895 707 2072 774 paucis

201 794 417 846 sdiebus
456 795 767 859 interiectis,
819 809 1004 864 magna
1040 778 1292 863 utrimque
1329 797 1531 865 specie,
1575 797 1696 850 inde
1730 813 1887 865 eques
1930 812 2077 850 com-

237 886 432 954 positus
470 902 561 953 per
591 891 781 938 turmas
823 891 873 939 et
904 887 1192 955 insignibus
1214 888 1408 954 patriiS‚
1448 888 1568 941 hinc
1587 889 1790 957 agmina
1815 889 2076 958 legionum

239 982 428 1030 stetere
488 978 797 1046 fulgentibus
857 979 1038 1048 aquilis
1096 980 1363 1047 signisque
1417 985 1467 1033 et
1516 981 1801 1034 simulacris
1839 981 1988 1034 deum
2022 981 2076 1033 in

238 1069 442 1120 modum
479 1069 663 1135 templi.
738 1070 907 1123 Medio
948 1071 1167 1122 tribunal
1203 1071 1378 1123 sedem
1416 1072 1639 1125 curulem
1676 1077 1726 1124 et
1769 1072 1922 1124 sedes
1960 1072 2078 1126 effi-

239 1160 374 1228 giem
397 1160 616 1213 Neronis
648 1161 944 1212 sustinebat.
1005 1162 1086 1213 Ad
1111 1176 1257 1229 quam
1280 1178 1588 1230 progressus
1608 1163 1876 1228 TiridateS,
1908 1163 2073 1216 caesis

166 1273 214 1310 ω
242 1267 306 1303 ex
341 1266 483 1303 more
519 1251 762 1317 victimiS,
817 1253 1066 1304 sublatum
1107 1254 1271 1320 capite
1313 1254 1547 1307 diadema
1582 1254 1794 1322 imagini
1837 1255 2071 1320 subiecit,

238 1343 436 1409 magnis
473 1343 604 1410 apud
645 1348 854 1395 cunctos
894 1345 1174 1397 animorum
1216 1346 1462 1410 motibus,
1503 1360 1632 1413 quos
1668 1345 1888 1413 augebat
1920 1346 2074 1398 insita

238 1434 406 1485 adhuc
444 1434 604 1486 oculis
627 1435 955 1510 ¹exercituum
993 1438 1337 1488 Romanorum
1376 1436 1563 1491 caedes
1601 1441 1686 1489 aut
1727 1435 1946 1488 obsidio.
1989 1437 2072 1489 -2At

235 1539 370 1577 nunc
403 1540 584 1578 versos
622 1540 802 1577 casus:
840 1527 1023 1578 iturum
1049 1527 1306 1581 Tiridaten
1343 1526 1563 1579 ostentui
1599 1526 1854 1594 gentibuS,
1886 1532 2075 1594 quanto

236 1614 399 1666 minus
452 1630 599 1681 quam
653 1616 929 1682 captivum!
1002 1617 1216 1669 Addidit
1261 1617 1459 1685 gloriae
1511 1617 1732 1671 Corbulo
1789 1617 2161 1677 comitatemao

165 1728 214 1764 25
238 1705 540 1772 epulasque3
595 1711 644 1758 et
679 1707 937 1775 rogitante
980 1723 1106 1775 rege
1144 1722 1354 1774 causaS,
1391 1707 1624 1775 quotiens
1658 1722 1844 1773 novum
1885 1707 2076 1774 aliquid

357 1859 398 1901 5.
433 1859 645 1913 utrimque
674 1857 755 1912 Ma,
792 1859 825 1902 G
853 1862 1067 1916 utrinque.
1174 1862 1214 1904 7.
1250 1861 1319 1904 dm
1354 1874 1451 1902 cum
1483 1860 1561 1902 lin.
1586 1858 1667 1903 Ma.
1774 1859 1816 1903 9.
1852 1860 1959 1902 cesis
1989 1858 2070 1902 Ma.

243 1917 311 1961 10.
348 1918 504 1959 sublati
536 1917 627 1960 Ma:
681 1926 925 1961 correctum
957 1922 1001 1962 in
1036 1921 1070 1963 G
1102 1926 1145 1962 et
1177 1919 1515 1963 Oxoniensibus.
1637 1919 1770 1975 capiti
1793 1917 1861 1961 Ma
1887 1924 1931 1962 et
1962 1918 2071 1961 alii:

238 1977 372 2018 tacite
406 1979 596 2020 correxit
614 1978 867 2033 Rhenanus,
900 1993 988 2022 non
1019 1980 1276 2034 Beroaldus,
1309 1985 1356 2021 ut
1386 1984 1564 2021 narrant
1589 1978 1842 2023 Waltherus
1873 1984 1918 2021 et
1941 1977 2073 2021 Orel-

240 2036 338 2078 lius,
472 2039 553 2081 13.
587 2038 740 2080 iterum
759 2037 852 2081 Ma:
886 2041 1020 2083 tacite
1054 2042 1244 2082 correxit
1275 2040 1406 2091 idem,
1439 2051 1526 2080 non
1544 2037 1813 2093 Beroaldu5‚
1848 2043 1896 2080 ut
1927 2043 2072 2082 narrat

241 2094 430 2141 Orellius
464 2102 640 2139 secutus
671 2098 957 2142 Waltherum.
1061 2101 1130 2142 15.
1169 2099 1321 2155 aliquit
1351 2097 1433 2141 Ma.

238 2261 340 2290 num
374 2255 417 2290 et
439 2249 483 2289 in
498 2248 546 2301 G,
579 2261 667 2290 non
699 2249 813 2291 bene
843 2248 977 2291 simili
1007 2248 1107 2290 loco

238 2308 289 2351 H.
323 2309 341 2349 l
371 2310 430 2351 44
462 2308 732 2350 vindicatur:
767 2308 827 2349 ibi
875 2311 990 2350 enim
1022 2322 1111 2349 non

238 2367 402 2409 honore
422 2367 585 2410 Galbae
611 2367 793 2423 perinde
828 2374 893 2409 est
925 2381 976 2409 ac
992 2368 1111 2409 nullo

239 2427 402 2468 honore
435 2427 612 2469 Galbae.
675 2427 829 2482 Neque
863 2433 1008 2481 aptum
1043 2433 1109 2468 est

241 2486 487 2541 exemplum
523 2486 637 2542 quod
673 2500 725 2528 ex
745 2486 846 2527 XIV
867 2487 923 2529 58
945 2499 969 2527 a
988 2486 1113 2528 Wal-

240 2546 365 2588 thero
400 2547 590 2598 affertur,
625 2545 775 2587 Asiam
802 2548 955 2600 favore
985 2548 1108 2587 iuve-

240 2607 307 2646 nis
340 2619 465 2646 arma
497 2607 683 2661 cepisse:
733 2618 831 2645 nam
878 2605 955 2645 ille
986 2607 1116 2659 favor

239 2677 327 2705 non
372 2671 437 2705 est
478 2667 551 2719 qui
595 2663 897 2704 conciliandus
942 2663 1114 2704 demum

241 2726 313 2775 sit,
346 2723 422 2766 sed
452 2725 526 2779 qui
560 2724 643 2764 iam
678 2722 831 2764 adest:
866 2727 1017 2763 contra
1038 2734 1116 2776 per

241 2783 398 2824 leonori
421 2784 508 2824 eius
528 2782 759 2827 denotatur
776 2781 916 2822 honor
944 2781 1115 2822 demum

243 2842 458 2896 parandus
506 2843 611 2898 (zur
661 2841 990 2896 Auszeichnnny
1042 2843 1117 2895 fiir

241 2902 365 2956 ikn),
419 2901 550 2957 idque
599 2901 727 2942 huius
769 2900 858 2942 loci
899 2900 1118 2942 sententia

248 2960 455 3015 postulat.

347 3018 451 3074 Cap.
493 3019 565 3063 29.
629 3024 667 3059 et
711 3018 855 3059 sedes.-
910 3018 1114 3073 intellige

250 3079 387 3133 ipsam
420 3078 568 3121 sedem
603 3077 814 3130 curulem,
848 3078 892 3118 in
928 3091 1013 3132 qua
1043 3090 1119 3118 re-

246 3137 416 3179 sidebat
460 3138 670 3192 principis
718 3137 1022 3189 simulacrum3
1073 3149 1115 3178 v.

246 3203 395 3239 annot.
438 3198 492 3238 ad
534 3195 629 3237 x111
671 3198 711 3240 2.
775 3196 858 3237 Dio
890 3195 1002 3238 LXII
1033 3197 1117 3240 23:

248 3248 364 3300 ἀλλὰ
419 3260 500 3300 καὶ
542 3259 667 3314 βῆμα
713 3249 891 3309 ὑψηλὸν
947 3254 1120 3313 ἠγέρθη

253 3320 329 3360 καὶ
364 3317 436 3360 ἐπ’
473 3314 620 3359 αὐτοῦ
657 3316 829 3365 εἰκόνες
855 3317 1120 3372 τοῦΝέρω-

257 3393 337 3425 νος
370 3376 653 3428 ἐστάθησαν.

339 3434 443 3488 Cap.
479 3435 550 3477 30.
613 3441 658 3475 ut
701 3435 828 3475 initia
875 3434 1122 3489 viyiliarum

246 3508 326 3550 per
348 3494 637 3535 centurionem
657 3494 875 3534 nuntiari:
908 3493 1122 3547 Vegetius

250 3553 380 3595 1118:
415 3555 514 3607 quia
545 3552 800 3609 impossibile
822 3552 1046 3598 videbatur
1076 3553 1123 3595 in

251 3613 432 3665 speculis
456 3625 535 3668 per
555 3619 685 3656 totam
708 3618 874 3654 noctem
897 3611 1123 3667 viqilanles

255 3669 443 3726 sinyalos
471 3682 750 3727 permanere,
791 3670 885 3716 ideo
918 3670 964 3714 in
995 3675 1121 3726 quat..

1196 2255 1292 2291 tuor
1343 2252 1492 2303 partes
1541 2245 1600 2288 ad
1654 2244 1920 2303 clepsydram
1973 2251 2072 2288 sunt

1198 2309 1359 2350 divisae
1409 2304 1609 2361 vigiliae,
1664 2312 1710 2346 at
1757 2317 1846 2346 non
1887 2305 2070 2361 amplius

1195 2381 1320 2423 quam
1351 2366 1485 2408 tribus
1505 2365 1623 2406 horis
1639 2364 1863 2406 nocturnis
1888 2377 2061 2406 necesse

1193 2430 1247 2470 sit
1281 2425 1478 2481 vigilare.
1529 2424 1566 2466 A
1601 2424 1786 2465 tubicine
1817 2437 1962 2465 omnes
1991 2423 2061 2465 vi..

1194 2486 1328 2543 qiliae
1361 2486 1691 2536 committuntur,
1726 2489 1766 2524 et
1791 2483 1926 2536 finitis
1951 2482 2070 2524 horis

1197 2560 1225 2587 a
1269 2545 1491 2587 cornicine
1537 2548 1812 2584 revocantur.
1879 2541 2071 2594 Quarum

1197 2605 1447 2661 vigiliarum
1470 2603 1596 2644 initia
1619 2601 1814 2655 epulanti
1835 2614 1932 2643 cum
1960 2600 2072 2643 ami-

1197 2666 1259 2706 cis
1297 2661 1535 2703 Corbuloni
1582 2661 1780 2702 centurio
1826 2659 2069 2702 nuntiabat.

1197 2722 1293 2765 Non
1326 2721 1520 2776 loquitur
1547 2732 1691 2763 rerum
1721 2720 1911 2774 scriptor
1941 2719 1996 2761 de
2017 2719 2073 2760 iis

1199 2783 1272 2838 qui
1306 2780 1483 2837 vigilias
1516 2793 1595 2834 per
1628 2784 1772 2820 castra
1803 2778 1983 2820 obeunt.

1317 2841 1555 2881 convivium
1596 2839 1754 2879 bucina
1794 2837 1973 2881 dimini.-
2020 2850 2064 2880 v.

1198 2898 1352 2952 Polyb.
1386 2899 1484 2940 XIV
1517 2900 1543 2941 3
1575 2897 1619 2940 6.
1682 2896 1779 2939 Liv.
1813 2896 1927 2939 XXX
1960 2896 2003 2940 5.

1298 2957 1401 3012 Cap.
1436 2959 1507 3001 31.
1571 2956 1783 2998 Pacorum
1820 2955 1940 3013 opud
1971 2955 2070 2997 Me-

1201 3017 1288 3069 dos,
1333 3016 1564 3072 Voloyesen
1587 3015 1827 3057 Ecbatanis
1851 3015 2068 3071 repperiet

1201 3076 1314 3131 apud
1348 3076 1495 3117 Medos
1527 3075 1633 3116 dicit
1674 3087 1859 3131 regnum
1899 3074 2070 3116 Mediae

1201 3148 1225 3175 a
1261 3135 1484 3190 Vologese
1516 3135 1637 3176 fratri
1670 3134 1836 3175 Pacoro
1869 3133 2067 3175 destina-

1203 3201 1290 3235 tum
1325 3200 1367 3235 et
1400 3195 1633 3236 donatum:
1670 3193 1746 3235 XV
1764 3195 1806 3237 2.
1851 3192 1904 3234 Ei
1929 3203 2069 3248 regno

1202 3253 1393 3295 familiae
1411 3254 1612 3308 princeps
1637 3253 1744 3294 fines
1765 3251 1944 3294 dederat
1961 3262 2070 3307 quos

1201 3314 1296 3367 ipse
1346 3312 1502 3355 voluit.
1566 3311 1657 3354 Sibi
1713 3317 1758 3353 et
1812 3310 2067 3352 Parthorum

1200 3385 1337 3427 regno
1355 3371 1577 3413 Ecbatana
1595 3372 1639 3412 in
1654 3370 1927 3412 meridionali
1943 3374 2065 3425 parte

1202 3432 1370 3473 Mediae
1413 3433 1543 3473 situm
1594 3435 1923 3472 reservaverat:
1973 3441 2070 3469 nam

1202 3491 1454 3531 Parthorum
1489 3491 1717 3544 imperium
1747 3503 1801 3530 ex
1824 3489 1957 3531 variis
1978 3492 2070 3528 ter-

1203 3551 1260 3591 ris
1320 3556 1362 3591 et
1421 3549 1624 3606 gentibus
1681 3548 1917 3590 coaluerat.
1980 3545 2069 3586 Hac

1203 3610 1372 3651 ratione
1396 3609 1554 3662 Ryckii
1587 3607 1799 3649 dubitatio
1834 3611 1877 3648 et
1895 3605 2068 3646 miratio

1202 3667 1400 3713 solvetur
1432 3665 1541 3711 haec
1584 3663 1859 3711 annuntiat
1895 3663 2068 3706 ‘mirum

2273 3049 2280 3155 ..ᾳ-ᾳ...
2272 2883 2280 3037 *μ-ᾳ-ψ..
2274 2834 2280 2867 ι...

2268 3326 2280 3470 ‘Qus-t.-
2273 3212 2280 3316 —..--=....
2277 3192 2280 3196 .
2275 3169 2280 3180 .-
