2280 4004
295 274 384 317 116
1045 268 1339 315 ANNALIVM
1867 286 1907 317 a.
1940 275 1985 319 ti.
2020 271 2122 319 269.

294 416 655 482 decretumque
696 429 761 466 ne
809 429 934 466 vasa
981 429 1106 466 auro
1161 414 1327 466 solida
1377 413 1726 466 ministrandis
1763 415 1891 469 cibis
1926 417 2122 483 fierent,

293 523 359 560 ne
393 508 553 560 vestis
592 507 768 560 Serica
806 506 948 558 viros
988 506 1238 558 foedaret
1312 505 1548 558 Excessit
1578 506 1798 572 Fronto,
1848 521 1911 560 ac
1943 513 2126 575 postu-

294 599 420 650 lavit
452 598 658 649 modum
699 601 912 664 argento
942 597 1255 674 supellectili
1291 596 1541 649 familiae:
1594 602 1703 649 erat
1741 598 1925 664 quippe
1959 582 2163 655 adhuc}

295 689 536 755 frequens
576 687 930 753 senatoribus,
989 687 1034 739 si
1071 687 1191 753 qmd
1230 704 1259 739 e
1296 703 1354 739 re
1408 687 1612 754 publica
1651 688 1948 755 crederent,
2007 689 2126 740 loco
2157 673 2167 756 l

259 780 579 832 ssententiae
625 794 878 845 promere.
966 779 1154 831 Contra
1196 778 1368 831 Gallus
1405 779 1614 832 Asinius
1665 780 1930 832 disseruit.
1956 784 2130 832 auctu
2153 776 2175 854 (ᾗ

295 870 494 936 imperii
523 869 815 921 adolevisse
851 869 1000 921 etiam
1035 870 1260 935 privatas
1297 885 1437 937 opeS‚
1479 870 1632 937 idque
1667 886 1770 922 non
1806 886 1994 922 novum
2035 869 2128 922 sed

295 977 325 1012 e
362 960 719 1013 vetustissimis
758 961 1014 1012 moribus:
1079 961 1229 1013 aliam
1278 961 1410 1027 apud
1447 962 1740 1027 FabriciOS,
1796 961 1946 1013 aliam
1995 959 2128 1028 apud

295 1052 562 1118 Scipiones
604 1052 870 1118 pecuniam
884 1070 898 1116 3
941 1057 990 1104 et
1029 1057 1208 1104 cuncta
1249 1053 1313 1104 ad
1346 1068 1455 1105 rem
1494 1053 1747 1119 publicam
1780 1052 1992 1118 referri,
2031 1066 2128 1118 qua

295 1145 434 1194 tenui
485 1148 728 1211 angustas
786 1143 970 1194 civium
1019 1144 1222 1209 domOS,
1293 1149 1559 1210 postquam
1607 1159 1668 1197 eo
1722 1144 2130 1212 magnificentiae

234 1234 516 1298 invenerit,
582 1234 805 1300 gliscere
851 1234 1099 1301 singulos.
1191 1235 1368 1300 Neque
1420 1235 1474 1285 in
1530 1235 1720 1287 familia
1782 1240 1833 1286 et
1893 1239 2127 1303 argento,

296 1339 527 1391 quaeque
566 1324 631 1376 ad
667 1339 811 1376 usum
844 1330 1113 1391 parentur,
1151 1325 1358 1376 nimium
1399 1325 1587 1391 aliquid
1623 1330 1708 1376 aut
1742 1325 1999 1376 modicum
2031 1324 2132 1376 nisi

413 1481 455 1524 2.
489 1480 624 1522 sirica
651 1481 714 1522 M:
748 1482 881 1522 tacite
915 1481 1106 1523 correxit
1136 1480 1389 1524 Rhenanus.

296 1538 552 1582 Beroaldus.
631 1541 670 1582 7.
705 1547 816 1598 aput*
838 1541 1042 1596 scipionis
1071 1541 1128 1583 M.

406 1679 510 1734 Cap.
563 1681 635 1723 33.
707 1682 834 1722 vestis
878 1682 1065 1724 Serica:
1119 1695 1170 1723 ea

295 1740 434 1780 vestis
468 1745 560 1780 erat
581 1739 846 1793 bombycina
865 1743 976 1796 (non
995 1756 1049 1782 ex
1070 1741 1171 1782 lana

297 1797 427 1851 facta,
452 1805 499 1839 ut
514 1800 654 1839 visum
676 1799 846 1856 Lipsio)
867 1806 909 1840 et
933 1800 1168 1854 pellucida,

296 1857 411 1910 apud
463 1858 590 1900 Seres
639 1858 767 1900 Indos
818 1859 975 1901 confici
1023 1859 1167 1902 solita.

295 1915 415 1972 Lege
456 1917 697 1958 Pausaniae
738 1917 1078 1972 descriptionem
1113 1919 1171 1961 VI

295 1974 354 2019 26
377 1978 420 2017 4.
466 1976 787 2030 Conf.Dionys.
807 1977 978 2035 Pei-ieg.
1007 1991 1050 2020 v.
1069 1980 1168 2031 757,

295 2032 454 2075 Pollux
503 2034 579 2076 Vll
637 2037 688 2079 17
750 2036 835 2089 76,
886 2038 1066 2080 Servius
1118 2037 1171 2079 ad

298 2093 459 2149 virgil.
514 2093 673 2150 Georg.
714 2094 752 2135 II
806 2097 904 2139 121.
966 2097 1171 2138 Naturam

298 2164 447 2194 earum
479 2155 668 2195 vestium
709 2154 878 2196 Seneca
918 2155 972 2198 de
1013 2156 1170 2198 Benef.

299 2210 377 2252 VII
422 2212 450 2255 9
498 2211 774 2268 designavit:
827 2214 948 2256 video
996 2216 1173 2257 Sericas

296 2278 456 2323 vestes,
492 2272 530 2312 si
561 2279 694 2313 vestes
723 2274 946 2315 vocandae
973 2282 1093 2327 sunt,
1125 2277 1174 2317 in

298 2330 445 2384 quibus
476 2331 587 2372 nihil
619 2339 679 2372 est
711 2345 789 2386 quo
823 2333 996 2388 defendi
1021 2348 1174 2389 corpus

299 2395 375 2430 aut
417 2389 595 2444 denique
635 2391 777 2446 pudor
823 2393 978 2447 possit,
1027 2393 1173 2447 quibus

299 2449 472 2503 sumptis
498 2448 651 2490 mulier
666 2464 824 2505 parum
840 2451 998 2505 liquido
1015 2452 1175 2493 nudam

298 2522 342 2548 se
384 2521 472 2548 non
515 2522 603 2549 esse
649 2510 824 2550 iurabit.
888 2512 981 2552 Hae
1011 2512 1177 2566 ingenti

298 2580 462 2607 summa
503 2567 556 2607 ab
594 2568 751 2622 ignotis
794 2569 922 2609 etiam
960 2570 1018 2610 ad
1059 2583 1175 2610 com-

298 2626 503 2665 mercium
540 2626 734 2680 qentibus
775 2635 1083 2681 accersuntur,
1130 2636 1176 2670 ut

297 2690 525 2724 matronae
539 2691 658 2725 nostr
661 2699 712 2726 ae
725 2699 778 2726 ne
792 2685 999 2728 adulteris
1011 2688 1176 2755 quidem

295 2742 394 2798 plus
440 2744 507 2783 sui
544 2744 591 2784 in
633 2744 824 2786 cubiculo
859 2759 985 2799 quam
1014 2747 1062 2787 in
1089 2761 1174 2803 pu-

301 2801 410 2843 blico
443 2803 680 2844 ostendant.
743 2804 809 2845 De
848 2804 982 2859 Lipsii
1028 2819 1175 2847 er·roie

302 2860 554 2903 Waltheius
590 2862 642 2902 ad
662 2862 704 2903 h
727 2862 756 2905 l.
784 2862 908 2916 dixit,
929 2865 982 2906 de
998 2865 1175 2907 sedibus

304 2924 348 2961 et
380 2922 653 2961 commerciis
696 2922 846 2963 Serum
889 2897 1175 2966 l’lullmannus

304 2978 738 3034 Handelsqeschiclite
778 2981 854 3022 der
886 2983 1100 3025 Griechen
1132 2997 1173 3037 p.

303 3038 392 3081 203
427 3051 521 3093 sqq.

394 3099 573 3139 excessit
611 3097 792 3151 Fronto,
843 3098 886 3141 h.
935 3113 974 3141 e.
1015 3099 1175 3140 Fronto

304 3155 418 3197 ultra
461 3155 571 3198 haec
610 3159 825 3211 processit
872 3159 915 3199 in
956 3159 1174 3200 censendo

304 3215 484 3272 (Fronto
515 3217 618 3270 yinq
641 3216 828 3258 claruber
851 3217 1041 3275 hinaus).
1076 3218 1175 3259 Ex-

305 3275 456 3315 cedere
507 3275 688 3328 perinde
742 3276 944 3318 absolute
987 3278 1174 3331 positum

304 3340 371 3375 est
401 3333 439 3374 ΙΙ
470 3332 550 3376 242
604 3341 767 3376 tantum
807 3335 887 3377 illa
920 3336 1063 3378 clades
1093 3350 1176 3376 no-

302 3394 432 3433 vitate
466 3399 505 3433 et
529 3395 822 3448 magnitudine
842 3397 1034 3437 excessit.
1068 3395 1174 3452 Agr.

303 3452 386 3492 42·
438 3451 677 3505 obsequium
727 3467 781 3494 ac
831 3455 1079 3497 modestiam
1129 3469 1175 3495 eo

306 3508 446 3549 laudis
477 3511 695 3552 excedere

392 3574 487 3609 erat
518 3570 668 3624 quippe
702 3571 844 3613 adhuc
873 3574 1075 3627 frequens
1106 3585 1175 3613 se-

305 3626 554 3670 natoribus:
601 3627 794 3671 indicant
842 3644 893 3673 ea
945 3630 1082 3674 verba
1127 3631 1179 3674 de

1470 1479 1511 1522 6.
1548 1478 1803 1523 adolevisset
1834 1478 1905 1521 M:
1940 1477 2132 1520 correxit

1789 1539 1857 1582 11.
1890 1537 2042 1594 aliquit
2070 1536 2126 1580 M.

1221 1541 1262 1586 9.
1297 1540 1615 1594 manificentiae
1646 1539 1702 1581 M.

1255 1680 1359 1722 luxu
1387 1681 1572 1723 civitatis
1592 1693 1680 1721 non
1700 1692 1726 1720 a
1746 1677 2001 1722 consulibus
2024 1684 2132 1720 tunc

1254 1739 1465 1792 relatum,
1511 1739 1588 1781 sed
1637 1752 1731 1781 eam
1762 1751 1855 1780 rem
1885 1738 2053 1780 Haterii
2086 1743 2131 1779 et

1255 1798 1488 1840 Frontonis
1534 1799 1765 1840 sententiis
1808 1800 1852 1839 in
1901 1796 2131 1839 consulta-

1256 1859 1418 1899 tionem
1451 1857 1679 1900 adductam
1705 1870 1818 1899 esse.
1865 1857 1986 1899 Haec
2013 1857 2131 1898 enim

1254 1918 1480 1959 annotatio
1514 1930 1655 1973 aeque
1685 1917 1879 1971 pertinet
1910 1916 1965 1959 ad
1990 1915 2128 1958 Hate-

1253 1977 1363 2016 rium
1397 1989 1524 2032 quam
1556 1977 1611 2019 ad
1641 1976 1923 2018 Frontonem.
1981 1974 2049 2017 De
2079 1987 2129 2016 re

1253 2034 1528 2080 v.x11149.

1344 2095 1563 2137 distinctos
1620 2101 1792 2136 senatus
1855 2100 1895 2136 et
1949 2094 2131 2149 equitum

1258 2168 1431 2196 census.-
1477 2154 1704 2210 Augustus
1737 2165 1916 2195 censum
1948 2157 2130 2195 senato-

1256 2215 1367 2254 rium
1411 2213 1550 2268 primo
1596 2212 1650 2254 ad
1691 2212 1841 2254 decies
1873 2213 1988 2254 aeris
2021 2223 2131 2254 con-

1257 2274 1412 2325 stituit,
1446 2272 1524 2314 sed
1556 2278 1684 2313 aucta
1717 2272 1879 2313 civium
1904 2270 2133 2326 opulentia

1258 2339 1356 2386 post
1380 2344 1539 2373 annum
1562 2331 1647 2373 736
1664 2329 1717 2371 ab
1742 2343 1785 2372 u.
1810 2331 1872 2372 ita
1890 2329 2131 2385 ampliavit,

1258 2398 1306 2431 ut
1366 2403 1443 2445 pro
1507 2389 1646 2430 decies
1707 2390 1823 2430 aeris
1873 2388 2132 2445 (1,000‚000

1259 2451 1444 2506 assium)
1480 2449 1619 2489 decies
1652 2448 1836 2490 sestertii
1867 2449 1934 2503 (2,
1938 2447 2133 2501 500,000

1260 2511 1444 2565 assium)
1493 2513 1741 2550 senatorem
1773 2507 1946 2549 censeri
1975 2507 2131 2550 vellet.

1258 2568 1321 2609 Ea
1362 2567 1415 2608 de
1457 2580 1505 2608 re
1548 2572 1751 2609 accurate
1787 2566 2006 2636 exposuit
2045 2565 2130 2608 Dio
2163 2573 2168 2621 ,ξ

1259 2627 1351 2668 LIV
1375 2627 1454 2668 17:
1487 2625 1570 2672 τάς
1601 2638 1647 2668 τε
1674 2618 1830 2682 ἀρχας
1851 2625 2004 2670 ἅπασι
2034 2633 2134 2675 τοῖς
2157 2624 2164 2645 ·’

1261 2687 1372 2730 «rem
1392 2685 1643 2742 μυριάδων
1667 2684 1837 2731 ουσίαν
1867 2686 2031 2743 ἔχουσι
2054 2688 2134 2728 καὶ

1259 2763 1284 2787 ιι
1275 2759 1431 2802 ιρχειν
1460 2747 1509 2788 ἐκ
1537 2746 1630 2788 τῶν
1660 2745 1821 2803 νόμων
1845 2743 2133 2817 δυναμένοις

1260 2806 1572 2873 ἐπαγγέλλειν
1597 2807 1838 2871 ἐπέτρεψε.
1892 2803 2132 2848 τοσούτων

1261 2860 1369 2935 γὰρ
1408 2854 1458 2906 τὸ
1508 2855 1806 2918 βουλευτικὸν
1843 2866 2020 2923 τίμημα
2049 2861 2134 2918 τὴν

1260 2921 1453 2982 πρώτην
1487 2921 1609 2967 εἶναι
1641 2924 1825 2973 ἔιαξεν,
1863 2923 2025 2967 ἔπειτα
2054 2925 2134 2966 καὶ

1261 2985 1307 3031 ἐς
1360 2986 1496 3026 πέντε
1557 2985 1637 3024 καὶ
1687 2983 1839 3026 εἴκοσι
1891 2980 2134 3055 μυρίάδας

1261 3038 1374 3084 αὐτὸ
1407 3040 1674 3098 προήγαγε,
1721 3045 1802 3084 καί
1827 3055 1922 3084 τισι
1953 3045 2048 3087 τῶν
2082 3037 2133 3083 εὖ

1259 3099 1508 3167 βιούντων,
1557 3100 1724 3143 ἐλάττω
1763 3098 1866 3141 τόιε
1902 3100 1994 3159 μὲν
2038 3115 2134 3144 των

1261 3158 1370 3203 δέκα
1432 3155 1569 3204 αὖθις
1626 3158 1674 3200 δὲ
1723 3163 1819 3203 τῶν
1867 3162 2005 3203 πέντε
2051 3161 2132 3201 καὶ

1261 3221 1409 3262 εἴκοσι
1431 3219 1735 3276 κεκιηαένων,
1748 3218 1998 3273 ἐχαρίσατο
2017 3215 2134 3261 ὅσον

1260 3275 1423 3320 ἐνέδει.
1469 3274 1536 3316 Cf.
1561 3256 1685 3316 idem
1717 3275 1811 3318 LIV
1828 3275 1901 3320 26
1946 3275 2133 3318 Dionem

1261 3336 1333 3391 qui
1367 3333 1535 3374 duobus
1578 3333 1688 3375 locis
1732 3341 1818 3376 tam
1859 3335 2037 3388 copiose
2077 3332 2132 3375 de

1261 3394 1343 3436 hac
1375 3406 1422 3435 re
1455 3394 1657 3447 exposuit
1687 3395 1849 3449 quique
1881 3405 2001 3434 more
2039 3392 2131 3434 Ro-

1260 3464 1386 3494 mano
1420 3453 1632 3494 rationem
1680 3452 1906 3503 subduxit,
1954 3451 2131 3492 minime

1262 3525 1429 3554 errasse
1462 3518 1583 3553 recte
1630 3511 1839 3552 iudicavit
1883 3509 2054 3564 Lipsius
2086 3509 2131 3549 in

1259 3571 1427 3613 Electis
1462 3570 1499 3612 ΙΙ
1534 3571 1584 3612 17
1611 3569 1744 3624 (Opp.
1778 3574 1880 3610 tom.
1905 3567 2128 3625 lp.813),

1260 3630 1465 3688 idemque
1508 3640 1592 3688 ego
1635 3640 1690 3671 ex
1728 3626 1896 3671 duobus
1928 3624 2027 3675 aliis
2057 3627 2130 3672 in-

2174 2059 2180 2146 l
