2280 4004
47 274 74 307 a

197 301 231 333 a
255 288 303 333 C.
345 288 421 332 19.
776 283 943 330 LIBER
971 283 1024 329 11.
1057 288 1070 291 ”
1087 283 1201 328 Cn·-
1230 282 1419 328 57—60.
1934 275 2028 322 14³

197 434 481 503 Aegyptum
522 432 860 500 proficiscitur
906 429 1301 498 cognoscendae
1352 424 1676 492 antiquitatis.
1750 425 1851 479 Sed
1901 440 2026 476 cura>

197 526 494 592 provinciae
533 523 992 602 &aet-cudebatur,
1049 521 1333 585 levavi-tque
1384 518 1570 585 apertis
1618 517 1818 568 horreis
1862 516 2030 582 pretia

203 617 402 685 frugum
423 655 437 682 ‚
478 595 730 681 multaque
765 615 817 664 in
853 614 1034 680 vulgus
1068 617 1215 679 grata
1251 610 1540 676 usurpavit:
1592 609 1703 661 sine
1753 608 1908 660 milite
1944 607 2025 657 in..

203 710 420 772 cedere,
474 707 687 773 pedibus
726 706 926 756 intectis
964 710 1012 756 et
1047 704 1155 769 pari
1209 718 1320 754 cum
1357 701 1591 753 Graecis
1617 700 1828 764 amicto,
1866 697 2030 750 Publii

202 799 481 874 Scipionis
511 797 829 860 emulatione,
871 811 1016 861 quem
1057 794 1237 846 eadem
1273 793 1585 845 factitavisse
1619 791 1748 877 apud
1784 790 2066 855 Siciliam‚5

204 889 400 957 quami
500 892 711 954 agrante
737 887 902 938 adhuc
924 887 1210 936 Poenorum
1229 884 1385 949 belle,
1422 885 1726 949 accepimus.
1796 882 2027 934 Tiberius

205 981 336 1032 cultu
376 980 442 1030 ha
543 991 646 1056 τιμε
684 978 792 1029 eius
830 977 1029 1028 lenibus
1079 976 1253 1027 verbis
1298 975 1599 1041 perstrict0‚
1651 974 1901 1026 acerrime
1950 973 2029 1023 in-

204 1071 396 1136 crepuit
441 1070 577 1136 quod
625 1073 801 1119 contra
856 1067 1078 1118 instituta
1131 1066 1349 1132 Augusti
1401 1078 1504 1115 non
1554 1071 1734 1130 sponte
1787 1064 2033 1130 principis

203 1160 567 1214 Alexandriam
604 1159 881 1210 introisset.
933 1158 1058 1208 Nam
1078 1156 1338 1222 Augustus
1376 1156 1509 1206 inter
1541 1155 1639 1206 alia
1669 1155 2029 1206 dominationis

203 1265 405 1315 ateana,
443 1250 615 1302 vetitis
648 1250 745 1300 nisi
781 1248 1031 1314 permissu
1071 1247 1274 1313 ingredi
1310 1245 1631 1300 senatoribus
1664 1251 1748 1297 aut
1779 1245 2031 1312 equitibus
2047 1263 2098 1300 w

132 1351 136 1356 ’
201 1342 442 1395 Romanis
494 1340 824 1405 inlustribuS,
883 1339 1111 1405 seposuit
1149 1341 1433 1404 Aegyptum
1456 1375 1470 1402 ‚
1534 1353 1600 1388 ne
1661 1338 1794 1389 same
1824 1342 2033 1405 urgeret

202 1434 392 1485 Italiam
430 1432 655 1498 quisquis
692 1447 803 1483 eam
840 1430 1155 1496 provinciam
1197 1429 1515 1510 claustraque
1556 1434 1727 1481 terrae
1761 1445 1821 1480 ac
1858 1420 2077 1509 maris,J
2267 1487 2276 1497 .

204 1524 431 1590 quamvis
466 1523 566 1574 levi
592 1522 855 1589 praesidio
877 1522 1148 1573 adversum
1171 1521 1405 1587 ingentes
1434 1521 1707 1585 exercitus,
1742 1520 2066 1576 insedisset.
2054 1492 2263 1581 ΣΕ)...

118 1615 304 1670 608ed
328 1615 656 1666 Germanicus
694 1613 916 1665 nondum
961 1617 1221 1678 comperto
1254 1613 1624 1678 profectionem
1653 1628 1762 1664 eam
1789 1611 2036 1676 incusari,
2117 1607 2174 1637 ‘³‘

1654 1703 1942 1755 Condidere
1982 1702 2034 1753 id
2053 1717 2101 1758 τε

202 1707 316 1783 Nilo
373 1706 774 1769 subvehebatur,
836 1719 982 1756 orsus
1038 1704 1224 1770 oppido
1274 1720 1302 1754 a
1354 1704 1576 1770 Canopo.

209 1798 441 1865 Spartani
481 1798 547 1848 ob
584 1796 830 1863 sepultum
866 1796 968 1846 illio
1003 1800 1256 1846 rectorem
1294 1795 1439 1846 navis
1465 1795 1739 1861 Canopum,
1777 1810 1873 1860 qua
1904 1797 2038 1846 vtem--

210 1893 404 1956 pestate
452 1887 710 1942 Menelaus
764 1886 1027 1939 Graeciam
1083 1891 1320 1953 repetens
1359 1885 1616 1940 diversum
1651 1885 1713 1937 ad
1756 1901 1895 1937 mare
1930 1889 2039 1936 ter-

327 2082 370 2127 4.
404 2084 582 2126 amictus
613 2082 666 2124 M.
730 2079 848 2124 Pube.
882 2081 1116 2138 Scipionis]
1146 2080 1382 2137 pscipionis
1415 2079 1467 2121 M.
1540 2079 1582 2122 5.
1617 2085 1719 2133 aput
1750 2077 1804 2120 M.
1868 2077 1908 2120 9.
1946 2077 2036 2119 ele-

212 2143 446 2185 oeandriam
478 2144 532 2186 M.
598 2141 683 2184 alio
717 2141 770 2184 M.
880 2142 946 2183 13.
981 2141 1205 2182 adversum
1237 2139 1367 2181 ductu
1400 2138 1605 2195 ambiguo
1638 2140 1752 2179 inter
1784 2151 1825 2178 m
1858 2143 1901 2179 et
1931 2152 1951 2179 s
1980 2138 2035 2179 M.

219 2203 286 2246 17.
319 2202 511 2259 qreciam
531 2200 583 2244 M.

214 2352 288 2396 vel
318 2352 544 2404 inlustres,
585 2351 801 2393 interdum
852 2350 980 2392 etiam
1013 2349 1087 2390 in..

214 2414 355 2467 signes
373 2410 583 2466 appellari
606 2412 750 2465 coepti
771 2416 895 2451 sunt:
928 2409 986 2450 lv
1013 2408 1085 2460 58,

218 2472 277 2514 vt
311 2470 392 2523 18,
433 2469 530 2512 XIII
570 2471 627 2514 25
669 2469 855 2524 (collato
888 2468 1086 2511 Suetonii

214 2531 388 2574 Nerone
410 2530 508 2587 26),
540 2529 619 2570 XV
653 2529 710 2574 28
743 2535 786 2571 et
804 2529 876 2580 35,
910 2526 1008 2568 XVI
1035 2527 1084 2568 17

217 2589 316 2645 (ubi
349 2591 506 2642 equites
538 2589 745 2641 Romani,
779 2588 985 2643 diynitate
1017 2600 1088 2627 se-

216 2649 426 2704 natoria).
485 2648 679 2704 Insiynes
730 2647 864 2689 habes
917 2647 1086 2701 equites

217 2706 275 2750 xl
330 2707 357 2749 5
399 2711 448 2748 et·
489 2709 574 2760 22,
623 2708 832 2763 primores
883 2706 934 2746 H.
983 2705 1002 2746 l
1043 2704 1086 2756 4,

217 2765 458 2823 splendidos
489 2765 603 2821 apud
619 2766 729 2807 Plin.
762 2765 843 2820 Ep.
874 2762 931 2805 VI
967 2765 1019 2806 15
1045 2769 1088 2805 et

219 2826 289 2870 25.
352 2824 556 2879 Equitum
591 2838 729 2880 genus
764 2825 1011 2879 vulgatium
1046 2828 1088 2863 et

218 2883 452 2926 illustrium
504 2883 733 2939 distinguit
780 2884 864 2925 Dio
908 2882 981 2923 LV
1035 2884 1086 2950 2ε

218 2937 310 2987 ὑπὸ
343 2947 436 2985 τῶν
469 2942 675 2994 irenem,
726 2959 774 2984 ru
771 2945 819 2986 ἵν
852 2953 898 2984 τε
928 2943 973 2987 ἐς
1006 2956 1053 2991 τι,
1064 2957 1088 2982 ν

226 3000 412 3046 Ιππάδα
458 2999 660 3059 ἀκριβῶς
714 3000 964 3045 τελούντων
1009 3004 1087 3042 καὶ

219 3077 316 3106 των
369 3062 418 3105 ἐκ
458 3066 541 3104 τοῦ
583 3061 880 3116 βουλευτικοῦ
920 3061 1089 3117 γένους

221 3119 386 3164 ὄντων.
422 3118 706 3174 Disputarunt
724 3119 777 3161 de
791 3119 876 3161 hoc
895 3119 1086 3173 equitum

222 3177 470 3278 gifcrimine
490 3178 661 3233 Lipsius
682 3178 733 3220 ad
744 3178 801 3220 XI
817 3176 861 3231 4,
893 3176 1087 3230 Ryckius

308 3295 491 3350 seposuit
532 3294 799 3351 Aegyptum:
846 3294 888 3337 h.
935 3309 973 3336 c.
1015 3295 1090 3335 liat

222 3352 440 3409 Aeqypeen
465 3353 755 3394 verselelossen
788 3355 882 3395 sive
914 3355 1088 3394 verein-

222 3419 344 3463 samt,
378 3410 547 3453 scilicet
580 3425 603 3452 a
635 3411 881 3466 frequentia
903 3419 946 3452 et
971 3412 1087 3452 aditu

222 3469 445 3513 hominum
511 3472 768 3523 potentium.
859 3470 1087 3524 Perperam

224 3530 414 3585 explicat
468 3528 656 3571 Orellius
697 3529 844 3568 ‘totam
899 3530 1090 3584 Aegypti

223 3588 639 3632 administrationem
690 3587 770 3629 sibi
826 3585 1089 3639 reservavit'‚

225 3645 1087 3708 induotusfalsaexplicatioueverborum

1167 2349 1279 2390 domi
1307 2348 1496 2389 retinere
1531 2346 1582 2387 Η.
1615 2345 1634 2388 1
1671 2347 1738 2388 11.
1790 2345 1856 2386 De
1885 2343 2037 2386 eadem

1165 2422 1212 2449 re
1233 2407 1310 2448 XII
1343 2407 1414 2450 60.
1450 2407 1500 2447 Η.
1532 2405 1591 2447 ΙΙΙ
1625 2405 1653 2447 8
1687 2411 1730 2446 et
1761 2403 1833 2446 48.
1883 2403 2035 2446 Strabo

1165 2466 1284 2508 XVII
1327 2468 1347 2508 1
1396 2468 1450 2508 12
1499 2478 1541 2519 p.
1586 2465 1685 2507 797.
1746 2463 1828 2504 Dio
1872 2462 1923 2504 LI
1968 2464 2038 2506 17.

1165 2527 1276 2568 Hinc
1331 2524 1635 2578 explicandum
1691 2520 1864 2565 videtur
1923 2521 2039 2577 quod

1166 2586 1382 2628 dioecesis
1419 2585 1648 2640 Aegyptus
1688 2587 1785 2637 post
1819 2580 2041 2623 Constan-

1164 2647 1300 2686 tinum
1343 2645 1543 2699 Magnum
1577 2645 1847 2698 praefectum
1886 2641 2039 2697 Anqu-

1165 2704 1342 2757 statem,
1383 2716 1470 2744 non
1499 2702 1731 2754 vicarium,
1773 2706 1820 2741 ut
1863 2707 2037 2742 ceterae

1166 2765 1419 2814 dioeceses,
1461 2768 1504 2803 et
1543 2762 1735 2816 quinque
1782 2761 2036 2814 provinciae

1167 2825 1260 2864 eius
1323 2822 1541 2863 dioecesis
1598 2820 1851 2875 praesides,
1914 2825 2039 2860 sexta

1166 2888 1478 2932 correctorem,
1519 2892 1737 2934 nunquam
1771 2878 2040 2920 consularem

1165 2942 1434 2994 acciperent.
1471 2938 1714 2980 Vid.Notit.
1734 2937 1853 2994 dign.
1869 2937 2036 2981 Orient.

1166 3013 1259 3054 cap.
1299 3002 1336 3041 1.

1252 3117 1356 3171 Cap.
1392 3117 1464 3161 60.
1530 3131 1650 3157 orsus
1692 3114 1840 3171 oppido
1885 3128 1913 3154 a
1945 3112 2036 3154 Ca..

1164 3191 1307 3231 nopo:
1354 3175 1650 3217 cf.11010d0t..
1686 3175 1722 3215 ll
1758 3174 1828 3215 97.
1881 3171 2034 3215 Strabo

1164 3234 1281 3275 XVII
1305 3237 1324 3275 1
1351 3236 1427 3276 17:
1462 3234 1537 3276 Κιξ
1523 3240 1689 3306 :ruofloc
1725 3233 1865 3275 δέστὶ
1903 3229 2037 3278 πόλις

1166 3298 1213 3337 ἐν
1251 3297 1397 3336 εἴκοσι
1416 3298 1491 3334 καὶ
1516 3286 1682 3335 ἑκατὸν
1713 3291 1919 3338 σταδίοις
1942 3285 2034 3333 α’πό

1159 3352 1284 3401 ’Aige
1291 3369 1346 3395 αι
1353 3352 1510 3406 δυείας
1547 3365 1614 3393 πε
1609 3354 1657 3408 ζῇ
1694 3352 1873 3399 ἰοῦσιν,
1911 3349 2035 3392 ἐπώ-

1165 3427 1310 3469 γυιιος
1365 3410 1530 3462 Κανὺΐι
1524 3414 1596 3452 3ου
1652 3409 1730 3451 τοῦ
1791 3406 2034 3451 Μενελάου

1164 3450 1457 3525 κυβερνήτου,
1495 3467 1825 3515 ἀποθανόντος
1847 3465 1961 3508 αὐτό
1968 3472 2032 3509 ἳι.

1166 3528 1301 3570 Situm
1322 3532 1386 3568 est
1408 3527 1460 3567 ad
1475 3525 1738 3581 Canopicum
1759 3526 1844 3567 Nili
1859 3527 2035 3577 ostium,

1167 3587 1219 3629 de
1252 3599 1336 3643 quo
1369 3585 1614 3627 Herodotus
1655 3585 1692 3627 ΙΙ
1734 3586 1786 3628 15
1827 3590 1871 3626 et
1906 3585 2037 3627 1761

1170 3647 1253 3692 113
1285 3652 1328 3692 et
1359 3644 1456 3701 179,
1490 3644 1655 3690 Plinius
1689 3645 1725 3690 V
1769 3645 1817 3689 11
1853 3649 1895 3687 et
1929 3644 2001 3690 34.
