2280 4004
289 262 378 319 m

1039 260 1334 315 ANNAlen

1859 270 1901 317 ὰ.
1932 268 1978 317 fla
2009 264 2126 320 813:

287 418 338 468 et
371 429 525 468 scena
565 415 617 465 in
651 417 846 478 tempus
881 414 1070 463 structa
1106 410 1255 463 ludos
1297 409 1380 462 edi
1404 409 1614 475 solitos;
1650 410 1734 463 vel
1766 411 1811 464 si
1836 414 2120 471 vetustiora

284 509 502 574 repetaS,
541 506 756 557 stantem
791 502 1028 570 populum
1064 502 1395 569 spectavisse,
1434 516 1516 568 ne,
1557 504 1602 554 si
1641 504 1952 571 consideret,
1971 503 2123 560 thea-

283 603 364 649 tro
420 596 530 648 dies
582 596 719 646 totos
771 594 977 662 ignavia
1034 594 1369 646 continuaret.

1443 594 1856 661 Spectaculorum
1913 597 2117 664 quidem

283 687 555 753 antiquitas
591 691 908 751 servaretur,
949 686 1183 761 quotiens
1223 690 1429 752 praetor
1460 685 1665 753 ederet,
1713 686 1848 739 nulla
1883 688 2122 756 cuiquam

244 778 468 836 scivium
490 779 798 831 necessitate
824 776 1069 829 certandi.
1115 766 1365 828 ='Ceterum
1406 776 1622 830 abolitos
1659 777 1901 844 paulatim
1925 778 2117 846 patrios

281 885 453 923 mores
491 869 716 922 funditus
757 870 917 921 everti
955 883 1047 936 per
1077 869 1291 920 accitam
1323 868 1603 935 lasciviam,
1639 870 1866 938 ut'quod
1904 884 2116 939 usquam

283 961 538 1029 corrumpi
576 964 626 1014 et
663 975 990 1027 corrumpere
1026 964 1192 1027 queat,
1229 959 1283 1011 in
1317 959 1445 1012 urbe
1480 960 1699 1028 visatur,
1737 962 2117 1031 degeneretque

403 1111 441 1153 1.
475 1123 637 1153 scaena
670 1108 748 1153 Ma.

284 1168 412 1213 GMaz
447 1176 691 1212 correctum
725 1183 780 1212 ex
810 1169 863 1212 A.

266 1230 456 1286 JLipsius
480 1238 708 1287 praetores
741 1230 928 1274 ederent.
1021 1231 1063 1274 5.

281 1347 470 1401 Appian.
515 1345 566 1388 B.
613 1344 660 1389 G.
711 1345 730 1387 I
777 1346 848 1389 28.
919 1346 1160 1402 Augustin.

289 1406 386 1449 CiV.
412 1405 465 1448 D.
495 1403 515 1447 Ι
545 1406 618 1449 31.
684 1405 864 1448 Orosius
888 1405 949 1447 IV
982 1407 1053 1449 21.
1096 1405 1163 1447 Ex

291 1466 421 1507 novis
441 1464 730 1519 scriptoribus
751 1465 867 1507 hunc
890 1466 1162 1520 antiquitatis

284 1522 432 1567 locum
469 1523 707 1581 diligenter
727 1526 932 1566 tractavit
953 1524 1162 1567 Ritsche-

286 1584 374 1627 lius
416 1584 638 1640 Parergon
679 1584 979 1627 Plautinorum
1018 1584 1110 1628 vol.
1142 1584 1162 1626 Ι

289 1657 332 1699 p.
367 1645 618 1689 212-231.

408 1710 590 1745 stantem
632 1701 836 1759 populum
879 1704 1163 1759 spectavisse:

293 1763 379 1805 hoc
409 1764 542 1804 moris
574 1763 659 1805 fuit
688 1762 789 1804 inde
825 1762 877 1803 ab
911 1763 1035 1804 Livio
1067 1763 1163 1804 An-

292 1822 474 1864 dronico
512 1835 653 1877 usque
695 1821 749 1864 ad
793 1828 988 1864 extrema
1019 1821 1162 1863 Plauti

289 1888 489 1937 tempora
525 1882 691 1938 (570),
733 1894 882 1923 rursus
915 1881 967 1923 ab
1001 1895 1040 1924 a.
1075 1881 1162 1926 600

290 1954 431 1997 usque
452 1941 554 1985 609.
606 1941 732 1994 Hinc,
755 1947 803 1982 ut
830 1942 970 1995 perite
995 1942 1164 1982 monuit

289 2001 558 2043 Ritschelius
571 2000 746 2057 Parerg.
768 2001 785 2042 1
802 2001 939 2056 praef.
953 2014 994 2055 p.
1010 2000 1161 2054 XVIII,

291 2061 406 2116 apud
438 2060 697 2102 Ciceronem
730 2059 784 2102 de
815 2061 955 2102 Amic.
989 2059 1013 2104 7
1046 2060 1162 2102 Lae-

289 2119 398 2163 lius:
431 2121 502 2175 qui
521 2119 731 2162 clamores
751 2127 838 2161 tota
862 2133 997 2161 cavea
1024 2133 1163 2175 nuper

287 2181 336 2221 in
364 2180 541 2236 hospitis
575 2187 614 2221 et
636 2180 768 2221 amici
785 2180 869 2221 mei
897 2180 959 2222 M.
984 2179 1163 2221 Pacuvii

286 2252 401 2282 nova
430 2238 608 2295 fabula!
660 2253 753 2281 cum
795 2240 1027 2294 iqnorante
1059 2253 1161 2294 reye

285 2305 382 2341 uter
412 2305 519 2341 esset
541 2298 734 2352 Orestes,
760 2297 942 2354 Pylades
971 2299 1162 2340 Orestem

285 2372 330 2400 se
361 2373 451 2401 esse
473 2358 647 2411 diceret,
680 2365 726 2400 ut
752 2372 833 2414 pro
864 2357 940 2399 illo
972 2372 1161 2400 necare-

286 2425 376 2472 tur,
423 2418 592 2460 Orestes
640 2425 805 2470 autem,
852 2418 917 2459 ita
961 2425 1007 2460 ut
1039 2425 1157 2471 erat,

286 2477 477 2520 Orestem
500 2489 544 2520 se
568 2491 655 2519 esse
671 2485 987 2534 perseveraret.
1021 2479 1160 2520 Stan-

285 2544 346 2579 tes
377 2537 648 2594 plaudebant
676 2538 725 2578 in
755 2551 804 2578 re
831 2538 949 2591 ficta.

372 2610 451 2649 ne,
484 2598 524 2638 si
555 2596 821 2648 consideret,
875 2597 1042 2638 theatro
1071 2597 1160 2638 dies

285 2661 391 2696 totos
434 2657 613 2711 ignavia
651 2655 949 2697 continuaret:
997 2656 1069 2710 qui
1114 2657 1159 2696 in

286 2713 442 2757 codice
475 2715 514 2757 A
544 2714 803 2769 particulam
846 2727 901 2756 ne
952 2714 997 2755 iu
1042 2714 1159 2757 hunc

239 2794 241 2796 ·
284 2773 430 2815 locum
465 2774 674 2827 retraxit,
718 2773 905 2815 delatam
940 2779 1040 2815 ante
1073 2787 1158 2816 vo-

286 2833 488 2875 cabulum
514 2830 869 2890 spectaculorum,
902 2835 955 2886 is,
977 2839 1025 2874 ut
1050 2833 1157 2875 mihi

283 2892 473 2946 videtur,
509 2897 735 2949 antiquum
767 2893 923 2934 vitium
955 2893 1155 2935 sustulit:

282 2952 456 2994 scilicet
489 2952 531 2995 h.
567 2953 595 2995 l.
632 2966 683 2995 ea
727 2952 943 3006 particula
976 2959 1019 2994 et
1050 2966 1156 2994 sen-

279 3013 450 3054 tentiae
494 3017 538 3054 et
578 3018 826 3054 structurae
870 3019 1052 3067 perapta
1083 3013 1156 3053 in-

280 3072 500 3125 tervenit,
545 3072 677 3126 paulo
724 3077 824 3126 post
857 3071 971 3113 male
1015 3073 1156 3113 inter-

281 3130 442 3174 turbat.
535 3127 684 3185 Ipsum
733 3132 888 3172 vitium
940 3132 985 3172 in
1040 3127 1156 3173 hunc

281 3190 456 3231 modum
476 3195 625 3232 natum
653 3202 751 3233 esse
772 3190 987 3244 suspicor.
1044 3190 1151 3231 Cum

281 3251 326 3291 in
359 3249 488 3302 libro,
522 3249 637 3292 unde
672 3250 809 3291 nostri
845 3250 1035 3304 codices,
1066 3249 1152 3291 duo

281 3320 435 3351 versus
467 3310 528 3350 ita
559 3323 606 3351 se
641 3311 921 3364 exciperent:

280 3381 350 3421 ne,
383 3369 423 3410 si
454 3369 708 3422 consideret,
737 3369 1148 3410 theatro—contin.

282 3428 624 3484 spectaculorum
656 3429 821 3483 quidem
850 3429 1097 3484 antiquitas,

283 3487 427 3529 scriba
459 3494 660 3529 assuetus
692 3489 920 3529 iuncturae
954 3489 1150 3542 particu-

283 3545 422 3587 larum
462 3560 517 3587 ne
568 3571 624 3579 --
671 3548 836 3602 quidem
883 3560 938 3588 ex
992 3546 1149 3601 prioris

281 3616 436 3646 versus
458 3606 585 3647 initio
610 3612 846 3662 negantem
867 3605 1072 3648 voculam
1103 3606 1149 3646 in

282 3661 468 3710 alterum
500 3665 687 3711 demisit.
765 3666 834 3710 De
871 3678 921 3710 re
965 3664 1011 3709 id
1041 3664 1149 3709 mihi

851 1111 893 1153 2.
927 1109 1181 1168 spectavisse
1211 1110 1249 1152 si
1279 1134 1335 1142 -
1368 1110 1655 1154 continuaret.
1688 1123 1743 1153 ne
1774 1111 2116 1168 spectaculorum

967 1172 1010 1214 4.
1042 1175 1222 1226 praetor
1255 1169 1399 1211 ederet
1432 1169 1596 1212 editor:
1628 1168 1696 1212 Ma
1723 1177 1904 1228 praetor
1932 1172 2114 1227 sederet,

1099 1236 1314 1272 caeterum
1337 1227 1417 1272 Ma.

1244 1343 1435 1397 videtur,
1471 1343 1584 1386 hanc
1604 1343 1868 1386 sententiam
1899 1347 2114 1399 sumptam

1246 1416 1343 1446 esse
1378 1416 1432 1445 ex
1458 1409 1636 1445 senatus
1662 1401 1864 1445 consulto
1882 1402 2000 1446 facto
2031 1403 2114 1446 ad-

1243 1475 1397 1505 versus
1415 1461 1573 1504 theatri
1590 1464 1791 1517 perpetui
1809 1474 1918 1518 opus
1934 1468 2114 1506 auctore

1246 1523 1454 1578 Scipione
1486 1522 1644 1564 Nasica
1675 1535 1714 1565 a.
1748 1522 1851 1566 600.

1333 1582 1674 1638 spectaculorum
1695 1582 1862 1637 quidem
1879 1582 2116 1638 antiquitas

1244 1649 1506 1695 servaretur,
1541 1642 1732 1697 quotiens
1750 1648 1930 1698 praetor
1952 1642 2111 1697 ederet,

1245 1727 1301 1733 —-
1327 1702 1550 1744 certandi.-
1585 1707 1814 1757 postquam
1837 1703 1983 1744 severi
2003 1703 2111 1745 novi

1246 1762 1495 1803 certaminis
1522 1761 1690 1804 iudices
1709 1761 1978 1804 mentionem
2008 1774 2112 1805 sce-

1243 1834 1327 1863 nae
1368 1827 1607 1876 perpetuae
1648 1821 1852 1863 fecerunt
1898 1833 2039 1876 eaque
2085 1833 2113 1864 ι

1243 1879 1453 1935 Pompeio
1491 1880 1669 1922 inducta
1712 1892 1878 1922 morem
1918 1881 2110 1935 priscum

1245 1946 1289 1982 et
1319 1940 1547 1982 meliorem
1578 1945 1789 1982 mutatum
1837 1951 1934 1982 esse
1964 1940 2110 1996 signi-

1243 2000 1511 2053 ficaverunt,
1551 2000 1637 2040 iam
1681 2012 1706 2041 a
1736 1998 1835 2040 sede
1865 1998 2026 2042 theatri
2056 1997 2112 2041 ad

1244 2060 1340 2114 ipsa
1371 2059 1619 2116 spectacula
1647 2059 1834 2102 veniunt
1871 2070 1924 2100 ac
1953 2063 2114 2114 postu..

1243 2117 1334 2160 lant
1365 2125 1427 2172 ut,
1463 2130 1559 2161 cum
1591 2118 1762 2161 theatra
1791 2123 2006 2173 perpetua
2037 2130 2115 2161 es-

1242 2184 1341 2220 sent
1373 2192 1517 2234 neque
1542 2178 1639 2220 tolli
1670 2179 1756 2220 iam
1775 2183 1971 2232 possent,
2002 2176 2114 2220 illo..

1242 2250 1335 2279 rum
1386 2243 1506 2280 certe
1558 2238 1796 2293 antiquitas
1840 2242 2109 2292 servaretur,

1244 2311 1340 2339 cum
1373 2310 1397 2340 a
1428 2303 1633 2352 praetore
1669 2295 1872 2350 exemplo
1903 2303 1948 2343 et
1977 2298 2111 2340 insti·-

1244 2362 1337 2398 tuto
1375 2357 1464 2400 divi
1496 2358 1684 2414 Augusti
1719 2356 1975 2410 ederentur,
2018 2369 2110 2399 non

1245 2417 1303 2458 ad
1358 2430 1520 2459 morem
1576 2417 1735 2459 Graeci
1791 2416 2042 2459 certaminis
2083 2428 2112 2459 a

1245 2476 1432 2532 singulis
1466 2475 1636 2518 civibus
1660 2488 1738 2531 pro
1764 2488 1947 2519 munere
1978 2474 2111 2518 exbi-

1240 2536 1462 2579 berentur.
1512 2536 1713 2588 Quotiens
1739 2541 1922 2591 praetor
1951 2534 2110 2588 ederet,

1241 2619 1297 2628 --
1331 2595 1529 2637 certandi
1575 2595 1772 2637 breviter
1818 2594 1981 2636 dictum
2026 2605 2107 2649 pro

1240 2654 1365 2708 idque
1398 2661 1664 2706 eventurum,
1709 2653 1901 2708 quotiens
1929 2659 2111 2710 praetor

1242 2714 1399 2766 ederet,
1433 2713 1719 2756 ——certandi.
1784 2712 2007 2767 Scriptura
2036 2726 2109 2755 se-

1240 2772 1358 2814 deret
1386 2783 1464 2827 pro
1497 2772 1641 2814 ederet
1665 2771 1844 2814 emersit
1863 2771 1967 2815 inde
1990 2772 2109 2828 quod

1242 2832 1386 2874 scriba
1417 2832 1608 2874 litteram
1643 2831 1892 2874 sibilantem
1934 2844 1988 2874 ex
2020 2831 2108 2874 fine

1241 2893 1366 2934 vocis
1391 2893 1581 2947 quotiens
1597 2890 1710 2933 falso
1722 2891 1954 2946 repetitam
1970 2891 2108 2934 verbo

1240 2952 1383 2993 ederet
1414 2951 1642 3006 applicuit.
1709 2950 1840 2993 Certe
1871 2950 2020 2993 sedere
2049 2950 2106 2993 de

1238 3012 1495 3066 magistratu
1538 3023 1693 3052 munus
1737 3009 1978 3065 praebente
2017 3021 2107 3052 non

1240 3069 1415 3123 dicitur,
1450 3069 1575 3112 edere
1597 3076 1742 3112 autem
1766 3070 1811 3111 in
1837 3082 1892 3112 ea
1920 3081 1969 3112 re
2000 3081 2107 3125 pro-

1239 3130 1381 3184 prium
1415 3136 1496 3172 est.
1561 3129 1630 3173 Cf.
1662 3135 1810 3172 annot.
1853 3127 1908 3170 ad
1941 3127 1999 3170 XI
2033 3130 2103 3173 11.

1239 3189 1489 3231 Praetorem
1521 3189 1696 3242 dicunt,
1738 3200 1828 3231 non
1865 3194 2104 3244 praetores,

1238 3249 1341 3303 quia
1400 3248 1753 3303 spectaculorum
1816 3246 2105 3304 ludorumque>

1238 3321 1340 3349 cura
1381 3322 1419 3351 a.
1456 3309 1543 3351 732
1588 3308 1642 3349 ab
1680 3309 1881 3364 Augusto
1921 3306 2104 3349 deman..

1237 3367 1335 3408 data
1379 3373 1445 3409 est
1483 3367 1759 3422 praetoribus
1805 3379 1856 3408 ea
1896 3365 2102 3408 modora-

1236 3429 1372 3479 tione,
1406 3432 1453 3468 ut
1484 3428 1671 3481 pecunia
1688 3425 1867 3481 publica
1891 3425 2027 3467 adiuti
2058 3423 2103 3465 id

1236 3488 1382 3528 oneris
1407 3486 1619 3538 subirent,
1645 3497 1774 3527 nemo
1793 3490 1938 3526 tamen
1957 3493 2100 3524 annuo

1234 3547 1376 3600 spatio
1430 3545 1606 3599 saepius
1655 3557 1783 3600 quam
1838 3542 1906 3584 bis
1944 3553 2101 3584 munus

1236 3605 1400 3647 ederet.
1460 3604 1656 3661 Singulis
1676 3604 1811 3658 igitur
1833 3600 2099 3655 spectaculis
2143 3614 2150 3618 ’

1236 3677 1345 3710 unus
1375 3676 1549 3722 semper
1577 3676 1631 3706 cx
1661 3660 1936 3719 praetoribus
1966 3673 2100 3720 prae..
