2280 4004
154 308 262 368 {1203
297 311 365 356 14.
395 339 411 344 η

764 309 928 355 LIBER
956 308 990 353 1.
1053 307 1162 355 Cn*-
1187 308 1385 356 ‘10-12,

1918 314 1979 357 19.

123 484 126 486 v
155 457 248 510 bus
283 470 414 510 unus
449 461 611 509 metus
649 455 694 510 si
726 456 1025 524 intellegere
1054 455 1367 522 viderentur,
1403 456 1456 507 in
1493 460 1700 523 questus
1739 456 1980 510 lacrimas

155 555 274 602 vota
316 548 538 613 effundi3
578 548 642 600 ad
677 548 840 612 deOS,
874 548 938 599 ad
976 547 1198 614 effigiem
1231 547 1477 616 Augusti,
1521 547 1586 600 ad
1619 563 1787 616 genua
1821 549 1983 617 ipsius

156 655 333 692 manus
368 639 597 703 tendere,
638 654 748 689 cum
772 638 994 704 proferri
1029 638 1251 690 libellum
1286 638 1594 706 recitarique
1629 639 1790 692 iussit.
1844 641 1979 706 Opes

155 731 388 798 publicae
423 729 828 794 continebantur,
870 734 1106 795 quantum
1138 730 1323 781 civium
1349 731 1708 798 sociorumque
1732 731 1785 782 in
1808 732 1985 797 armis,

159 826 280 887 quot
329 819 549 884 classes,
604 834 766 886 regna
818 820 1143 886 provinciae,
1206 821 1390 873 tributa
1444 826 1528 873 aut
1575 822 1877 890 vectigalia,
1934 826 2023 878 ets

158 911 491 990 necessitates
509 927 589 982 >¹ac
631 910 950 978 largitiones.
1028 913 1170 973 Quae
1209 917 1389 965 cuncta
1424 928 1516 965 sua
1555 929 1704 966 manu
1754 894 2271 1000 perscri-l't

157 984 648 1070 pseraisAu‘gustus,
690 1002 1056 1069 addideratque
1094 1003 1360 1054 consilium
1399 1005 1675 1057 coercendi
1716 1005 1847 1058 intra
1877 992 2136 1057 ter-³*·'‘“j·‘'³'‘

75 1099 145 1148 12
161 1093 325 1144 minos
362 1092 582 1158 imperii,
622 1092 869 1143 incertum
907 1097 1042 1144 metu
1084 1109 1148 1144 an
1183 1108 1276 1159 per
1309 1094 1569 1146 invidiam.

160 1189 339 1237 senatu
401 1184 466 1236 ad
522 1183 718 1235 infimas
780 1184 1152 1236 obtestationes
1201 1186 1595 1251 procumbente,

1683 1095 1819 1147 Inter
1855 1083 1987 1162 quae

1672 1186 1799 1240 dixit
1852 1188 1986 1240 forte

160 1275 389 1328 Tiberius
426 1291 483 1327 se
520 1280 575 1326 ut
607 1290 712 1326 non
745 1276 837 1326 toti
875 1276 952 1327 rei
988 1275 1222 1342 publicae
1257 1291 1459 1342 parem,
1515 1277 1584 1329 ita
1639 1291 1986 1345 quaecumque
2004 1296 2051 1333 m

159 1381 278 1433 pars
315 1366 414 1418 sibi
449 1367 789 1432 mandaretur,
822 1367 931 1418 eius
966 1367 1170 1419 tutelam
1195 1372 1560 1434 suscepturum.

1634 1369 1754 1420 Tum
1776 1369 1987 1423 Asinius

165 1457 334 1510 Gallus
365 1455 666 1524 ‘interrogo‘
705 1457 891 1524 inquit,
926 1455 1165 1522 ‘Caesar,
1205 1473 1352 1524 quam
1399 1464 1593 1525 partem
1640 1459 1717 1511 rei
1754 1460 1989 1526 publicae

162 1549 393 1600 mandari
429 1549 519 1600 tibi
549 1547 710 1600 velis?

769 1549 1036 1601 Perculsus
1066 1550 1326 1616 inprovisa
1352 1551 1756 1618 interrogatione
1786 1552 1988 1618 paulum

163 1641 392 1692 reticuit:
446 1639 564 1692 dein
614 1639 828 1691 collecto
878 1641 1046 1691 auimo
1081 1641 1344 1707 respondit
1389 1656 1705 1709 nequaquam
1745 1643 1986 1695 decorum

163 1730 346 1797 pudori
381 1745 475 1783 suo
510 1730 686 1798 legere
724 1730 912 1796 aliquid
950 1736 1034 1782 aut
1068 1732 1262 1783 evitare
1299 1748 1364 1784 ex
1399 1747 1462 1784 eo
1490 1733 1571 1784 cui
1607 1734 1659 1783 in
1694 1734 1987 1786 universum
2005 1747 2056 1788 rs

164 1822 398 1874 excusari
438 1820 631 1872 mallet.

717 1823 931 1874 Rursum
971 1822 1142 1874 Gallus
1202 1824 1416 1884 (etenim
1465 1824 1605 1875 vultu
1652 1824 1989 1878 offensionem

167 1912 571 1978 coniectaverat)
601 1927 705 1964 non
741 1912 935 1965 idcirco
973 1914 1341 1982 interrogatum
1381 1916 1450 1967 ait
1484 1920 1537 1967 ut
1571 1915 1824 1969 divideret
1862 1931 1993 1983 quae

281 2074 324 2117 2.
387 2073 446 2114 ad
474 2072 592 2130 deos]
625 2073 754 2115 adeos
783 2074 839 2116 M.

167 2129 318 2187 aliquit
347 2131 402 2174 Μ.

167 2258 404 2314 respondet
430 2259 545 2316 quod
571 2263 780 2318 sequitur,
813 2263 861 2304 in
890 2264 1039 2305 incer-

169 2326 254 2361 tum
285 2325 325 2360 et
357 2320 614 2376 ambiguum,
652 2321 695 2363 h.
730 2335 769 2364 e.
803 2327 850 2362 ut
882 2321 1038 2364 fierent

170 2380 337 2420 incerta
360 2385 490 2435 atque
514 2380 732 2437 ambigua.
779 2380 826 2422 In
851 2394 899 2423 re
920 2382 1037 2424 conf,

169 2437 253 2479 Dio
285 2437 399 2480 LVII
434 2441 472 2481 1.

255 2495 469 2539 libellum.-
505 2505 571 2540 est
594 2498 672 2541 ille
698 2499 876 2542 libellus
909 2513 1038 2556 quem

171 2569 226 2597 ex
256 2556 394 2598 tribus
426 2557 724 2600 voluminibus
767 2562 896 2602 tertio
940 2560 1039 2601 loco

172 2622 478 2658 commemorat
510 2618 746 2660 Suetonius
777 2619 892 2676 Aug.
930 2619 1039 2662 101:

171 2674 221 2714 de
254 2675 387 2718 tribus
417 2676 697 2719 voluminibus
716 2692 801 2719 uno
833 2678 1041 2720 mandata

171 2733 222 2774 de
249 2735 402 2788 sunere
433 2749 508 2777 suo
530 2736 771 2793 complemus
793 2745 869 2791 est,
902 2738 1039 2779 altero

169 2791 353 2834 indicem
383 2808 529 2836 rerum
549 2810 578 2836 a
607 2811 651 2837 se
672 2803 901 2852 9estamm,
921 2810 1042 2851 quem

169 2849 295 2893 vellet
326 2853 462 2895 incidi
491 2855 539 2895 in
569 2856 716 2896 aeneis
748 2856 902 2898 tabulis
920 2870 1042 2910 ‘quae

171 2917 270 2952 ante
295 2911 559 2955 Mausoleum
581 2921 871 2956 statuerentur
892 2913 1041 2970 (huius

172 2968 328 3010 indicis
370 2984 528 3027 magna
570 2985 668 3026 pars
710 2973 836 3015 nobis
868 2980 1042 3016 servata

174 3033 240 3068 est
261 3030 305 3069 in
322 3037 604 3072 monumento
621 3032 897 3090 Ancyram),
916 3034 1040 3075 tertio

173 3086 431 3129 breviarium
460 3090 592 3145 ipsius
621 3092 804 3147 imperii,
841 3100 1043 3147 quantum

171 3145 348 3188 militum
359 3148 432 3189 sub
450 3149 583 3204 siquis
598 3151 748 3205 ubique
768 3159 886 3203 esset,
901 3166 1042 3206 quan-

174 3211 258 3246 tum
279 3208 490 3261 pecuniae
520 3209 567 3249 in
590 3211 765 3252 aerario
791 3217 830 3251 et
856 3212 971 3263 fiscis
1004 3218 1043 3252 et

173 3264 497 3318 vectigaliorum
524 3268 719 3310 residuis.
782 3268 899 3310 Idem
928 3271 1041 3311 scri-

175 3327 291 3375 ptum
306 3323 542 3365 Suetonius
553 3326 667 3382 Aug.
684 3328 741 3370 28
757 3329 1044 3368 rationarium

173 3382 355 3436 imperii,
391 3379 531 3439 Calig.
561 3383 613 3426 16
648 3387 838 3427 rationes
874 3387 1046 3442 imperii

176 3441 431 3482 nominavit.

264 3507 465 3554 quantum
495 3499 648 3540 civium
677 3501 968 3555 sociorumque
998 3503 1045 3543 in

179 3559 333 3599 armis:
358 3561 469 3601 cives
485 3564 584 3601 sunt
603 3559 765 3601 milites
787 3560 1043 3615 legionarii,

180 3617 286 3657 socii
324 3617 527 3661 cohortes
569 3618 820 3661 auxiliares.
916 3618 1042 3661 Conf.

181 3682 326 3719 annot.
345 3676 398 3720 ad
428 3677 447 3721 1
475 3678 504 3722 8
526 3683 568 3719 et
591 3676 662 3722 60.
783 3691 920 3735 reqna
935 3692 1045 3739 pro..

931 2075 973 2118 5.
1007 2075 1117 2129 quod
1145 2075 1200 2118 M.

476 2133 543 2175 17.
577 2131 740 2174 idcirco
772 2131 828 2186 M,
860 2145 948 2174 non
979 2134 1060 2176 icc.

1307 2077 1376 2121 10.
1417 2077 1560 2132 itaque
1601 2090 1774 2133 cumque
1803 2077 1859 2121 M.
1925 2077 1993 2121 15.

1120 2265 1303 2318 vinciae,
1323 2265 1482 2308 tributa
1505 2273 1579 2308 aut
1599 2265 1830 2323 vectiqalia
1844 2280 1858 2308 .·
1882 2265 1996 2308 duo-

1124 2324 1204 2365 bus
1237 2325 1485 2367 nominibus
1530 2332 1824 2368 connectente
1857 2327 1995 2383 parti-

1124 2383 1223 2425 cula
1246 2384 1478 2440 egentibus
1494 2385 1762 2440 respondent
1778 2386 1862 2427 duo
1883 2399 1995 2442 quae

1122 2443 1366 2496 particulae
1389 2444 1568 2486 vinculo
1585 2447 1693 2499 (aut)
1707 2447 1856 2487 iuncta
1878 2452 1993 2488 sunt.

1125 2501 1253 2544 Conf.
1298 2509 1445 2545 annot.
1488 2503 1541 2545 ad
1581 2503 1637 2545 XI
1669 2502 1716 2546 6.
1789 2502 1995 2546 Ceterum

1124 2561 1287 2613 tributa
1319 2567 1419 2604 sunt
1452 2575 1566 2618 quae
1600 2563 1801 2605 Germani
1834 2571 1997 2605 vocant

1125 2621 1283 2663 directe
1304 2622 1502 2675 Steuern,
1522 2622 1762 2679 vectigalia
1787 2634 1898 2678 quae
1924 2624 1997 2666 in-

1125 2680 1284 2722 directe
1316 2682 1411 2723 sive
1446 2681 1580 2723 Zolle.

1215 2770 1489 2810 necessitates
1509 2780 1563 2810 ac
1586 2768 1852 2824 larqitiones,
1887 2766 1930 2810 h,
1955 2783 1996 2811 e.

1125 2840 1237 2882 qnae
1268 2828 1522 2870 necessario
1548 2827 1805 2870 insumenda
1835 2829 1922 2869 sint
1954 2833 2000 2869 et

1123 2885 1366 2942 largienda.
1410 2885 1505 2928 XIII
1532 2887 1616 2931 50:
1647 2888 1829 2929 atracio
1863 2900 1998 2942 quae-

1123 2953 1260 2988 stuum
1282 2953 1322 2988 et
1339 2948 1571 2989 necessitas
1581 2948 1875 3002 erogationum
1886 2946 2000 2989 inter

1123 3019 1168 3047 se
1201 3013 1500 3062 congruerent.

1215 3090 1320 3146 Gap.
1351 3093 1420 3136 12.
1486 3105 1770 3146 quaecumque
1786 3106 1894 3149 pars
1917 3090 1999 3133 sibi

1123 3150 1430 3193 mandaretur:
1464 3151 1560 3204 ipse
1583 3157 1670 3192 tres
1694 3153 1757 3191 rei
1791 3151 1996 3205 publicae

1126 3215 1272 3262 partes
1305 3210 1612 3262 descripserat,
1646 3209 1797 3250 urbem
1832 3215 1874 3251 et
1907 3208 1996 3250 lta-

1126 3268 1254 3319 liam,
1299 3268 1541 3321 exercitus,
1584 3268 1863 3322 provincias:
1912 3268 1995 3309 Dio

1125 3325 1239 3366 LVII
1270 3328 1312 3370 2.
1438 3327 1791 3368 cui—excusari
1819 3326 1994 3367 mallet:

1127 3384 1202 3425 abs
1234 3397 1319 3439 quo
1342 3384 1524 3439 prolatis
1548 3384 1904 3426 excusationibus
1937 3384 1996 3427 li-

1126 3442 1268 3484 berari
1290 3443 1456 3484 mallet.
1520 3442 1731 3497 Ulpianus
1770 3450 1813 3486 et
1836 3443 1995 3487 Paulus

1129 3506 1172 3542 et
1205 3500 1397 3543 ablativo
1441 3507 1484 3543 et
1523 3502 1849 3557 praepositione
1881 3517 1910 3545 a
1942 3501 1996 3544 ad

1128 3559 1241 3601 idem
1274 3560 1606 3617 significandum
1638 3567 1841 3603 utun-tur:
1874 3574 1995 3603 more

1127 3618 1323 3661 'l‘acitino
1356 3632 1501 3676 nemo,
1534 3620 1650 3678 quod
1682 3623 1831 3676 sciam,
1865 3620 1994 3664 locu..

1127 3684 1197 3722 tus
1231 3685 1312 3724 est.

2097 974 2130 1002 αι’
2228 993 2239 1009 ,4
2256 968 2277 1011 f,-

2009 1046 2134 1102 OQOECQ‘!
2152 1078 2169 1096 ¹?
2214 1091 2218 1093 -
2240 1017 2258 1052 ‘⁹
