2280 4004
96 1525 165 1573 10

161 291 188 323 a
217 286 267 334 G.
308 288 381 333 49.
744 289 909 333 LIBER
939 288 1028 334 ΧΠ.
1091 288 1199 334 Gn.
1234 291 1394 334 7-10.
1939 287 1998 334 51

175 431 456 483 studi—orum
505 431 613 483 eius
634 466 649 495 ,-
709 435 862 497 utque
903 430 1108 482 Domitii
1145 430 1362 497 pueritia·
1409 430 1496 482 tali
1532 430 1778 497 magistro
1818 429 2000 483 adole-

180 527 379 587 sceret,
432 527 480 574 et
520 522 747 573 consiliis
783 522 1008 572 eiusdem
1046 521 1106 572 ad
1145 537 1285 587 spem
1325 521 1687 573 domin-ationis
1716 520 1995 587 uterentur,

180 613 296 678 quia
318 613 513 666 Seneca
551 613 680 663 fidus
715 613 767 662 in
793 613 1123 679 Agrippinam
1154 613 1396 664 memoria
1421 612 1654 664 beneficii
1691 618 1741 664 et
1770 614 2000 665 infensus

125 703 389 755 9Clandio
443 703 622 755 dolore
672 704 888 755 iniuriae
942 704 1260 755 credebatur.
1370 704 1607 755 Placitum
1658 705 1844 756 dehinc
1896 715 2000 756 non

176 794 306 846 ultra
342 795 586 858 cunctari,
624 795 716 845 sed
757 795 1075 861 designatum
1117 795 1375 846 consulem
1411 796 1693 847 Memmium
1726 796 2046 847 Pollionems

177 886 470 952 ingentibus
522 886 788 950 promissis
847 886 1090 936 inducunt
1150 888 1450 937 sententiam
1501 899 1829 954 expromere,
1905 900 2001 953 qua

179 980 412 1027 oraretur
447 975 685 1026 Claudius
724 976 1046 1042 despondere
1084 977 1344 1028 Octaviam
1381 978 1630 1041 Domiti03
1679 978 1813 1044 quod
1852 978 2010 1029 aetati-

176 1065 436 1130 utriusque
471 1080 573 1116 non
611 1065 881 1116 absurdum
923 1071 971 1116 et
1008 1066 1199 1117 maiora
1236 1067 1603 1132 patefacturum
1647 1073 1771 1119 erat.
1843 1068 2002 1118 Pollio

178 1155 311 1208 haud
350 1156 636 1222 disp-aribus
684 1156 855 1207 verbis
896 1172 956 1207 ac
995 1172 1156 1223 nuper
1191 1157 1421 1208 Vitellius
1461 1163 1660 1221 censet3
1711 1158 2006 1224 desponde-

178 1252 358 1313 turque
409 1247 652 1311 Octavia,
707 1262 768 1298 ac
829 1261 982 1312 super
1023 1247 1247 1313 priorem
1303 1247 1733 1299 necessitudinem
1786 1259 2075 1315 sponsusio

178 1337 276 1389 iam
315 1342 367 1389 et
389 1349 562 1405 ‘gener
597 1337 845 1388 Domitius
883 1338 1091 1403 aequari
1119 1338 1411 1389 Britannico
1449 1339 1629 1390 studiis
1664 1340 1860 1404 matriS,
1897 1344 2004 1391 arte

180 1442 354 1480 eorum
394 1428 507 1494 quis
543 1428 608 1478 ob
643 1432 930 1478 accusatam
959 1429 1280 1480 Messalinam
1321 1429 1444 1480 ultio
1477 1446 1540 1481 ex
1579 1430 1681 1481 filio
1718 1430 2002 1481 timebatur.

318 1519 414 1570 Per
462 1519 595 1571 idem
644 1524 838 1584 tempus
875 1519 1030 1586 legati
1069 1520 1362 1571 Parthorum
1416 1521 1479 1572 ad
1531 1521 1895 1587 expetendum,
1953 1526 2013 1571 ut<

178 1610 376 1674 rettuli,
413 1610 741 1662 Meherdaten
782 1610 923 1661 missi
962 1616 1191 1662 senatum
1226 1612 1610 1678 ingrediuntur,
1668 1612 2007 1678 mandataque

179 1701 231 1751 in
279 1692 422 1752 ‘hunc
484 1701 687 1751 modum
743 1702 1020 1767 incipiunt:
1086 1717 1188 1753 non
1245 1718 1300 1754 se
1361 1703 1585 1754 foederis
1645 1703 1857 1770 ignaros
1910 1711 2080 1756 necis·-

181 1791 470 1844 defectione
495 1807 522 1842 a
552 1791 740 1843 familia
764 1791 1126 1843 Arsacidarum
1151 1793 1345 1857 venire,
1374 1793 1463 1845 sed
1497 1793 1559 1844 ad
1584 1793 1735 1844 filium
1756 1793 2004 1858 VononiS,

297 1947 338 1988 2.
372 1952 595 1987 uterentur
627 1944 714 1987 Ma:
746 1953 938 1987 uteretur
973 1945 1006 1987 G
1039 1953 1082 1988 et
1115 1947 1225 2001 Spir.

182 2000 430 2048 CRV1864.
541 2006 609 2048 10.
642 2008 787 2061 super]
823 2020 842 2046 s
875 2019 970 2046 cum
1007 2005 1141 2047 cauda
1166 2005 1245 2047 Ma.

183 2064 276 2119 (qui
309 2077 387 2117 per
423 2066 600 2122 comp.).
750 2065 854 2105 uitio
887 2063 967 2106 Ma.

187 2122 255 2165 16.
288 2123 346 2164 ad
378 2123 543 2165 editor:
578 2130 616 2164 et
646 2122 802 2166 BGMa.

1364 1948 1405 1990 6.
1444 1948 1651 1989 inducunt
1685 1944 1809 1988 GMa:
1844 1946 2010 1988 inducit

1345 2009 1411 2050 12.
1447 2009 1537 2060 quis
1571 2006 1619 2047 ob
1646 2005 1703 2047 G:
1738 2003 1803 2047 Ma
1835 2007 1906 2059 qui
1935 2006 2013 2046 sub

1137 2065 1203 2107 14.
1238 2066 1367 2107 retuli
1398 2066 1477 2108 Ma.
1634 2066 1702 2108 15.
1735 2065 1896 2120 federis
1927 2063 2007 2108 Ma.

184 2244 299 2285 iram
325 2243 561 2285 caelestem
582 2244 696 2285 fama
714 2244 850 2286 ferret
871 2248 936 2300 (v.
958 2244 1050 2286 Liv.

185 2302 203 2344 1
244 2303 354 2358 31),
393 2305 523 2344 etiam
556 2304 720 2357 priscas
753 2304 910 2345 incesti
947 2316 1053 2358 pro-

187 2363 435 2403 curationes
467 2369 523 2403 ‘ex
557 2375 608 2403 eo
634 2369 829 2417 tempore
854 2376 1051 2404 manasse

185 2420 433 2473 credebant,
462 2427 504 2462 et
528 2420 735 2462 Claudius
777 2423 1049 2476 antiquarius

186 2480 503 2522 remotissimae
517 2483 672 2522 aetatis
685 2481 856 2534 piacula
869 2481 1058 2522 libenter

186 2538 412 2592 amplexus
425 2546 503 2581 est.
524 2538 698 2581 Deluco
711 2540 878 2581 Dianae
892 2540 1058 2582 Plinius

186 2597 302 2640 ΝΗ.
327 2598 425 2640 xv1
448 2598 502 2641 91
530 2598 651 2657 (44):
670 2606 730 2641 est
753 2601 799 2640 in
816 2600 1057 2641 suburbano

195 2657 422 2699 Tusculani
470 2659 569 2711 ayri
618 2658 751 2710 colle,
798 2660 869 2712 qui
917 2659 1058 2701 Corne

189 2716 459 2772 appellatur,
493 2716 612 2759 lucus
643 2718 820 2772 antiqua
850 2718 1058 2774 religione

190 2775 364 2816 Dianae
382 2783 580 2817 sacratus
599 2791 630 2817 a
648 2777 789 2827 Latio,
819 2776 930 2818 velut
965 2785 1058 2818 arte

192 2833 336 2875 tonsili
369 2848 489 2875 coma
516 2837 634 2890 [ayei
655 2836 856 2877 nemoris.
892 2837 1059 2877 Poenae

193 2892 282 2947 (dio
325 2894 504 2946 Bussen)
551 2901 651 2934 sunt
702 2897 795 2948 ipsa
846 2908 968 2936 sacra
1020 2901 1062 2936 et

195 2950 365 2992 hostiae
397 2951 449 2995 ad
473 2953 789 3005 procurandum
813 2953 1059 3010 prodigium

196 3010 351 3051 incesti
393 3009 550 3052 oblata.
617 3013 946 3054 Procurmiones
986 3015 1059 3054 in-

197 3069 300 3110 cesti
349 3068 400 3109 id*
439 3073 639 3125 temporis
691 3077 791 3112 sunt
844 3085 956 3126 quae
1007 3084 1059 3112 eo

196 3132 392 3181 tem-pore
441 3129 772 3183 usurpabantur.
837 3131 908 3172 Sic
950 3130 1062 3172 Sue-

196 3187 342 3226 tonius
373 3185 546 3228 Nerone
578 3188 635 3231 26
681 3190 792 3231 itlml
818 3189 952 3230 horae
985 3201 1062 3243 pro

196 3242 278 3286 illa
307 3244 440 3296 hora,
491 3245 568 3286 sed
603 3246 724 3288 Gan».
763 3249 817 3290 14
844 3247 952 3289 iltmt
985 3261 1063 3288 ae-

198 3303 298 3345 meis
329 3315 406 3357 pro
435 3302 551 3345 illius
583 3308 752 3347 aetatis.
811 3304 903 3348 Cic.
940 3307 1062 3348 Verr.

198 3362 275 3404 lib.
320 3361 359 3403 u
393 3375 430 3404 c.
463 3362 517 3404 37
552 3364 596 3413 δ.
637 3363 690 3405 91
738 3369 782 3405 et
813 3364 906 3407 Liv.
940 3365 978 3405 X
1010 3366 1067 3407 24

197 3421 243 3463 id
271 3421 428 3462 aetatis
458 3432 537 3474 pro
569 3422 658 3462 eius
689 3424 856 3474 actaeis,
889 3422 1064 3463 Tacitus

197 3479 244 3521 id
285 3480 483 3535 temporis
522 3481 644 3534 ponit
691 3493 766 3534 pro
801 3494 848 3522 eo
881 3489 1067 3536 tempore

199 3538 276 3581 ΧΗ
323 3541 400 3591 12,
450 3538 546 3579 xm
591 3539 642 3581 18
684 3546 727 3581 et
762 3542 843 3592 20,
891 3540 989 3582 XlV
1021 3542 1062 3592 2,

200 3596 300 3638 xv!
335 3598 401 3649 15«,
437 3598 550 3639 idem
587 3599 622 3639 V
643 3599 670 3641 9
700 3600 745 3640 id
775 3600 929 3641 aetatis
963 3611 1064 3641 cor-

198 3667 318 3716 pom
339 3668 416 3714 pro
452 3658 542 3702 eim
573 3659 727 3703 aetatis
757 3673 794 3703 c.

1228 2244 1398 2285 veniam
1431 2243 1580 2285 exilii.-
1620 2243 1868 2300 ‘relegatus
1896 2244 2011 2285 enim

1142 2305 1311 2346 Seneca
1354 2309 1451 2357 post
1496 2309 1770 2358 quaesturam
1820 2302 1952 2360 (794)
1988 2315 2014 2344 a

1143 2362 1325 2405 Claudio
1359 2364 1402 2403 in
1444 2360 1664 2403 Corsicam
1697 2362 1909 2415 insulam,
1957 2361 2015 2403 ob

1142 2422 1439 2476 suspicionem
1485 2421 1686 2463 adulterii
1745 2435 1841 2462 cum
1902 2420 2013 2462 lulia

1144 2481 1388 2522 Germanici
1448 2480 1566 2532 fitia,
1631 2482 1798 2522 Vinicii>
1859 2492 2011 2520 uxore.

1145 2539 1278 2581 Cuius
1324 2540 1516 2580 criminis
1560 2552 1690 2581 scena
1724 2553 1748 2580 a
1780 2539 2016 2581 Messalina·

1145 2600 1227 2640 fuit
1258 2624 1314 2631 --
1346 2612 1478 2640 scena
1511 2598 1642 2652 di‘c03
1686 2610 1774 2639 non
1817 2600 1932 2639 enim
1965 2610 2014 2638 re

1144 2660 1240 2712 ipsa·
1283 2659 1450 2712 expetit
1491 2659 1534 2698 in
1574 2664 1617 2699 te
1650 2658 1760 2699 haec
1802 2657 1954 2712 culpa,
1988 2669 2013 2695 ο

1145 2717 1328 2760 Romani
1359 2718 1547 2758 nominis
1581 2724 1624 2759 et
1649 2717 1893 2770 sapientiae
1919 2728 2014 2756 ma-

1146 2789 1232 2832 gne
1264 2776 1359 2817 sol.'
1422 2777 1614 2819 LtPStUS.
1680 2776 1730 2817 V.
1766 2775 1850 2816 Dio
1874 2775 1944 2816 LX
1969 2775 2012 2816 8.

1147 2835 1355 2877 Octaviae
1397 2848 1439 2876 v.
1484 2834 1737 2878 381-384
1779 2840 1822 2876 et
1864 2839 2012 2875 annot.

1146 2894 1198 2936 ad
1234 2893 1327 2935 MV
1359 2894 1430 2937 63.

1234 2951 1339 3006 Cap.
1388 2954 1430 2996 9.
1495 2952 1759 3008 desiqnatum
1802 2951 2018 2993 consulem

1148 3012 1391 3054 Memmium
1449 3011 1714 3052 Pollionem.-
1768 3011 1908 3051 Pollio
1971 3011 2014 3050 in

1146 3071 1342 3112 suffectis
1368 3071 1495 3111 huius
1514 3072 1615 3111 anni
1636 3069 1889 3110 consulibus
1915 3069 2013 3118 fuit,

1146 3142 1291 3184 neque
1320 3129 1365 3168 in
1399 3128 1628 3169 ordinariis
1653 3127 2014 3181 subsequentium

1148 3199 1358 3228 annorum
1390 3192 1667 3227 memoratur.

1255 3244 1358 3298 Cap.
1407 3245 1474 3287 10.
1534 3258 1615 3300 per
1667 3244 1778 3284 idem
1831 3250 2015 3298 tempus:

1149 3305 1440 3345 narrationem
1487 3316 1627 3344 rerum
1663 3303 1854 3344 Orientis
1887 3312 2016 3354 snpra

1151 3362 1231 3417 (xl
1252 3362 1423 3417 8—10)
1455 3361 1701 3402 inchoatam
1726 3367 1769 3401 et
1792 3360 2015 3414 abruptam

1151 3424 1234 3462 iam
1292 3427 1533 3473 temporum
1591 3420 1786 3461 ordinem
1839 3425 2019 3461 secu-tus

1153 3481 1317 3532 excipit
1349 3478 1642 3533 absolvitque.

1238 3538 1312 3579 scd
1353 3537 1411 3578 ad
1446 3537 1612 3591 filium.-
1651 3538 1695 3578 in
1737 3538 1951 3591 scriptura
1993 3548 2023 3577 a‘

1150 3596 1375 3639 codicibus
1427 3596 1625 3638 exhibita
1676 3596 1750 3638 sed
1798 3603 1838 3637 et
1885 3595 2021 3650 priori

1149 3655 1336 3701 voculae
1366 3662 1429 3702 set
1460 3655 1735 3715 subsequens
1764 3655 1822 3699 ad
1853 3656 1917 3699 ita
1946 3656 2023 3699 as-
