2280 4004
223 261 290 315 ,24
806 307 810 311 .
954 308 959 310 ,
1020 253 1313 306 ANNALIVM
1800 264 1920 306 80'111·
1936 258 2054 308 ‚80st

219 453 223 457 ,
372 402 571 453 Interea
610 398 817 460 Romae,
857 395 1008 447 nullis
1044 395 1208 462 palam
1248 409 1414 461 neque
1452 395 1672 464 cognitis
1709 411 1830 451 mox
1866 395 2141 464 canusiam

233 493 435 546 Gnaeus
470 489 662 542 Nonius
713 502 870 554 eques
907 488 1163 540 Romanus
1219 486 1355 540 ferro
1407 487 1666 540 accinctus
1716 488 1970 555 reperitur
2002 488 2067 545 iu

233 589 383 636 coetu
421 581 722 632 salutantum
770 578 1066 645 principem.
1138 579 1264 631 Nam
1305 584 1570 646 postquam
1623 580 1886 633 tormentis
1925 579 2059 633 dila-
2120 629 2126 633 ,

230 673 495 735 niabatur‚
538 670 602 722 de
637 685 694 722 se
734 684 837 721 non
879 668 1116 726 infitiatus
1161 669 1400 724 conscios
1436 686 1539 725 non
1578 670 1764 736 edidit,
1810 670 2056 727 incertum

193 778 217 814 5
234 778 298 816 au
334 762 613 815 occultans.

371 854 536 906 Isdem
592 853 884 906 consulibus
919 853 1120 906 Publius
1158 852 1420 906 Dolabella
1475 853 1671 906 censuit
1716 853 2059 920 spectaculum

229 945 570 1014 gladiatorum
607 961 699 1012 per
752 961 928 997 omnes
987 961 1148 998 annos
1208 945 1567 998 celebrandum
1619 946 1834 1013 pecunia
1883 961 2059 999 eorum

230 1037 316 1104 qui
372 1042 694 1103 quaesturam
746 1037 1164 1104 adipiscerentur.

350 1189 392 1231 2.
429 1187 477 1231 G.
506 1188 560 1230 N.
596 1186 676 1230 Ma.

231 1255 302 1290 tur
334 1247 413 1290 Ma.
504 1250 547 1291 3.
582 1254 706 1290 caetu
737 1245 816 1290 Illa.

830 1188 1014 1230 Romau’
1048 1187 1237 1244 (duabus
1270 1188 1427 1231 litteris
1460 1188 1617 1246 erasis)
1652 1187 1732 1231 Ma.

938 1246 1200 1290 salutantum
1230 1247 1320 1301 Ma,
1363 1261 1449 1290 non
1481 1247 1772 1290 salutantium.

1266 1037 1413 1104 Apud
1470 1038 1689 1089 maiores
1753 1037 1951 1090 virtutis
2006 1036 2059 1090 id

1862 1189 2060 1246 repperi-

1877 1250 1921 1292 4,
1954 1249 2061 1290 noni

233 1308 415 1363 (lacuna
447 1306 657 1349 tredecim
691 1307 956 1364 litterarum)
992 1308 1185 1349 conscios
1206 1306 1294 1350 Ma:
1328 1308 1678 1364 supplementum
1712 1321 1738 1350 a
1766 1306 1852 1350 lac.
1887 1306 2059 1350 Grono-

230 1368 320 1408 vio.
353 1367 392 1408 A
424 1368 656 1421 confessus.

227 1426 273 1470 8.
303 1432 433 1483 quest.
467 1424 547 1468 Ma.

324 1564 429 1620 Cap.
465 1567 536 1610 22.
598 1565 729 1607 isdem
762 1565 1030 1607 consulibus.-
1062 1580 1105 1609 v.

233 1624 287 1667 ad
317 1625 332 1666 t
368 1626 439 1668 53.

163 1736 164 1739 Ἴ
324 1685 512 1727 censuit:
546 1685 641 1727 eius
674 1686 936 1727 sententiam
968 1699 993 1726 a
1025 1698 1107 1739 pa-

232 1744 372 1786 tribus
416 1750 641 1798 acceptam
693 1757 790 1787 esse
834 1751 876 1786 et
929 1751 1106 1786 senatus

231 1804 411 1846 decreto
453 1806 663 1846 sancitam
705 1811 790 1845 tam
826 1818 880 1845 ex
923 1803 1106 1846 huiusce

234 1865 390 1917 capitis
423 1863 509 1904 fine
529 1876 654 1918 quam
675 1878 728 1906 ex
753 1864 951 1906 Suetonii
972 1862 1106 1904 Clau-

234 1922 306 1963 dio
339 1924 398 1968 24
432 1929 575 1978 patet:
619 1923 797 1979 colleyio
839 1929 1108 1977 quaestorum

228 1996 310 2039 pro
353 1989 548 2024 stratura
592 1983 762 2024 viarum
803 1982 1110 2038 gladiatorium

229 2055 385 2083 mureus
415 2042 619 2085 iniunxit.
682 2042 866 2083 Mutavit
887 2041 1002 2083 Nero
1027 2041 1106 2083 sub

232 2102 498 2155 principium
549 2101 746 2155 imperii3
803 2100 898 2142 XIII
949 2101 1001 2142 5:
1053 2115 1107 2142 ne

233 2161 466 2216 designatis
498 2161 791 2215 quaestoribus
824 2159 977 2203 edendi
1007 2159 1107 2215 yla-

234 2220 424 2262 diatores
464 2220 698 2262 necessitas
749 2227 868 2262 esset.
935 2217 1107 2261 Claudii

233 2279 458 2321 decretum
519 2280 747 2321 revocavit
803 2279 1106 2331 Domitianus3

233 2339 413 2381 Sueton.
452 2339 579 2381 Dom.
619 2339 672 2381 4:
727 2339 979 2393 quaestoriis
1011 2353 1107 2379 utu-

231 2399 429 2451 neribus,
484 2412 592 2453 quae
632 2399 733 2440 olim
781 2399 936 2439 omissa
978 2411 1107 2439 revo-

232 2465 433 2511 caverat,
466 2458 531 2499 ita
561 2472 727 2515 semper
758 2458 978 2513 interfuit,
1021 2463 1105 2499 cet.

232 2516 300 2558 Cf.
335 2517 606 2571 Lampridius
642 2519 685 2559 in
725 2516 976 2559 Alexandro
1022 2518 1106 2559 43:

232 2583 478 2630 quaestores
514 2576 769 2618 candidatos
804 2576 871 2630 (b.
899 2590 937 2617 e.
966 2588 1106 2630 quae-

231 2640 371 2676 stores
421 2633 645 2691 Caesaris)
697 2649 750 2675 ex
796 2649 876 2675 sua
919 2635 1108 2690 pecunia

231 2695 354 2735 iussit
385 2707 568 2735 uulnera
595 2694 752 2750 populo
787 2693 914 2745 clare,
958 2693 1032 2733 scd
1061 2700 1106 2734 ut

226 2760 324 2809 post
347 2761 619 2808 quaesturam
647 2759 898 2809 praeturam
930 2753 1106 2808 accipe-

230 2820 343 2855 rent.
409 2810 612 2854 Ceterum
648 2815 717 2867 qui
739 2826 775 2866 q.
807 2812 1106 2868 adipisceren-

231 2879 301 2913 tur
351 2884 438 2911 non
494 2878 588 2924 est,
643 2878 690 2911 ut
742 2871 848 2912 dicit
900 2870 1104 2923 Orellius,

232 2931 416 2986 adipisci
443 2930 614 2982 vellent,
648 2931 725 2972 sed
748 2944 801 2971 ex
834 2931 1105 2986 cogitatione

233 2990 454 3031 censentis
515 2991 704 3045 positum
757 2995 843 3043 cst,
910 2990 976 3030 die
1029 3003 1106 3030 z-ur

232 3050 421 3102 Quastur
450 3049 694 3106 9elan91en.

319 3108 394 3150 sed
425 3116 671 3163 quaestores
706 3133 761 3140 --
794 3108 977 3150 instituti
1009 3114 1105 3149 sunt

231 3168 357 3225 (aber
385 3169 626 3220 Qua'storen
653 3194 707 3200 -—
728 3181 816 3209 non
844 3167 930 3209 ‘die
956 3167 1103 3219 Quae-

231 3225 392 3268 storen‘
441 3254 497 3260 —-
538 3228 636 3270 sind
680 3226 814 3268 sehon
863 3234 989 3269 unter
1029 3227 1105 3268 cler

231 3287 478 3342 Reyierunq
522 3289 599 3329 cler
639 3287 806 3343 Koniye
839 3286 1105 3342 anqeordnet

230 3346 453 3400 vom-den).-
488 3354 742 3402 quaestores
773 3347 907 3387 variis
930 3352 1102 3400 tempo-

231 3405 349 3445 ribus
385 3407 502 3447 varia
537 3407 699 3448 Romae
740 3406 919 3461 negotia
962 3406 1097 3446 susti-

230 3470 431 3505 nuerunt.
494 3466 675 3507 Scilicet
726 3464 903 3520 regibus
955 3467 1097 3519 impe-

230 3522 427 3564 rantibus
463 3531 506 3566 et
538 3526 686 3578 primis
716 3524 882 3566 liberae
907 3525 1097 3566 civitatis

231 3583 355 3622 antiis
403 3596 540 3638 usque
583 3583 638 3624 ad
678 3584 763 3628 307
798 3597 835 3625 a.
871 3597 915 3626 u,
959 3598 1097 3639 quae-

231 3645 369 3682 stores
403 3655 426 3683 a
461 3642 769 3698 conquirendis
788 3643 977 3699 publicis
1003 3650 1097 3686 ma-

807 1366 849 1409 6.
902 1381 973 1408 cos
1006 1380 1102 1409 cum
1139 1367 1217 1409 lin.
1257 1365 1335 1410 Ma.
1487 1367 1533 1409 P.
1568 1365 1647 1409 Ma.

675 1425 821 1468 malim
857 1427 1180 1482 apiscerentur3
1212 1439 1255 1469 v.
1291 1426 1343 1468 ad
1380 1428 1434 1470 12
1464 1427 1538 1471 30.

1800 1367 1947 1409 censui
1977 1365 2057 1410 Ma.

1657 1426 1721 1483 id]
1755 1426 1810 1468 sit
1840 1424 1922 1468 Ma.

1190 1565 1348 1609 leficiis
1369 1566 1578 1622 appellati
1600 1572 1714 1617 sunt,
1738 1568 1811 1623 qui
1829 1567 2063 1623 parricidii

1191 1633 1435 1680 quaestores
1470 1627 1747 1668 nominantur
1777 1639 1802 1668 a
1820 1626 2061 1683 Pomponio

1191 1685 1221 1727 l.
1256 1688 1283 1728 2
1315 1688 1360 1738 §.
1404 1687 1461 1730 23
1505 1685 1606 1742 Dig.
1656 1686 1706 1727 de
1749 1688 1917 1742 oriqine
1953 1687 2062 1731 iuris

1194 1744 1343 1802 (12);
1379 1746 1436 1787 cf.
1469 1744 1589 1786 Pauli
1622 1744 1829 1800 Excerpt.
1862 1746 2059 1791 exFesto

1190 1818 1224 1846 s.
1256 1817 1298 1847 v,
1333 1779 1569 1846 'Parricidii
1594 1811 1839 1859 quaestores
1863 1804 2059 1861 appellass

1190 1864 1346 1905 bantur
1388 1865 1459 1919 qui
1503 1864 1696 1906 solebant
1739 1867 1884 1908 creari
1927 1879 2063 1910 causa

1190 1937 1334 1964 rerum
1388 1924 1638 1980 capitalium
1687 1924 2058 1978 quaerendarum.

1188 1982 1413 2023 Eiusmodi
1459 1989 1714 2038 quaestores
1747 1996 1772 2024 a
1803 1982 1926 2026 Tullo
1967 1983 2060 2026 Ho-

1189 2042 1309 2083 stilio
1344 2041 1540 2083 delectos
1573 2040 1722 2084 Livius
1756 2042 1870 2095 126,
1901 2055 2063 2085 recen..

1190 2102 1302 2143 tiore
1354 2106 1402 2142 ut
1449 2101 1625 2142 videtur
1671 2101 1889 2144 vocabulo
1941 2115 2060 2156 usus,

1190 2160 1441 2216 designavit
1473 2161 1715 2203 duumviros
1756 2162 1828 2215 qui
1856 2162 2063 2218 perduel-

1190 2220 1346 2261 lienem
1377 2220 1581 2262 iudicent.
1646 2218 1961 2275 Cf.U1pian.l.
1987 2234 2061 2264 uu.

1189 2279 1291 2335 Dig.
1327 2279 1376 2320 (le
1419 2281 1560 2334 officio
1594 2281 1831 2334 quaestoris
1865 2280 1913 2336 (1
1950 2282 2060 2338 13):

1188 2339 1263 2380 sed
1293 2339 1420 2380 sicuti
1462 2338 1632 2380 dubium
1676 2347 1737 2380 est
1779 2353 1838 2381 an
1879 2339 2061 2382 Romulo

1191 2405 1229 2439 et
1248 2398 1389 2439 Numa
1420 2398 1698 2453 reynantibus
1735 2406 1933 2453 quaestor
1961 2402 2062 2456 fue-
2118 2408 2124 2412 '

1189 2458 1260 2509 rit,
1275 2458 1338 2498 ita
1355 2456 1469 2498 Tullo
1488 2458 1666 2499 Hostilio
1692 2472 1792 2514 reqe
1818 2466 2063 2514 quaestores

1188 2517 1320 2571 fuisse
1364 2524 1524 2558 certum
1568 2524 1641 2558 est.
1706 2518 1824 2559 Sane
1866 2518 2063 2560 crebrior

1189 2575 1304 2630 apud
1355 2583 1516 2617 veteres
1571 2576 1714 2631 opinio
1779 2584 1839 2618 est
1902 2576 2063 2619 Tullum

1189 2634 1415 2675 Hostilium
1444 2635 1631 2691 primum
1660 2637 1707 2676 in
1735 2650 1824 2677 rem
1846 2635 2062 2691 publicam

1188 2693 1408 2734 induxisse
1470 2701 1729 2747 quaestores.
1802 2694 1869 2737 De
1931 2694 2061 2736 huius

1190 2753 1365 2808 generis
1400 2753 1705 2807 quaestoribus
1728 2753 1878 2796 Livius
1911 2753 2060 2810 quui-

1188 2817 1257 2852 tur
1290 2811 1327 2853 Il
1349 2814 1403 2854 41
1432 2813 1475 2853 in
1496 2813 1625 2853 rebus
1649 2814 1749 2854 anni
1777 2813 1880 2866 268,
1902 2814 2060 2855 iterum

1187 2870 1242 2911 III
1274 2872 1332 2914 24
1365 2876 1407 2912 et
1444 2872 1500 2914 25
1534 2873 1577 2913 ἰιι
1610 2871 1739 2913 rebus
1770 2885 1883 2914 anuo
1902 2873 1988 2917 295
2017 2879 2062 2914 et

1188 2930 1274 2973 296
1308 2932 1445 2985 gestis
1495 2937 1537 2972 et
1587 2930 1666 2972 hos
1709 2931 1780 2973 lex
1820 2932 1992 2974 curiata
2032 2945 2062 2973 a

1190 2990 1320 3030 Bruto
1363 2991 1548 3045 repetita
1589 2992 1809 3045 respexit,
1855 2989 1900 3032 id
1943 2990 2060 3046 quod
2111 3007 2116 3012 ·

1188 3054 1308 3089 recte
1340 3050 1450 3090 vidit
1482 3049 1747 3090 Niebuhr-ius
1789 3049 1897 3092 Hist.
1932 3050 2056 3092 Rom.

1187 3113 1216 3149 t.
1253 3107 1267 3148 l
1304 3120 1343 3160 p.
1375 3108 1462 3151 583
1497 3108 1564 3149 ed.
1599 3110 1641 3160 3,
1675 3121 1931 3164 quamquam
1954 3121 2060 3163 pro-

1187 3166 1404 3208 babilibus
1445 3167 1673 3222 admodum
1715 3169 1883 3209 incerta
1916 3167 2058 3210 admi-

1187 3238 1329 3267 sccnS.
1394 3225 1478 3268 Sed
1531 3225 1583 3267 ab
1634 3239 1747 3268 auno
1800 3227 1918 3280 307,
1971 3239 2057 3284 quo

1186 3287 1369 3339 primum
1396 3298 1420 3326 a
1442 3285 1604 3340 populo
1639 3293 1896 3342 quaestores
1931 3299 2058 3328 crea-

1186 3350 1254 3385 tos
1287 3357 1384 3386 esse
1417 3344 1588 3387 Tacitus
1620 3345 1750 3398 paulo
1781 3351 1879 3400 post
1911 3344 2054 3394 tradit,

1188 3404 1252 3445 illi
1291 3417 1432 3445 rerum
1469 3404 1718 3460 capitalium
1754 3405 1920 3445 iudices
1944 3402 2056 3457 apud

1187 3464 1405 3505 neminem
1441 3477 1494 3504 ex
1515 3464 1739 3506 veteribus
1772 3461 2056 3516 scriptoribus

1187 3530 1431 3578 quaestores
1486 3527 1568 3565 iam
1618 3522 1914 3577 appellantur,
1978 3519 2054 3561 sed

1188 3583 1399 3624 duumviri
1445 3583 1516 3637 qui
1561 3583 1610 3623 cle
1645 3580 1938 3638 perduellione
1970 3593 2054 3620 an-

1187 3644 1433 3700 quirerent:
1468 3655 1509 3685 v.
1544 3641 1636 3685 Liv.
1676 3639 1730 3682 Vl
1761 3642 1832 3684 20.
1898 3638 2054 3683 Cicero
