2280 4004
228 245 318 312 4¹85*
1009 244 1301 291 ANNAuvu
1805 260 1846 291 a.
1865 257 1922 290 νιι.
1954 246 2056 299 773·

230 391 389 455 missu
432 393 593 460 ⁴patris
642 394 902 461 Apronius
950 392 1227 445 Caesianus
1288 405 1399 443 cum
1459 388 1627 457 equite
1677 394 1727 442 et
1763 390 2057 446 cohortibus

231 485 540 552 auxiliariis,
589 486 700 552 quis
734 485 1092 538 velocissimos
1131 484 1390 552 legionum
1433 482 1730 548 addiderat,
1764 497 2058 549 prosperam

231 578 501 630 adversum
538 578 779 649 Numidas
814 593 1034 646 pugnam
1067 576 1189 629 facit
1222 576 1460 643 pellitque
1498 575 1551 626 in
1590 574 1810 627 deserta.

370 670 438 720 At
469 671 659 721 Romae
695 669 916 736 Lepida,
979 669 1060 720 cui
1101 670 1261 735 'super
1297 667 1629 720 Aemiliorum
1677 666 1835 718 decus
1874 664 2143 719 Lucius22

192 759 366 812 5Sulla
405 766 454 812 et
497 760 698 812 Gnaeus
735 761 1002 828 Pompeius
1036 759 1215 827 proavi
1252 764 1424 824 erant,
1480 758 1707 810 defertur
1741 757 2061 809 simulavisse

230 856 427 920 partum
481 868 545 903 ex
579 851 752 902 Publio
793 852 1005 914 Quirino
1066 851 1221 904 divite
1272 850 1619 918 atque'orbO.
1694 849 2106 912 Adiciebantur*

231 941 508 1008 adulteria,
562 958 786 1007 venena,
858 944 1240 1011 quaesitumque
1283 960 1375 1010 per
1414 942 1698 995 Chaldaeos
1754 943 1807 992 in
1861 940 2063 992 domum

233 1035 485 1100 CaesariS,
517 1036 825 1088 defendente
855 1052 995 1089 ream
1020 1036 1189 1088 Manio
1222 1035 1412 1102 Lepido
1447 1035 1618 1087 fratre.
1686 1032 1926 1094 Quirinus
1948 1036 2065 1098 post

233 1125 421 1176 dictum
461 1127 728 1193 repudium
767 1127 933 1178 adhuc
970 1126 1227 1192 infensuS,
1279 1125 1507 1193 quamvis
1549 1124 1723 1176 infami
1763 1140 1824 1175 ac
1861 1122 2065 1176 nocenti

169 1216 611 1269 inmiserationem
651 1212 934 1270 addiderat.
1008 1217 1152 1268 Haud
1201 1216 1353 1268 facile
1391 1216 1501 1282 quis
1555 1215 1834 1281 dispexerit
1882 1213 1967 1265 illa
2013 1213 2066 1264 in

234 1308 530 1374 cognitione
573 1314 789 1360 mentem
829 1309 1102 1375 principis:
1161 1308 1292 1360 adeo
1328 1307 1478 1359 vertit
1528 1322 1588 1358 ac
1633 1306 1835 1358 miscuit
1871 1305 1979 1358 irae
2016 1308 2066 1357 et

234 1399 531 1451 clementiae
585 1400 750 1467 signa.
837 1401 1150 1466 Deprecatus
1206 1399 1368 1466 primo
1419 1403 1648 1451 senatum
1688 1413 1752 1450 ne
1788 1395 2065 1449 maiestatis

234 1490 446 1542 crimina
492 1496 861 1557 tractarentur,
919 1507 1039 1544 mox
1071 1492 1296 1545 Marcum
1332 1490 1599 1544 Servilium
1649 1505 1677 1540 e
1715 1488 2068 1541 consularibus

233 1581 463 1648 aliosque
501 1587 656 1634 testes
709 1583 886 1635 inlexit
922 1583 986 1634 ad
1024 1582 1335 1649 proferenda
1373 1597 1502 1648 quae
1552 1581 1690 1632 velut
1728 1580 1935 1632 reticeri
1970 1594 2069 1631 vo-

170 1671 409 1739 isluerat.
484 1673 723 1740 Idemque
760 1689 941 1726 servos
969 1674 1207 1740 Lepidae,
1240 1689 1351 1725 cum
1393 1672 1597 1725 militari
1636 1671 1866 1723 custodia
1905 1670 2070 1722 habe-

348 1828 386 1868 1.
422 1829 655 1883 acpronius
685 1829 738 1870 M.
860 1830 904 1872 4.
939 1829 1178 1871 emiliorum
1211 1828 1264 1871 M.
1388 1829 1438 1870 L.
1475 1827 1528 1870 M.
1625 1828 1665 1870 5.
1704 1833 1744 1868 et
1776 1825 1842 1877 M,
1875 1837 1963 1866 non
1996 1838 2064 1866 ac.

233 1885 423 1943 Gnaeus]
464 1887 511 1928 C.
549 1888 601 1929 N.
638 1888 690 1931 Μ.
813 1888 856 1930 6.
890 1888 936 1930 P.
971 1889 1025 1930 M.
1149 1888 1361 1940 Quirinio,
1394 1900 1495 1928 mox
1528 1886 1771 1939 Quirinius,
1806 1884 1906 1926 dein
1940 1899 1977 1927 c.
2010 1885 2068 1928 23

233 1946 432 1999 Quirinio
455 1952 497 1987 ct
519 1947 708 1998 Quirinii
741 1946 806 2000 M3
846 1948 903 1990 cf.
938 1948 991 1989 ad
1023 1951 1052 1993 2
1082 1950 1155 1993 30.
1218 1947 1527 1990 adiecebancur
1546 1946 1600 1989 Μ.
1663 1946 1705 1988 8.
1740 1944 1891 1986 Manio
1918 1945 2068 1997 ‚omni-

231 2005 312 2049 bus
346 2006 505 2048 litteris
539 2007 593 2048 M.
708 2010 774 2051 12.
810 2007 1012 2063 depcatus
1045 2021 1142 2050 cum
1174 2007 1253 2051 lin.
1289 2007 1609 2063 (depraecatus)
1644 2005 1699 2048 M.
1811 2005 1879 2047 13.
1915 2003 1977 2046 M.
2011 2003 2067 2045 Μ.

236 2066 304 2168 ἐξ.
333 2065 637 2166 {troffgndaMllL
762 2067 938 2108 reticeri
969 2067 1221 2109 Acidalius:
1271 2067 1311 2109 M
1351 2068 1540 2119 reicere,
1583 2063 1824 2107 Beroaldus
1870 2064 2068 2106 reticere.

295 2157 305 2167 .
357 2139 428 2181 api
461 2138 512 2166 ae
590 2158 598 2167 .

1285 2267 1465 2309 militari
1497 2267 1715 2308 custodia.-
1754 2265 1797 2307 h.
1833 2278 1870 2307 c.
1917 2266 1962 2307 in
1995 2277 2074 2307 ca-

1195 2334 1380 2368 strorum
1439 2326 1636 2368 custodia
1696 2325 1862 2366 catenis
1917 2324 2071 2365 vincti.

1197 2387 1279 2439 Qui
1320 2399 1417 2427 cum
1462 2399 1515 2426 ex
1552 2397 1638 2426 uno
1678 2384 1777 2426 loco
1809 2385 1853 2425 in
1887 2383 2072 2426 alterum

1195 2445 1548 2497 transferrentur,
1562 2457 1662 2488 reus
1676 2443 1855 2485 dextrae
1876 2448 2072 2484 catenam

351 2266 455 2321 Cap.
513 2269 583 2310 22.
655 2269 969 2323 quaesitumque
1030 2282 1111 2325 per

236 2326 478 2368 Chaldaeos
508 2328 555 2367 in
577 2326 743 2368 domum
769 2328 1001 2370 Caesaris:
1035 2342 1111 2369 ca-

234 2385 372 2440 pitale
405 2385 490 2427 hoc
523 2391 628 2427 crat.
693 2385 759 2429 Cf.
795 2387 892 2429 XVI
933 2389 1111 2431 30—33

239 2451 281 2488 et
313 2444 389 2486 XII
427 2447 498 2488 22.
562 2445 740 2487 Tertull.
788 2446 979 2502 Apolog.
1023 2447 1109 2490 35:

235 2505 306 2546 cui
336 2510 478 2545 autem
498 2518 599 2560 opus
618 2512 679 2546 est
690 2507 963 2559 perscrutari
985 2520 1112 2561 super

237 2564 440 2605 Caesaris
471 2563 630 2615 salute,
664 2565 750 2604 nisi
781 2578 809 2605 a
838 2579 916 2619 quo
950 2564 1113 2618 aliquid

235 2622 437 2663 adversus
468 2622 590 2663 illam
609 2623 821 2677 coyitalur
841 2623 907 2664 vel
924 2630 1109 2678 optatur,

234 2688 308 2722 aut
321 2687 417 2736 post
431 2679 553 2721 illam
572 2688 770 2737 speratur
792 2689 831 2723 et
847 2681 1110 2724 sustinetur?

325 2740 523 2781 reticeri.-
559 2753 657 2781 cum
688 2747 885 2782 senatum
917 2741 1112 2783 Tiberius

234 2799 558 2853 deprecaretur,
592 2813 647 2841 ne
668 2801 910 2842 maiestatis
933 2802 1113 2842 crimina

231 2864 550 2910 tractarentur,
594 2871 645 2900 eo
695 2861 790 2913 ipso
836 2860 1027 2901 ostendit
1064 2873 1112 2902 sc

233 2916 354 2959 nolle
405 2916 591 2971 proferri
645 2931 756 2972 quae
803 2919 859 2960 ad
914 2918 1112 2961 Caesaris

234 2977 407 3017 domum
443 2977 737 3030 pertinerent,
787 2978 863 3019 sed
897 2991 997 3019 mox
1029 2978 1111 3020 sibi

234 3034 350 3076 haud
390 3041 594 3077 constans
636 3035 870 3078 Servilium
913 3037 1112 3092 aliosque

234 3099 370 3136 testes
424 3093 593 3147 illexit,
651 3101 697 3137 ut
747 3096 945 3138 dicerent
1001 3110 1113 3152 qnae

234 3152 624 3208 professioneflua
666 3155 927 3197 occultanda
961 3162 1113 3198 tacen-

234 3212 377 3267 daque
411 3212 699 3268 designasset.
773 3214 889 3256 Velut
923 3214 1114 3257 additum

236 3277 317 3323 est,
352 3272 453 3327 quia
484 3273 688 3328 princeps
722 3274 802 3315 ista
835 3274 997 3316 indicia
1029 3286 1115 3315 non

236 3337 411 3393 quidem
443 3343 659 3391 vetuerat,
692 3338 770 3379 sed
802 3339 1115 3393 deprecatione

235 3395 573 3450 improbaverat.
617 3398 660 3439 Si
693 3399 875 3439 reticere
901 3398 1113 3453 legamus,

236 3455 321 3495 hoc
361 3467 448 3494 non
490 3456 543 3496 ad
588 3462 723 3497 testes
777 3457 952 3511 (debuit
1000 3460 1114 3499 enim

235 3515 417 3554 reticere
471 3518 591 3568 eos),
643 3515 719 3554 sed
766 3517 819 3556 ad
874 3517 1115 3570 principem

236 3572 468 3625 referetur,
501 3583 607 3613 sane
640 3579 789 3615 contra
823 3574 909 3616 loci
931 3581 1112 3618 senten-

237 3631 339 3671 tiam
374 3636 417 3670 et
448 3631 672 3684 scriptoris
706 3633 953 3676 consilium.

1196 2504 1419 2561 alligatam
1453 2505 1597 2557 traxit,
1631 2516 1742 2558 quae
1765 2501 1893 2544 simul
1920 2500 2073 2544 militis

1198 2563 1423 2606 custodiae
1456 2563 1643 2618 appositi
1676 2574 1827 2604 manus
1869 2561 2071 2603 vinciret.

1198 2622 1324 2665 Conf.
1358 2621 1617 2665 Athenaeus
1661 2622 1698 2662 V
1731 2622 1788 2666 50
1827 2633 1869 2675 p.
1903 2620 1990 2663 213
2021 2619 2073 2662 Β.

1197 2680 1409 2735 Iosephus
1445 2682 1546 2725 Ant.
1583 2680 1721 2723 XVIII
1752 2680 1779 2725 6
1812 2681 1853 2723 7.
1903 2679 2072 2722 Seneca

1197 2741 1251 2783 de
1282 2739 1434 2796 Tranq.
1474 2742 1541 2784 10.
1575 2741 1714 2796 Epist.
1750 2741 1791 2782 5.
1836 2738 2008 2793 Lipsius
2030 2739 2073 2779 in

1198 2813 1385 2842 excursu
1426 2799 1480 2842 ad
1512 2800 1554 2842 h.
1595 2800 1623 2842 l.
1657 2812 1745 2841 non
1784 2803 1885 2853 apte
1918 2798 2075 2850 existi-

1196 2860 1330 2901 mavit
1372 2872 1493 2901 reum
1535 2860 1579 2900 in
1621 2860 1773 2901 castris
1805 2862 2074 2900 asservatum

1196 2931 1369 2973 semper
1425 2918 1552 2960 militi
1621 2918 1790 2960 cuidam
1849 2916 2076 2974 alligatum

1196 2978 1350 3019 fuisse.
1396 2978 1490 3020 lloc
1522 2991 1608 3020 non
1644 2990 1796 3020 verum
1816 2989 1914 3019 esse
1940 2982 1982 3018 et
2011 2975 2075 3017 rei

1198 3043 1348 3078 natura
1362 3037 1515 3092 probat
1529 3044 1572 3079 et
1584 3038 1772 3078 narratio
1783 3036 1919 3077 Taciti
1936 3033 2074 3077 vl14.

1291 3110 1424 3151 neque
1457 3099 1570 3138 enim
1603 3110 1818 3138 cessurum
1862 3094 1949 3136 nisi
1993 3093 2076 3135 da-

1197 3156 1375 3197 mnandi
1395 3159 1533 3212 officio
1552 3174 1564 3199 :
1585 3155 1874 3211 opinabantur
1895 3154 1968 3208 qui
1985 3153 2082 3200 ini-,

1198 3216 1325 3270 quius
1359 3215 1412 3257 de
1454 3218 1652 3273 principe
1686 3213 1959 3266 sentiebant,
1997 3211 2076 3253 da-

1197 3273 1413 3319 mnandsse
1446 3278 1636 3332 Lepidae
1672 3274 1879 3320 invidiam
1926 3285 1950 3314 a
1986 3270 2076 3312 filio

1198 3349 1276 3378 suo
1310 3341 1476 3391 patrem
1506 3336 1676 3378 amoliri
1710 3336 1924 3380 voluisse.
1971 3335 2076 3378 Nam

1198 3398 1233 3438 si
1269 3395 1438 3439 absolvi
1472 3395 1590 3438 illam
1625 3402 1832 3451 optasset,
1873 3407 1960 3436 non
1986 3399 2077 3435 erat

1201 3468 1419 3509 passurus,
1456 3462 1502 3496 ut
1524 3457 1707 3511 gratiam
1731 3468 1857 3510 quam
1893 3454 2076 3493 initurus

1200 3521 1291 3556 erat
1323 3514 1583 3557 clementiae
1602 3516 1763 3567 primus
1783 3517 1949 3563 auctor,
1966 3510 2078 3552 alius

1202 3581 1452 3630 occuparet.
1518 3574 1589 3616 Sic
1628 3578 1747 3615 recte
1794 3572 1827 3613 1.
1861 3569 1929 3612 Fr.
1966 3569 2077 3612 Gro-

1199 3635 1371 3676 novius.
1408 3633 1610 3676 Ceterum
1636 3630 1788 3674 consul
1821 3629 2075 3686 designatus
