2280 4004
240 314 268 348 n
297 301 347 350 G.
379 305 491 354 52.-“
805 301 970 349 LIBER
999 299 1090 348 XII.
1156 300 1262 348 Gar.
1283 301 1488 350 ‘53-54.
1742 310 1744 312 ·
1993 288 2054 342 '91

239 446 471 515 pestivis'
499 444 741 499 remediis
791 444 977 497 delicta
1029 444 1374 509 accendebat,
1433 441 1634 497 aemulo
1670 442 1734 494 ad
1773 442 2056 495 'deterrima

241 537 477 591 Ventidio
502 539 742 602 Cumano,
772 537 852 589 cui
890 551 1008 603 pars
1043 536 1338 602 provinciae
1367 535 1661 599 habebatur,
1691 534 1759 586 ita
1800 534 1977 588 divisis
2004 538 2059 587 ut

244 631 363 682 huic
397 630 735 682 Galilaeorum
772 628 934 692 natio,
975 627 1129 679 Felici
1165 612 1444 680 Samaritae
1480 631 1749 692 parerent,
1790 625 2057 679 discordes

245 722 365 776 olim
419 727 470 774 et
520 726 622 772 tum
690 724 977 787 contemptu
1038 720 1323 786 regentium
1381 718 1543 770 minus
1601 717 1841 770 coercitis
1907 717 2059 768 odiis.

244 814 402 881 Igitur
428 814 628 879 raptare
663 811 794 862 inter
829 826 904 875 se,
941 810 1209 862 immittere
1238 809 1487 861 latronum
1515 807 1715 876 globos,
1756 813 2099 875 componere⁵

245 904 475 968 insidiaS‚
516 908 566 954 et
602 901 873 968 aliquando
909 901 1118 973 proeliis
1156 900 1420 968 congredi,
1464 900 1723 967 spoliaque
1763 905 1812 951 et
1844 899 2062 966 praedas

246 995 311 1049 ad
329 982 704 1062 'procuratores
741 993 955 1045 referre.
1029 992 1191 1058 Hique
1222 993 1383 1058 primo
1422 991 1599 1042 laetari
1611 1009 1625 1054 3
1661 1005 1779 1042 mox
1814 990 2064 1057 gliscente

244 1086 472 1153 pernicie
508 1099 620 1136 cum
659 1099 798 1135 arma
834 1083 1043 1134 militum
1080 1082 1471 1146 interiecissent‚
1513 1081 1648 1134 caesi
1687 1082 1886 1133 milites.
1960 1082 2066 1133 Ar-

245 1177 497 1244 sissetque
534 1175 668 1227 bello
704 1175 999 1241 provincia,
1038 1174 1092 1226 ni
1131 1173 1418 1236 Quadratus
1458 1172 1636 1240 Syriae
1669 1177 1841 1225 rector
1875 1172 2067 1225 subve-

244 1267 420 1320 nisset.
491 1267 599 1318 Nec
629 1265 714 1316 diu
741 1265 985 1318 adversus
1014 1265 1248 1329 IudanS‚
1288 1263 1373 1330 qui
1407 1264 1459 1315 in
1491 1278 1668 1316 necem
1700 1263 1905 1315 militum
1942 1268 2130 1329 pro-10

244 1362 501 1425 ruperant,
541 1357 842 1422 dubitatum,
883 1357 1001 1423 quin
1042 1356 1205 1422 capite
1240 1370 1432 1422 poenas
1469 1355 1692 1407 luerent:
1732 1355 1982 1405 Cumanus
2017 1358 2068 1406 et

245 1449 387 1502 Felix
423 1448 794 1500 cunctationem
834 1447 1150 1512 adferebant,
1191 1447 1306 1514 quia
1343 1446 1579 1498 Claudius
1618 1446 1783 1496 causis
1824 1444 2070 1496 rebellio-

246 1541 326 1595 nis
384 1539 567 1594 auditis
617 1539 695 1594 ius
755 1538 1008 1592 statuendi
1067 1539 1215 1593 etiam
1264 1537 1328 1589 de
1377 1535 1790 1604 procuratoribus
1841 1535 2067 1589 dederat.

246 1631 348 1686 Sed
385 1631 668 1693 Quadratus
702 1631 919 1682 Felicem
964 1630 1097 1681 inter
1132 1629 1327 1682 iudices
1366 1628 1662 1692 ostentavit,
1718 1632 1976 1694 receptum
2015 1627 2068 1677 in

247 1721 493 1788 tribuual,
556 1735 654 1791 quo
710 1721 876 1774 studia
925 1720 1271 1774 accusantium
1319 1720 1697 1774 deterrerentur
1709 1736 1724 1784 3
1775 1719 2133 1772 damnatus-¹⁵

397 1892 440 1935 2.
483 1888 676 1934 Ventidio
710 1922 949 1936 ......
985 1889 1054 1934 cui
1082 1888 1174 1942 Ma,
1223 1888 1269 1931 in
1315 1900 1453 1945 marg.
1501 1885 1730 1942 suppletur
1774 1886 1995 1930 Cinnano:
2038 1883 2073 1929 G

250 1950 439 1993 ventidio
473 1964 652 1994 cumano
695 1950 807 2008 quoi.
899 1952 943 1995 3.
980 1949 1235 2008 galileorum
1266 1945 1347 1992 Ma.
1386 1990 1389 1991 γ
1454 1945 1497 1989 4.
1533 1948 1788 2001 contemptio·
1824 1944 1903 1989 Ma.
1995 1958 2072 1986 co·-

251 2010 426 2053 hercitis
459 2007 540 2052 Ma.
633 2010 675 2053 6.
703 2009 855 2067 preliis
886 2008 965 2054 Ma.
1066 2009 1111 2052 8.
1140 2008 1335 2065 permitie
1365 2004 1447 2051 Ma.
1556 2006 1624 2050 10.
1658 2006 1804 2046 iudeos
1825 2005 1904 2050 Ma.
2001 2005 2069 2049 11.

252 2071 372 2127 quin]
407 2069 478 2124 qui
509 2069 563 2111 In
592 2068 684 2113 Ma:
719 2067 753 2113 G
780 2084 859 2129 gn.
935 2082 1103 2128 paenas
1133 2066 1214 2110 Ma.
1299 2067 1367 2111 13.
1400 2066 1513 2109 iusta
1549 2065 1693 2109 tuendi
1729 2064 1805 2112 Ma.
1888 2066 1954 2114 15.
1989 2065 2071 2112 da-

250 2136 498 2184 mnatosque
515 2153 580 2165 ,..-
606 2142 808 2173 cumanos
826 2127 915 2173 Ma:
951 2128 985 2172 G
1011 2129 1333 2186 Damnatusque
1354 2151 1410 2161 —-
1428 2137 1645 2172 cumanus.

357 2267 463 2324 Cap.
509 2268 580 2311 54.
645 2269 749 2325 pari
798 2269 1123 2313 moderatione.-

251 2327 597 2372 mode'rationem
619 2327 725 2370 dicit
754 2331 971 2384 pecuniae
992 2343 1018 2372 a
1040 2343 1121 2385 pa-

250 2389 389 2431 tribus
423 2389 629 2430 decretae
659 2390 981 2431 recusationem
1017 2390 1120 2431 Pal..

257 2449 402 2490 lantis.
445 2447 598 2490 Frater
631 2449 724 2491 eius
750 2448 966 2490 Antonius
996 2447 1122 2491 Felix

255 2507 444 2563 praedae
477 2505 634 2563 quovis
663 2506 793 2548 modo
828 2508 1121 2550 corradendae

255 2566 438 2621 cupidus
500 2571 607 2608 erat.
673 2564 875 2608 Ceterum
933 2567 1007 2609 vel
1057 2568 1122 2608 sic

250 2625 320 2668 illi
365 2625 532 2667 nomini
578 2625 760 2669 subesse
811 2626 997 2668 ironiam
1039 2639 1121 2681 ap-

250 2690 390 2740 paret.

343 2744 433 2786 iam
458 2742 628 2799 pridem
660 2743 850 2786 Iudaeae
880 2744 1120 2800 impositus.-

253 2803 371 2846 conf.
407 2803 459 2844 H.
495 2802 533 2843 V
564 2803 607 2845 9.
649 2803 831 2845 Sueten.
860 2802 1012 2845 Claud.
1046 2802 1119 2846 28.

251 2861 350 2904 Act.
384 2862 538 2916 Apost.
573 2862 630 2904 23
661 2874 708 2903 v·
737 2862 955 2914 24--35‚
988 2861 1047 2905 24
1075 2874 1119 2904 v.

256 2921 311 2963 10
332 2933 427 2976 sqq.
471 2919 706 2961 Antonium
738 2921 922 2962 Felicem
951 2919 1121 2962 Tacitus

253 2978 299 3019 in
331 2978 534 3021 Historiis
565 2979 760 3021 nominat
805 2985 853 3020 ut
884 2981 1122 3021 manumis-

253 3049 348 3079 sum
394 3037 448 3079 ab
496 3036 687 3079 Antonia
736 3043 874 3081 matre
917 3037 1121 3080 Claudii:

253 3095 332 3138 sed
383 3094 612 3140 Claudium
666 3099 814 3140 vocari
864 3097 1056 3139 Felicem
1099 3111 1122 3139 a

253 3154 440 3208 losepho
482 3154 559 3196 XX
599 3156 624 3198 7
665 3158 712 3208 9.
758 3158 780 3199 1
825 3156 938 3198 falso
981 3162 1124 3198 narrat

255 3211 471 3266 Orellius‚
520 3214 682 3269 quippe
725 3216 935 3270 deceptus
989 3227 1124 3270 prava

255 3272 448 3314 lectione
480 3273 721 3319 Κλαύδιον
752 3286 830 3328 pro
868 3273 1121 3323 Κλαύδιος.

255 3331 463 3374 Iudaeam
514 3331 599 3373 hoc
653 3332 773 3386 loco·
800 3333 972 3374 Tacitus
1018 3332 1124 3373 dicit

254 3395 387 3432 totam
406 3391 692 3445 provinciam,
716 3395 901 3445 excepta
929 3390 1124 3432 Galilaea

255 3450 327 3491 cui
358 3455 503 3492 rector
535 3447 774 3502 Cumanus,
818 3449 861 3491 h.
897 3464 936 3493 e.
971 3449 1122 3493 Sama-

252 3510 375 3562 riam,
394 3508 597 3551 Iudaeam
619 3510 794 3563 proprie
807 3508 979 3561 dictam,
993 3508 1122 3550 etiam

255 3569 459 3611 Peraeam
492 3574 540 3610 ut
570 3569 758 3611 videtur.
821 3567 946 3619 Quod
977 3568 1120 3609 statim

256 3628 482 3685 subiungit
513 3628 642 3680 idem,
677 3627 927 3670 Ventidium
960 3625 1121 3669 Cuma..

256 3696 359 3730 num
390 3688 464 3744 qui
485 3693 650 3745 partem
668 3688 922 3744 provinciae
951 3690 1121 3729 curaret

1205 2271 1259 2313 ad
1276 2272 1507 2314 deterrima
1526 2271 1742 2315 aemulum
1762 2270 1899 2312 Felici
1919 2269 2072 2323 fuisse,

1204 2332 1268 2373 ita
1319 2332 1464 2374 divisis
1524 2338 1570 2373 ut
1626 2331 1726 2372 kuic
1782 2329 2074 2372 Galilaeorum

1204 2391 1348 2444 natio,
1396 2390 1531 2432 Felici
1571 2391 1816 2431 Samaritae
1853 2396 2073 2445 parerent,

1205 2450 1308 2492 iude
1338 2450 1429 2492 noli
1463 2449 1677 2506 colligere
1706 2449 1823 2490 solos
1842 2449 2074 2491 Samarites

1205 2509 1344 2552 Felici
1397 2509 1678 2551 (lemandatos
1729 2509 1879 2550 fuisse.
1941 2507 2074 2549 Immo

1206 2568 1444 2612 Samaritae
1477 2573 1520 2610 et
1542 2568 1741 2619 Galilaei‚
1777 2569 2074 2610 conterminae

1205 2630 1431 2681 nationes,
1473 2633 1791 2682 componuntur
1841 2633 2074 2682 propterea

1207 2689 1323 2743 quod
1359 2689 1568 2729 intestino
1601 2687 1721 2729 bello
1754 2698 1852 2729 sese
1886 2683 2073 2729 infesta..

1205 2754 1388 2800 verunt,
1437 2752 1624 2802 utroque
1679 2753 1960 2800 procuratore
2003 2752 2076 2788 aut

1207 2808 1473 2849 connivente
1506 2812 1580 2848 aut
1630 2806 1879 2847 adiuvante.
1939 2804 2075 2847 Cete-

1205 2878 1298 2907 rum
1327 2865 1371 2907 hi
1397 2871 1701 2920 procuratores
1730 2877 1816 2905 non
1835 2865 1975 2906 solum
2006 2876 2076 2906 res

1207 2923 1406 2966 Caesaris
1449 2926 1492 2965 in
1540 2922 1699 2966 Iudaea
1734 2924 1963 2976 curabant,
1997 2923 2075 2968 sed

1205 2985 1332 3026 simul
1383 2989 1576 3026 rectores
1627 2985 1882 3038 provinciae
1938 2989 2075 3035 crant,

1206 3044 1359 3097 Syriae
1411 3039 1704 3098 propraetoris
1747 3044 1889 3084 vicem
1938 3045 2075 3083 susti-

1205 3108 1386 3154 nentes3
1431 3115 1472 3143 v.
1514 3102 1564 3144 H.
1600 3101 1618 3143 1
1654 3103 1703 3144 11
1740 3108 1783 3142 et
1824 3107 1970 3143 annot.
2021 3101 2075 3142 ad

1204 3161 1317 3202 Ann.
1356 3162 1367 3200 l
1402 3161 1475 3203 80.

1295 3226 1392 3259 orta
1430 3217 1663 3259 seditione:
1718 3219 1977 3259 sententiam
2031 3218 2075 3259 in

1207 3276 1323 3317 hunc
1355 3276 1527 3317 modum
1562 3276 1840 3331 expleveris:
1874 3284 1971 3318 orta
2002 3291 2075 3317 se-

1206 3334 1364 3376 ditione
1396 3336 1451 3376 ob
1484 3337 1602 3377 iussa
1639 3334 1715 3376 Gai
1758 3335 1982 3387 Caesaris,
2030 3341 2076 3376 ut

1206 3396 1472 3444 memoravi3
1503 3403 1596 3448 post
1627 3406 1721 3435 cum
1750 3397 1920 3450 coynim
1944 3395 2075 3435 caede

1207 3454 1295 3494 eius
1328 3459 1410 3494 cet.
1467 3451 1571 3493 Rem
1606 3453 1800 3494 breviter
1833 3460 1976 3494 narrat
2005 3454 2075 3494 hio

1205 3518 1355 3553 noster
1388 3512 1437 3553 H.
1476 3510 1511 3552 V
1544 3511 1594 3562 9,
1640 3514 1820 3566 copiose
1862 3510 2072 3566 loseplms

1207 3570 1342 3612 XVIII
1371 3570 1400 3613 8
1437 3576 1480 3612 et
1502 3570 1550 3612 B.
1584 3570 1675 3612 Iud.
1711 3571 1747 3613 ΙΙ
1775 3574 1839 3624 10,
1872 3572 1995 3613 l'hilo
2031 3574 2073 3613 in

1175 3673 1178 3690 Ι
1208 3629 1432 3687 legatione
1465 3629 1518 3672 ad
1548 3629 1716 3673 Gaium.
