2280 4004
994 269 1288 315 ANNALIVM

1805 289 1844 320 a.
1877 279 1929 320 u.
1954 264 2057 331 ew.

231 430 335 468 non
385 416 708 484 magistratus
766 416 850 463 aut
905 413 1181 463 Romanam
1235 412 1412 464 urbem
1467 413 1650 465 videri.
1724 415 2062 482 Abrumperet

229 508 383 559 vitam
423 507 484 558 ab
522 521 582 556 ea
622 503 827 555 civitate
863 504 1004 554 cuius
1047 503 1307 555 caritatem
1345 504 1492 570 olim,
1545 521 1679 557 nunc
1717 511 1766 558 et
1802 512 2059 573 aspectum

231 598 469 650 exuisset.
546 594 668 646 Cum
703 609 796 660 per
825 594 954 645 haec
988 599 1137 660 atque
1171 594 1288 646 talia
1326 595 1611 661 MarcelluS,
1649 602 1702 647 ut
1741 603 1850 648 erat
1882 602 2058 650 torvus
2075 601 2145 648 29

230 703 290 738 ac
325 687 511 751 minax,
551 700 682 737 voce
718 684 857 736 vultu
892 685 1053 746 oculis
1093 686 1406 751 ardesceret,
1447 701 1550 738 non
1587 687 1670 739 illa
1707 693 1826 740 nota
1860 693 1912 741 et
1941 703 2062 743 cre-

189 778 409 829 ⁵britate
447 776 789 843 periculorum
841 781 984 828 sueta
1035 777 1134 828 iar'n
1179 782 1385 829 senatus
1423 779 1702 844 maestitia,
1761 780 1854 832 sed
1897 776 2060 832 novus

225 875 275 921 et
322 869 474 921 altior
519 884 680 936 pavor
738 884 914 920 manus
973 874 1022 920 et
1068 869 1168 920 tela
1222 869 1429 920 militum
1486 871 1828 923 cernentibus.
1902 872 2059 926 Simul

220 960 380 1027 ipsius
402 961 658 1013 Thraseae
696 959 1005 1012 venerabilis
1039 961 1238 1026 species
1278 961 1647 1013 obversabatur
1659 980 1673 1026 ;
1713 968 1762 1014 et
1798 967 1944 1016 erant
1975 964 2061 1031 qui

222 1052 507 1104 Helvidium
547 1066 748 1118 quoque
797 1051 1188 1116 miserarentur,
1249 1052 1488 1103 innoxiae
1542 1053 1812 1104 adfinitatis
1867 1068 2060 1120 poenas

226 1142 472 1194 daturum.
550 1143 681 1204 Quid
736 1142 1018 1209 Agrippino
1073 1142 1327 1193 obiectum
1365 1143 1463 1193 nisi
1503 1143 1696 1194 tristem
1753 1144 1911 1209 patris
1936 1144 2063 1196 for-

162 1238 421 1299 ¹⁰tunam,
463 1234 664 1301 quando
703 1238 751 1285 et
788 1233 872 1284 ille
911 1233 1124 1298 perinde
1147 1234 1407 1307 “innocens
1447 1234 1636 1284 Tiberii
1674 1235 1887 1286 saevitia
1927 1248 2057 1286 con-

225 1325 449 1376 cidisset.
523 1326 796 1377 Enimvero
833 1326 1122 1376 Montanum
1158 1325 1350 1389 probae
1399 1325 1636 1375 iuventae
1672 1340 1838 1391 neque
1877 1326 2059 1377 famosi

226 1416 480 1480 carminis,
523 1418 637 1482 quia
674 1416 941 1482 protulerit
979 1415 1254 1482 ingenium,
1303 1421 1555 1466 extorrem
1595 1416 1694 1483 agi.
1768 1416 1939 1482 Atque
1977 1418 2146 1478 ιιι-3ο

222 1507 367 1557 terim
395 1507 627 1558 Ostorius
653 1507 870 1559 Sabinus
895 1506 1078 1558 Sorani
1114 1511 1384 1556 accusator
1418 1506 1719 1572 ingreditur,
1766 1507 2061 1574 orditurque

224 1598 288 1648 de
327 1598 547 1648 amicitia
587 1597 802 1649 Rubellii
842 1596 1016 1660 Plauti,
1059 1597 1294 1662 quodque
1330 1597 1742 1661 proconsulatum
1769 1598 1928 1650 Asiae
1961 1600 2060 1651 So-

159 1697 374 1739 ¹⁵ranus
400 1703 490 1754 pro
518 1687 746 1738 claritate
775 1687 871 1739 sibi
894 1688 1060 1753 potius
1083 1687 1521 1737 accommodatum
1561 1702 1706 1752 quam
1749 1705 1813 1740 ex
1838 1688 2052 1742 utilitate

223 1781 472 1831 communi
498 1781 705 1847 egisset,
732 1779 915 1829 alendo
943 1779 1221 1829 seditiones
1249 1779 1538 1828 civitatium.
1573 1780 1756 1830 Vetera
1780 1780 1937 1832 haec:
1969 1781 2061 1832 sed

220 1886 403 1922 recens
435 1876 483 1922 et
509 1871 642 1937 quod
681 1871 959 1921 discrimini
985 1871 1141 1936 patris
1165 1870 1314 1920 filiam
1343 1870 1705 1934 connectebat,
1740 1871 1871 1936 quod
1902 1886 2063 1938 pecu-

216 1963 351 2013 niam
378 1963 539 2029 Magis
561 1962 796 2029 dilargita
828 1967 979 2014 esset.
1033 1961 1311 2013 Acciderat
1347 1976 1470 2012 sane
1494 1961 1680 2027 pietate
1704 1961 1949 2016 Serviliae
1981 1963 2059 2026 (id

221 2054 353 2104 enim
380 2068 566 2104 nomen
601 2053 798 2119 puellae
839 2054 973 2117 fuit),
1014 2069 1142 2119 quae
1185 2053 1395 2104 caritate
1433 2068 1557 2120 erga
1594 2058 1870 2119 parentem,
1913 2053 2060 2105 simul

157 2144 538 2209 20inprudentia
588 2145 793 2207 aetatis,
849 2160 951 2195 non
993 2149 1161 2195 tamen
1200 2143 1334 2194 aliud
1375 2143 1750 2195 consultaverat
1805 2159 1951 2211 quam
1998 2143 2062 2196 de

234 274 324 316 340

300 2347 343 2389 3.
377 2354 423 2387 ut
454 2353 547 2388 erat
567 2346 782 2389 Piche'na:
819 2345 883 2387 Ma
913 2353 1065 2398 uteret,
1094 2345 1126 2388 G
1151 2352 1193 2387 et
1229 2345 1302 2387 alii
1333 2346 1542 2397 uinceret,
1575 2344 1608 2386 B
1641 2352 1841 2388 uerteret.
1874 2345 1931 2387 cf.
1951 2347 2060 2389 141.

220 2407 263 2448 4.
311 2420 365 2446 ac
397 2404 476 2455 Ma,
511 2414 549 2447 et
582 2406 629 2449 G.
760 2406 875 2447 voltu
908 2405 980 2448 Or.
1104 2406 1332 2446 crebritate
1365 2418 1389 2446 a
1429 2404 1640 2446 Rhenano
1671 2407 1846 2460 recepi:
1883 2405 2059 2448 codices

223 2465 482 2507 celebritate.
607 2467 646 2508 5.
681 2473 797 2507 mest.
835 2463 913 2507 Ma.
1021 2465 1062 2508 6.
1099 2465 1231 2506 altior
1262 2464 1342 2515 Ma,
1374 2465 1556 2506 ulterior
1590 2464 1662 2506 BG
1695 2471 1736 2506 et
1771 2463 2059 2507 oxonienses.

221 2525 261 2566 7.
297 2524 588 2566 auenerabilis
621 2523 701 2566 Ma.
833 2524 875 2566 8.
909 2538 1078 2578 paenas
1111 2523 1186 2566 Ma.
1316 2525 1383 2567 10.
1418 2525 1539 2566 seuit.
1577 2522 1656 2565 Ma.
1786 2527 1850 2568 12.
1886 2527 2057 2566 extorre

218 2586 335 2638 mayi
367 2583 445 2626 Ma.
562 2585 629 2626 13.
665 2585 796 2624 torius
828 2586 1006 2624 sauinus
1038 2582 1116 2625 Ma.
1182 2583 1298 2625 conf.
1335 2583 1386 2624 ad
1422 2598 1458 2625 c.
1495 2585 1566 2627 23.
1694 2584 1760 2626 14.
1795 2582 1950 2625 rubelli
1979 2581 2060 2626 Ma.

214 2655 385 2696 procos.
423 2645 525 2696 (per
558 2643 885 2698 compendium)
924 2641 1003 2684 Ma.
1113 2644 1179 2684 15.
1215 2644 1312 2684 ade.
1351 2641 1430 2683 Ma.
1540 2642 1604 2684 16.
1643 2641 1820 2684 alendos
1856 2643 2061 2684 editiones

221 2699 300 2742 Ma.
434 2702 499 2742 17.
537 2708 575 2742 et
608 2708 704 2756 quot
737 2699 815 2742 Ma.
954 2708 1117 2742 conect.
1148 2700 1225 2743 Ma.
1353 2702 1420 2743 18.
1460 2715 1595 2742 sanae
1628 2700 1708 2742 Ma.
1833 2702 1905 2745 20.
1939 2702 2054 2758 inpr.

217 2758 299 2813 Ma,
331 2773 418 2801 non
450 2760 573 2816 impr.
697 2761 821 2802 etatis
853 2758 933 2804 Ma.
1026 2760 1133 2802 aliut
1166 2759 1243 2801 Ma.

216 2944 315 2984 dum
348 2943 487 2983 vitare
519 2942 784 2998 indignatur.
853 2942 919 2984 Cf.
957 2958 993 2985 c.
1024 2946 1094 2986 22.
1184 2943 1483 2985 existimantes
1538 2948 1580 2983 ct
1620 2954 1698 2997 pro
1751 2955 1802 2984 ea
1851 2944 2062 2997 opinione

215 3002 303 3043 Iam
338 3002 481 3057 pergit
506 3002 614 3043 haec
642 3004 785 3043 omnia
808 3015 854 3043 se
876 3004 1096 3055 requirere

219 3061 286 3116 (h.
309 3075 347 3103 e.
383 3061 631 3102 desiderare
663 3061 735 3119 vel
757 3062 1096 3102 desideratarum

218 3124 348 3176 esse),
382 3121 465 3161 nisi
500 3120 605 3161 satis
638 3126 844 3174 appareat
865 3120 1094 3162 Thraseam

218 3181 480 3234 contemptis
514 3180 723 3221 institutis
751 3187 793 3222 et
818 3181 1095 3222 caerimoniis

215 3240 425 3280 maiorum
456 3239 719 3293 proditorem
753 3240 894 3294 palam
935 3246 978 3281 et
1011 3239 1094 3280 ho-

214 3303 323 3339 stem
356 3297 567 3339 induisse.

304 3355 407 3411 Cap.
461 3358 532 3400 29.
599 3357 827 3398 crebritate
871 3359 1093 3413 periculo-

214 3431 331 3456 rum:
373 3416 517 3458 dotem
553 3430 576 3457 a
624 3416 835 3458 Rhenano
883 3418 1093 3472 suppedi-

215 3481 369 3527 latam,
423 3489 446 3517 a
495 3475 643 3529 Lipsio
699 3482 742 3517 et
788 3476 1091 3519 Freinshemio

214 3540 336 3586 grate
358 3540 597 3589 acceptam,
612 3537 882 3578 recentiores
902 3537 1091 3579 editores

211 3590 412 3641 Ernestio
454 3599 632 3636 auctore
665 3601 939 3648 spreverunt,
975 3594 1088 3638 eele-

213 3647 408 3693 bri-latem
443 3657 519 3704 pro
555 3651 784 3698 crebritate
816 3650 968 3697 Latine
1002 3652 1087 3698 dici

1182 3002 1457 3056 proferentes
1474 3001 1698 3044 Ciceronis
1720 3001 1854 3044 verba
1873 3002 1924 3043 ad
1941 3002 2059 3046 Fam.

1186 3061 1262 3102 VII
1300 3065 1327 3104 2
1358 3061 1411 3104 4:
1457 3075 1534 3102 nos
1585 3061 1655 3102 hic
1700 3062 1746 3101 in
1795 3061 2061 3104 multitudine

1183 3128 1222 3162 et
1261 3119 1506 3162 celebritate
1558 3121 1813 3162 iudiciorum
1860 3128 1898 3162 et
1940 3123 2062 3164 novis

1182 3180 1342 3234 leyibus
1376 3181 1438 3221 ita
1470 3181 1719 3222 distinemur
1752 3186 1853 3231 cet„
1888 3181 1964 3222 sed
1999 3181 2059 3222 ibi

1182 3239 1405 3280 celebritas
1426 3241 1681 3281 iudiciorum
1697 3239 1876 3280 denotat
1898 3239 2060 3281 indicia

1182 3313 1292 3354 quac
1333 3312 1491 3355 magna
1539 3298 1761 3340 hominum
1811 3299 2060 3354 frequentia

1181 3357 1483 3410 celebrantur,
1548 3365 1590 3399 et
1653 3358 1835 3412 perinde
1887 3358 2058 3400 Tacitus

1180 3417 1467 3458 celebritatem
1499 3417 1584 3459 loci
1616 3419 1760 3472 posuit
1793 3416 1851 3458 ΙΙΙ
1883 3417 1935 3469 9,
1984 3432 2058 3459 ce·-

1177 3477 1415 3519 lebritatem
1446 3479 1541 3518 viae
1575 3477 1625 3520 ll.
1666 3477 1701 3518 ll
1735 3477 1807 3520 64.
1851 3477 1926 3518 Ad
1958 3489 2055 3520 eum

1176 3536 1349 3577 modum
1381 3536 1608 3578 celebritas
1627 3535 1921 3592 periculorum
1937 3536 2051 3577 idem

1176 3594 1289 3637 foret
1301 3607 1352 3637 ac
1364 3594 1559 3650 pericula
1571 3593 1687 3637 homi
1694 3605 1794 3638 num
1806 3593 2052 3649 frequentia

1176 3650 1417 3708 celebrata,
1463 3653 1505 3697 id
1548 3652 1662 3710 quod
1695 3651 1798 3696 huic
1828 3649 1927 3695 loco
1962 3650 2048 3694 mi-
