2280 4004
190 287 218 318 a
238 262 296 318 Ὀ.
327 274 401 319 48.

779 272 943 317 LIBER
974 269 1045 316 Xl.
1109 267 1216 316 cn.
1249 270 1442 318 23—24.
1954 272 2021 318 29·

192 418 519 471 deductarum
554 430 646 484 per
680 414 854 467 orbem
891 418 1058 466 terrae
1094 411 1370 481 legionum,
1411 412 1595 465 additis
1629 412 2015 480 provincialium

138 509 556 577 {valid‘issimis,
622 508 760 559 fesso
818 506 1029 573 imperio
1085 505 1381 558 subventum
1439 511 1530 557 est.

1624 505 1750 558 Num
1793 506 2018 572 paenitet

140 588 143 645 '-
190 602 376 654 Balbos
413 618 478 654 ex
503 599 740 666 Hispania
776 614 872 650 nec
909 598 1073 649 minus
1109 598 1338 665 insignes
1373 598 1514 648 viros
1551 613 1579 648 e
1614 597 1772 648 Gallia
1813 597 2019 650 Narbo-

150 729 156 750 ,
191 692 338 744 nensi
377 691 680 748 transivisse
698 693 725 740 ‘l
777 689 981 741 Manent
1014 689 1207 755 posteri
1232 703 1422 754 eorum,
1457 704 1553 740 nec
1587 704 1759 740 amore
1796 689 1848 739 in
1883 689 2017 741 hanc

191 783 402 851 patriam
453 781 600 833 nobis
646 779 949 831 concedunt.

1025 779 1155 840 Quid
1214 779 1347 830 aliud
1405 779 1558 831 exitio
1598 779 2059 836 Lacedaemoniiss

197 879 248 926 et
280 871 677 926 Atheniensibus
714 870 836 934 suit,
882 884 1179 936 quamquam
1217 869 1369 920 armis
1403 870 1684 935 pollerent,
1744 871 1841 923 nisi
1882 869 2017 937 quod

189 965 355 1017 victos
395 977 488 1030 pro
529 961 833 1028 alienigenis
875 960 1152 1012 arcebant?
1192 959 1280 1010 vAt
1312 960 1547 1011 conditor
1582 962 1742 1012 nostri
1778 962 2019 1015 Romulus

189 1059 375 1113 tantum
398 1052 644 1119 sapientia
668 1050 824 1102 valuit
848 1056 902 1101 ut
938 1051 1210 1116 plerosque
1244 1050 1459 1116 populos
1493 1051 1672 1102 eodem
1705 1052 1787 1103 die
1823 1053 2015 1119 hostes,

190 1145 307 1197 dein
333 1144 472 1195 cives
501 1142 748 1194 habuerit.
788 1140 1034 1192 Advenae
1058 1141 1109 1190 in
1143 1155 1236 1191 nos
1255 1146 1613 1212 regnaverunt.
1652 1142 2020 1195 Libertinorum

188 1234 302 1287 filiis
343 1233 669 1301 magistratus
709 1231 939 1282 mandari
981 1225 1113 1295 non,
1151 1236 1205 1281 ut
1241 1231 1469 1297 plerique
1512 1231 1775 1298 falluntur,
1814 1248 2086 1301 repenS,w
2132 1214 2147 1222 ⁸

188 1325 280 1378 sed
315 1325 476 1392 priori
523 1323 709 1391 populo
748 1323 1023 1374 factitatum
1075 1327 1165 1373 est.

460 1415 666 1468 Scilicet
700 1413 874 1465 Volsci
933 1418 982 1464 et
1029 1413 1195 1479 Aequi
1241 1428 1494 1479 nunquam
1552 1415 1818 1467 adversam
1869 1418 2018 1470 nobis

765 1504 906 1570 Capti
948 1520 975 1555 a
1017 1504 1172 1555 Gallis
1223 1519 1410 1555 sumus,

190 1598 327 1650 sides
379 1597 612 1648 dedimus
664 1600 714 1647 et
747 1594 1040 1648 Samnitium
1094 1595 1265 1661 iugum
1318 1595 1612 1647 subivimus.

188 1417 368 1468 vimuS.

190 1508 351 1560 aciem
386 1506 687 1558 instruxere.

1242 1321 1308 1373 At
1344 1338 1454 1374 cum
1492 1323 1777 1376 Senonibus
1819 1340 2021 1393 pugna-

1486 1505 1584 1557 Sed
1621 1511 1669 1557 et
1704 1508 1880 1559 Tuscis
1923 1509 2022 1560 ob·-

1685 1597 1920 1650 Attamen
1971 1599 2017 1651 si

191 1693 370 1741 cuncta
400 1688 532 1740 bella
563 1701 854 1752 recenseas,
894 1686 1081 1737 nullum
1115 1686 1355 1738 breviore
1390 1687 1551 1753 spatio
1585 1702 1730 1753 quam
1772 1689 2083 1745 adversusis

310 1823 348 1864 1.
377 1820 679 1877 provincilium
710 1817 790 1862 Ma.

193 1881 351 1923 cedem.
387 1880 466 1923 Ma.
531 1880 573 1923 6.
607 1892 849 1934 quanquam
877 1877 956 1921 Ma.
1022 1879 1061 1921 7.

191 1941 336 1983 eodem
365 1939 416 1982 B.

190 1999 379 2053 Lipsius,

190 2065 366 2100 veteres
400 2058 528 2099 editi:

505 2000 572 2041 12.
604 1997 716 2039 uulsi
748 1997 827 2039 Ma.

811 2178 857 2218 in
901 2179 1060 2220 ceteris

818 2237 1062 2278 Luculento

190 2180 312 2221 vavit
351 2191 495 2220 rerum
546 2179 757 2232 scriptor,

192 2238 413 2280 liberrime
476 2237 735 2279 dominatus.

193 2297 395 2351 exemplo
436 2296 479 2338 id
512 2297 741 2348 discimus,
788 2310 884 2338 cum
928 2310 1062 2338 verae

191 2357 402 2397 orationis
436 2355 682 2411 fragmenta
712 2355 913 2412 Lugduni
958 2356 1062 2397 olim

190 2420 365 2469 reperta
391 2416 499 2456 etin
531 2427 605 2456 aes
638 2415 777 2456 incisa
810 2427 1062 2468 comparare

196 2475 425 2528 possimus.
477 2473 541 2515 Ea
573 2475 706 2530 igitur
737 2475 780 2514 in
814 2474 898 2515 fine
933 2473 1063 2515 huius

193 2533 430 2575 voluminis
448 2532 644 2574 addenda
668 2535 832 2586 curavi,
865 2538 912 2573 ut
938 2546 1061 2574 com-

194 2593 362 2647 paranti
395 2593 439 2633 in
459 2599 658 2649 prompto
681 2593 782 2645 sint,
814 2598 857 2633 et
880 2597 927 2632 ut
946 2593 1060 2634 idem

191 2657 390 2694 teneatur
421 2649 475 2692 de
510 2651 709 2693 omnibus
744 2651 1014 2693 orationibus
1034 2665 1059 2693 a

190 2712 335 2753 Tacito
370 2723 424 2752 ex
456 2722 531 2752 ore
563 2710 748 2752 aliorum
781 2711 971 2753 insertis.

285 2769 492 2810 Clausust
538 2769 595 2812 cf.
629 2769 687 2811 1v
722 2769 764 2812 9.
888 2771 1060 2812 Corun-

195 2829 344 2870 canios
379 2828 602 2868 Camerio.-
649 2827 740 2870 Cic.
775 2827 921 2871 Plane.
957 2829 985 2870 8
1019 2835 1062 2870 et

192 2886 301 2929 Sull.
321 2888 344 2930 7
369 2885 543 2928 eosdem
560 2886 746 2928 Tusculo
781 2887 916 2928 refert
942 2894 1058 2929 ortos

191 2945 346 2989 fuisse.
463 2946 632 3000 ipsam:
686 2946 836 2988 ltaliae
882 2948 1059 2988 nomine

192 3004 323 3045 etiam
391 3002 681 3059 Transpadani
747 3005 1058 3059 comprehendi

191 3069 430 3117 coeperunt
463 3069 506 3104 et
533 3065 600 3105 ius
623 3066 780 3106 ceteris
803 3065 922 3107 Italis
947 3077 1057 3106 con-

192 3135 362 3164 cessum
405 3120 551 3176 adepti
595 3130 718 3164 sunt:
763 3137 803 3165 v.
847 3124 930 3165 Dio
968 3123 1059 3165 XLI

190 3181 262 3223 36.
315 3180 542 3222 Ernestius
576 3195 801 3237 perperam
846 3183 1059 3239 intelligit

189 3240 328 3295 ipsam
358 3240 578 3281 civitatem
610 3241 861 3283 Romanam.

279 3311 372 3338 cum
420 3298 720 3354 Transpadani
757 3302 804 3340 in
846 3301 1058 3341 civitatem

190 3358 373 3413 recepti.-
405 3368 492 3397 non
519 3363 601 3398 tam
621 3357 831 3413 intelligit
857 3359 922 3399 ius
943 3358 1059 3399 Latii

192 3415 293 3472 lege
326 3416 531 3469 Pompeia
574 3429 686 3457 anno
719 3416 805 3459 665
842 3416 1057 3470 Transpa-

192 3473 312 3515 danis
359 3486 611 3516 concessum
653 3475 734 3530 (cf.
781 3474 831 3515 ad
865 3475 943 3516 XV
975 3477 1055 3531 32)

193 3545 318 3587 quam
351 3534 559 3587 optimum
594 3534 783 3575 civitatis
816 3534 882 3574 ius
904 3532 1057 3575 aCae-

194 3602 290 3633 sare
331 3594 384 3633 iis
426 3605 539 3634 anno
581 3594 665 3637 705
705 3592 933 3634 donatum:
974 3592 1057 3634 Dio

198 3648 390 3696 xL136=
422 3659 519 3706 τοῖς
543 3652 772 3705 Γαλάταις
801 3660 899 3706 τοῖς
931 3650 1060 3705 ἐντὸς

916 1822 957 1863 2.
991 1833 1091 1861 num
1123 1817 1213 1861 Ma.

1098 1879 1238 1920 nostri
1260 1877 1348 1919 Ma:
1382 1885 1526 1920 noster
1554 1879 1742 1933 Lipsius.

527 1940 594 1982 10.
629 1939 857 1981 mandaret
886 1944 994 1994 (non
1025 1939 1301 1994 mandarent)
1335 1937 1414 1990 Ma,

947 2011 1164 2052 nunquam
1197 1996 1238 2039 h.
1272 1997 1300 2039 l.
1335 1996 1415 2039 Ma.

563 2055 629 2099 Ma
659 2056 803 2098 media
835 2056 1006 2111 syllaba
1037 2058 1198 2097 omissa
1229 2056 1426 2110 subimus,
1461 2055 1651 2099 Orellius
1684 2058 1898 2100 subiimus.

1246 1818 1319 1860 BG
1352 1832 1453 1861 non.
1871 1822 1912 1865 5.
1947 1822 2018 1864 la-

1835 1881 1876 1924 9.
1897 1881 2015 1938 dein]

1447 1939 1643 1980 mandati
1677 1939 1736 1980 G:
1770 1940 2019 1983 emendavit

1542 1997 1609 2040 14.
1650 1999 1876 2041 subivimus
1908 1999 1942 2042 G
1974 2005 2019 2042 et

1552 1833 1652 1875 pen.
1686 1819 1766 1863 Ma.

1145 2184 1240 2222 τῶν
1262 2176 1469 2223 ’'Al-nemu
1496 2178 1611 2236 ὑπὲρ
1648 2177 1727 2222 τὸν
1756 2180 2018 2235 Ἠριδανὸν

1146 2238 1329 2281 οἰκοῦσι
1370 2237 1455 2310 ,τήν
1495 2242 1762 2292 πολιτείαν,
1813 2239 1892 2284 ἅτε
1939 2246 2018 2287 καὶ

1146 2297 1293 2354 ἄρξας
1324 2296 1495 2350 αὐτων,
1531 2297 1787 2343 ἀπέδωκεν.

1235 2371 1328 2396 cum
1359 2359 1498 2412 specie
1531 2358 1807 2399 deductarum
1830 2374 1912 2415 per
1939 2374 2015 2401 or-

1144 2414 1233 2455 bem
1257 2422 1400 2456 ter-rae
1426 2415 1664 2470 leqionum:
1693 2416 1800 2458 dicit
1818 2419 2014 2461 colonias

1143 2473 1354 2516 militares
1388 2475 1588 2516 deductis
1621 2476 1875 2532 legionibus
1904 2491 2014 2520 con..

1142 2532 1267 2575 ditas.
1330 2533 1377 2575 In
1419 2535 1473 2575 iis
1526 2548 1621 2576 cum
1671 2536 2013 2591 legionariorum

1144 2592 1330 2633 militum
1366 2595 1615 2649 civiumque
1635 2596 1776 2635 minor
1796 2597 2014 2639 interdum

1141 2664 1345 2693 numerus
1398 2659 1537 2705 esset,
1603 2654 1753 2707 specie
1811 2655 2013 2712 legiones

1141 2710 1349 2752 deductas
1370 2725 1482 2764 esse,
1515 2725 1563 2753 re
1588 2726 1691 2754 vera
1717 2715 2012 2768 provinciales

1140 2769 1393 2825 legionibus
1427 2745 1595 2813 additos
1640 2778 1682 2813 ct
1715 2774 1895 2816 civitate
1929 2775 2011 2815 do..

1139 2835 1263 2869 natos
1323 2843 1467 2871 earum
1529 2831 1698 2872 urbium
1759 2833 2010 2875 conditores

1141 2886 1365 2930 habendos
1423 2902 1519 2931 esse
1575 2889 1780 2932 Claudius
1837 2894 2007 2935 asserit.

1140 2946 1392 2989 Sermonem
1428 2961 1525 2990 esse
1558 2949 1610 2990 de
1645 2950 1831 2993 coloniis
1856 2952 1928 2994 vel
1955 2964 2010 2994 ex

1138 3007 1354 3048 vocabulo
1389 3007 1666 3049 deductarum
1698 3016 1832 3063 patet.

1232 3064 1528 3108 libertinorum
1555 3066 1657 3120 filiis
1683 3094 1737 3099 —
1764 3071 2008 3123 factitatum

1139 3130 1233 3164 est:
1301 3124 1470 3166 Claudii
1533 3127 1823 3180 ignorantiam
1885 3133 2007 3168 notat

1139 3181 1371 3224 Suetonius
1404 3185 1447 3223 in
1493 3182 1643 3224 Claud.
1694 3185 1776 3227 24:
1824 3186 2008 3240 Appium

1140 3240 1324 3281 Caecum
1353 3255 1586 3292 censorem,
1620 3245 1789 3296 generis
1815 3246 1882 3286 sui
1896 3258 2006 3299 pro-

1138 3306 1380 3352 auctorem,
1439 3300 1733 3343 libertinorum
1790 3303 1902 3356 filios
1959 3303 2007 3344 in

1137 3365 1330 3400 senatum
1377 3357 1572 3413 alleqisse
1620 3359 1784 3413 docuit,
1827 3363 2007 3417 iqnarus

1138 3418 1393 3471 temporibus
1435 3418 1563 3472 ippii
1608 3425 1644 3458 et
1685 3419 1882 3477 deinceps
1917 3421 2007 3463 ati-

1139 3476 1336 3527 quamdiu
1369 3476 1587 3518 libertinos
1621 3476 1752 3519 dictos
1783 3494 1870 3520 non
1894 3481 2007 3536 ipsos

1139 3535 1208 3588 qui
1239 3536 1659 3590 manumitterentur
1692 3538 1766 3579 sed
1797 3540 2007 3595 inqenuos

1139 3606 1192 3634 ecc
1235 3593 1300 3635 his
1348 3602 1611 3650 procreatos.
1677 3596 1741 3639 De
1785 3597 2002 3666 vocabulo

1138 3665 1291 3715 repens
1321 3666 1364 3698 v.
1399 3653 1452 3697 ad
1487 3654 1542 3697 vl
1574 3655 1614 3700 7.
