2280 4004
210 345 237 376 a
268 333 317 381 C.
350 338 424 382 54.

785 334 950 382 LIBER
979 335 1090 381 xm.

1157 335 1262 382 Car.
1294 336 1429 384 4—6.
1940 338 2027 381 113

209 477 391 546 legatis
427 478 783 531 Armeniorum
832 494 1035 531 causam
1083 466 1254 546 gentis*
1291 478 1420 547 apud
1471 480 1724 532 Neronem
1765 480 2025 533 orantibus

211 569 492 621 escendere
529 574 824 636 suggestum
857 570 1176 636 imperatoris
1214 575 1263 620 et
1287 570 1584 636 praesidere
1618 570 1764 622 simul
1802 570 2026 637 parabat,

210 661 309 712 nisi
347 661 530 713 ceteris
557 676 748 727 pavore
785 661 961 712 defixis
1001 662 1196 713 Seneca
1233 662 1595 728 admonuisset,
1633 662 1856 714 venienti
1884 661 2030 713 matri

213 757 522 804 occurreret.

598 754 666 803 lta
706 753 878 818 specie
917 753 1115 818 pietatis
1150 753 1352 803 obviam
1390 754 1510 804 itum
1548 754 1808 806 dedecori.

350 843 471 894 Fine
506 842 623 893 anni
674 842 887 894 turbidis
933 843 1220 894 rumoribus
1257 845 1552 910 prorupisse
1587 860 1784 896 rursum
1820 844 2073 897 Parthoss

212 937 262 985 et
296 933 406 999 rapi
442 933 732 984 Armeniam
778 933 995 984 adlatum
1035 940 1136 998 est,
1189 934 1334 1001 pulso
1374 935 1696 1001 RadamistO,
1759 936 1840 1002 qui
1877 951 2031 1002 saepe

210 1024 357 1089 regni
397 1025 505 1075 eius
542 1024 758 1089 potitus,
800 1024 917 1075 dein
953 1026 1232 1092 prosugUS,
1274 1030 1372 1075 tum
1414 1041 1614 1092 quoque
1655 1025 1838 1077 bellum
1879 1026 2033 1078 dese-

210 1108 396 1165 ruerat.

472 1115 628 1181 Igitur
662 1115 713 1164 in
740 1115 866 1166 urbe
899 1131 1186 1167 sermonum
1223 1117 1388 1181 avida,
1429 1116 1847 1182 quemadmodum
1889 1117 2034 1183 prin-

211 1219 329 1270 ceps
367 1205 455 1256 vix
503 1206 847 1271 septendecim
899 1221 1059 1257 annos
1109 1222 1349 1273 egressus
1399 1209 1660 1273 suscipere
1700 1224 1808 1258 eam
1849 1208 2030 1259 molem

211 1299 294 1346 aut
326 1295 623 1361 propulsare
659 1302 864 1362 posset,
921 1297 1054 1362 quod
1094 1298 1374 1349 subsidium
1427 1298 1479 1347 in
1519 1313 1579 1349 eo
1631 1298 1714 1364 qui
1766 1315 1792 1350 a
1844 1299 2097 1350 seminam

209 1392 499 1453 regeretur,
563 1403 680 1438 num
714 1387 908 1454 proelia
962 1403 1162 1455 quoque
1203 1395 1251 1440 et
1302 1389 1703 1456 oppugnationes
1743 1389 1939 1440 urbium
1985 1395 2033 1441 et

213 1482 382 1528 cetera
419 1477 537 1529 belli
575 1493 666 1543 per
703 1479 975 1546 magistros
1015 1480 1356 1531 administrari
1392 1485 1629 1546 possent,
1683 1480 2030 1546 anquirebant.

214 1567 398 1619 Contra
439 1567 523 1618 alii
572 1568 749 1619 melius
789 1569 1023 1620 evenisse
1075 1569 1330 1620 disserunt
1367 1585 1513 1635 quam
1563 1570 1607 1621 si
1657 1570 1908 1621 invalidus
1948 1586 2037 1622 se-

211 1662 358 1709 necta
421 1662 470 1708 et
528 1658 732 1726 ignavia
786 1659 1022 1710 Claudius
1083 1660 1289 1710 militiae
1353 1660 1416 1710 ad
1477 1659 1680 1711 labores
1743 1665 2031 1725 vocaretur,

212 1748 481 1799 servilibus
530 1749 680 1800 iussis
723 1749 1174 1815 obtemperaturus,

212 1839 474 1890 multarum
507 1856 674 1891 rerum
719 1841 1029 1906 experientia
1067 1841 1300 1909 cognitos
1314 1859 1327 1904 3
1385 1846 1434 1892 et
1470 1841 1760 1907 imperatori
1800 1847 2035 1907 quantum

213 1930 276 1981 ad
315 1931 473 1982 robur
509 1931 716 1995 deesse,
785 1947 895 1982 cum
950 1937 1134 1983 octavo
1186 1932 1383 1983 decimo
1440 1933 1618 1983 aetatis
1660 1947 1792 1983 anno
1835 1933 2036 1984 Gnaeus

211 2022 490 2087 PompeiuS‚
530 2037 666 2073 nono
704 2023 901 2074 decimo
940 2024 1130 2074 Caesar
1160 2024 1467 2076 Octavianus
1507 2024 1675 2074 civilia
1714 2024 1843 2075 bella
1882 2025 2039 2075 susti-

213 2112 455 2162 nuerint?
513 2112 756 2178 Pleraque
804 2113 855 2162 in
911 2128 1101 2164 summa
1153 2115 1350 2164 fortuna
1405 2114 1643 2179 auspiciis
1704 2119 1753 2165 et
1809 2114 2036 2165 consiliis

216 2217 362 2268 quam
407 2202 518 2254 telis
576 2208 624 2254 et
665 2204 896 2254 manibus
948 2204 1076 2270 geri.

332 2337 374 2379 2.
412 2335 639 2377 escendere
662 2334 741 2387 Ma,
763 2336 995 2377 ascendere
1030 2335 1077 2377 G.

217 2394 315 2436 titus
348 2393 396 2435 G.
477 2395 518 2438 9.
553 2395 815 2451 septedecem
847 2394 927 2437 Ma.

219 2513 425 2573 ιῗνέγνω,
469 2514 586 2559 ὥστε
634 2519 710 2558 καὶ
767 2518 814 2565 ἐς
866 2517 1087 2573 α’ργυρᾶν

222 2577 386 2628 στήλην
428 2577 730 2634 ἐγγραφῆναι
771 2580 848 2619 καὶ
891 2580 942 2621 ἐν
986 2586 1088 2626 ταῖς

221 2640 347 2683 ιεάις
399 2637 490 2679 ιιῦν
548 2635 620 2679 dei
676 2635 862 2678 ὑπάτων
918 2636 1086 2694 ἀρχαῖς

220 2694 636 2751 α’ναγι-νυὶσκεσθαι
669 2696 988 2753 ψηφισθῆναι.

301 2752 404 2807 Cap.
444 2754 486 2796 5.
539 2769 593 2795 ue
628 2754 717 2808 quis
750 2755 807 2794 ad
838 2768 1086 2795 causam—

219 2813 449 2853 necessitas
471 2821 598 2854 esset:
630 2812 684 2854 de
702 2812 767 2854 his
783 2812 951 2854 Claudii
978 2815 1086 2855 actis

221 2870 404 2911 relatum
434 2871 490 2911 Xl
523 2871 635 2913 5-7
671 2877 715 2912 et
745 2873 816 2914 22.
927 2886 980 2912 ne
1010 2873 1087 2913 de-

220 2929 399 2983 siynatis
419 2929 731 2983 quaestoribus:
757 2941 834 2983 pro
857 2930 1088 2985 desiynatis

221 3000 350 3041 supra
394 2987 472 3042 (Xl
505 2989 584 3044 22)
632 2990 809 3042 scripsit
841 3003 986 3032 eorum
1018 2993 1087 3044 qui

223 3053 494 3099 quaesturam
527 3047 882 3103 adipiscerentur.
934 3047 1082 3099 Quae·

222 3110 360 3146 stores
393 3106 507 3146 enim
541 3119 635 3147 eum
660 3109 856 3161 exceptis
883 3113 1086 3162 quattuor

223 3163 460 3206 candidatis
490 3163 687 3206 Caesaris
719 3165 974 3221 duobusque
1006 3180 1086 3207 ae-

223 3224 324 3264 rarii
358 3223 660 3276 quaestoribus
701 3226 847 3266 munia
890 3238 967 3266 sua
999 3237 1085 3266 non

225 3283 266 3322 in
316 3282 421 3323 urbe
461 3281 538 3323 sed
579 3283 622 3323 in
665 3284 814 3337 populi
850 3285 1087 3337 provinciis

224 3340 409 3392 obirent,
442 3342 650 3394 pecunias
678 3341 777 3382 illas
798 3342 953 3396 quibus
979 3341 1088 3382 ede-

224 3406 373 3442 rentur
395 3398 483 3441 ludi
503 3399 765 3455 gladiatorii,
799 3412 885 3440 non
917 3401 961 3440 in
994 3412 1088 3440 ma-

225 3461 406 3514 gistratu
428 3458 639 3512 praebere
659 3464 873 3512 poterant,
898 3458 973 3499 sed
993 3470 1089 3499 cum

226 3518 442 3573 designati
475 3523 623 3558 essent
666 3530 717 3559 ea
749 3530 927 3559 munera
960 3515 1087 3557 exhi-

224 3576 398 3619 bebant.
462 3576 648 3618 Neronis
681 3576 902 3618 decretum
935 3575 1090 3616 Domi-

227 3635 367 3677 tianus
410 3635 584 3677 sustulit
626 3635 847 3678 referente
880 3635 1089 3678 Suetonio

229 3693 340 3739 c..4.
405 3695 568 3738 Vocem
612 3695 788 3753 quidem
812 3700 913 3740 ante
956 3707 1089 3754 quae-

310 3787 460 3829 Taeitus
484 3791 529 3831 11.

1173 2204 1411 2255 Daturum
1458 2204 1606 2270 plane
1666 2204 2036 2270 documentum,
2054 2221 2103 2258 πο

1153 2336 1194 2379 6.
1228 2337 1448 2378 multatum
1467 2335 1547 2378 Ma.
1611 2337 1650 2379 7.
1680 2338 1821 2393 potius
1841 2336 1927 2379 Ma:
1955 2351 2033 2393 po,

993 2396 1134 2451 prael.
1171 2395 1242 2438 Or.

1318 2399 1385 2438 11.
1417 2396 1509 2452 obp.
1543 2394 1623 2438 Ma.
1703 2398 1768 2439 17.
1806 2397 1840 2438 C
1872 2397 1924 2438 N.
1958 2395 2040 2439 Ma.

1171 2517 1353 2559 storibus
1384 2523 1504 2558 recte
1527 2516 1694 2558 delevit
1711 2515 1914 2559 Ursinus:
1941 2531 2038 2559 nam

1174 2590 1224 2618 ea
1260 2576 1477 2630 particula
1510 2590 1562 2618 ex
1590 2576 1888 2631 subsequente
1910 2590 2040 2619 versu

1171 2648 1397 2690 perperam
1428 2636 1617 2689 repetita
1650 2641 1729 2677 est.

1254 2695 1408 2736 obditis
1453 2708 1482 2736 a
1522 2702 1639 2750 teryo
1682 2694 1870 2750 foribus:
1923 2695 2042 2736 fores

1173 2760 1351 2807 apertae
1385 2759 1427 2795 et
1453 2756 1612 2795 ostium
1658 2767 1682 2795 a
1713 2760 1838 2808 tergo
1871 2760 2041 2809 patrum

1174 2813 1514 2854 consultantium
1552 2813 1736 2854 obolitum
1779 2812 1883 2854 velo
1932 2819 2039 2865 erat,

1171 2884 1227 2912 ne
1263 2872 1595 2925 conspiceretur
1609 2871 1881 2927 Agrippinae
1909 2884 2042 2926 prae..

1172 2931 1330 2973 sentia.
1364 2930 1673 2972 Doederlinius
1692 2932 1946 2984 scripturam
1962 2931 2042 2972 ab-

1173 2989 1270 3031 dicis
1313 3002 1408 3030 cum
1450 2988 1676 3030 Walthero
1719 2991 1831 3031 tueri
1882 2990 2042 3041 studet,

1175 3053 1217 3089 et
1249 3049 1343 3102 ipse
1365 3049 1675 3102 interpretatur
1705 3049 1891 3099 remotis,
1919 3049 2041 3090 Wal-

1167 3107 1317 3148 therus
1352 3107 1588 3148 occultatis.
1669 3107 1779 3160 quod
1808 3108 1940 3147 visum
1963 3121 2042 3146 ar-

1171 3174 1299 3217 ceret,
1314 3166 1482 3206 auditus
1494 3179 1580 3205 non
1603 3165 1834 3205 adimeret:
1858 3166 2044 3205 variavit

1171 3237 1421 3274 numerum,
1471 3229 1517 3263 ut
1554 3224 1688 3263 visum
1733 3225 2041 3276 (conspectum

1172 3283 1441 3336 Agrippinae
1507 3281 1700 3334 patribus
1769 3280 2039 3337 ademptum)

1174 3341 1344 3393 passiva
1369 3339 1692 3394 significatione
1723 3340 1926 3392 positum,
1959 3353 2043 3379 au-

1175 3399 1284 3439 ditus
1301 3400 1444 3439 activa
1464 3399 1538 3452 (ea
1558 3411 1669 3453 quae
1687 3397 1856 3438 audiret
1876 3398 2042 3453 Agrip-

1175 3458 1299 3513 pina)
1326 3456 1608 3512 significaret.
1651 3455 1716 3497 De
1737 3457 1910 3510 passiva
1930 3458 2043 3498 visus

1174 3521 1391 3569 potestate
1422 3514 1478 3556 ef.
1512 3513 1816 3557 Forcellinius.

1255 3573 1360 3628 Cap.
1393 3573 1436 3616 6.
1497 3574 1571 3614 vix.
1601 3574 1882 3629 septendecim
1906 3586 2045 3615 annos

1176 3645 1393 3689 effressus:
1426 3644 1469 3674 v.
1504 3631 1557 3674 ad
1588 3631 1664 3674 XII
1696 3633 1767 3676 25,

1255 3691 1465 3754 ⁴‹tzaeapae'ciis
1497 3699 1537 3739 et
1569 3691 1759 3750 consiliis
1794 3704 1918 3751 quam
1950 3690 2044 3747 telis

1671 3771 1707 3833 8

1249 1750 1460 1800 Burrum
1495 1754 1663 1802 tamen
1704 1755 1752 1801 et
1790 1751 2100 1803 Senecamis
