2280 4004
1005 286 1301 332 ANNALNM
1796 301 1837 331 a.
1868 298 1918 332 m
1944 284 2055 334 829.

222 297 313 341 82⁶

223 442 406 507 gnaret
423 475 437 502 ,
501 436 601 486 nisi
647 431 926 499 Tigellinus
979 433 1158 482 auctor
1192 428 1472 494 extitisset,
1533 428 1752 481 monitus
1802 429 1942 495 prius
1989 443 2056 482 ne

222 541 483 596 supremas
519 524 715 575 tabulas
754 526 1054 574 moraretur.
1128 523 1295 588 Atque
1332 520 1418 572 ille
1455 520 1636 572 hausto
1675 534 1908 586 veneno,
1946 525 2059 572 tar-

226 620 429 670 ditatem
469 614 577 666 eius
614 626 860 679 perosuS,
924 611 1182 663 intercisis
1233 610 1380 662 venis
1417 615 1630 662 mortem
1675 610 2055 676 adproperavit.

226 707 458 760 Ostorius
496 704 790 772 longinquis
828 703 882 753 in
920 703 1059 770 agr-is
1095 702 1226 769 apud
1264 701 1415 753 finem
1449 701 1687 769 Ligurum
1723 701 1775 752 id
1815 701 2057 768 temporis
2074 699 2144 749 15

186 803 348 851 serat.
407 798 482 849 Eo
517 797 703 848 missus
736 794 984 859 centuri0,
1027 783 1132 860 quif'
1150 793 1360 845 caedem
1398 793 1507 844 eius
1544 797 1833 844 maturaret.
1893 793 2058 844 Causa

224 888 498 941 festinandi
535 904 599 940 ex
639 902 700 938 eo
744 887 1005 938 oriebatur
1040 885 1176 951 quod
1205 885 1438 940 Ostorius
1473 884 1627 936 multa
1666 884 1868 936 militari
1907 884 2059 949 fama,

235 985 287 1032 et
314 980 527 1030 civicam
565 993 809 1030 coronam
841 978 973 1044 apud
991 976 1303 1029 Britanniam
1344 975 1569 1039 meritus,
1607 975 1802 1042 ingenti
1844 989 2062 1042 corpore

227 1083 583 1136 armorumque
619 1059 834 1121 scientia
869 1073 1055 1120 metum
1088 1067 1282 1120 Neroni
1320 1067 1514 1118 fecerat
1547 1081 1627 1143 'ne
1663 1067 1932 1118 invaderet
1966 1081 2063 1132 pa-

226 1162 397 1212 vidum
433 1176 635 1227 semper
675 1166 724 1212 et
760 1165 961 1226 reperta
1001 1174 1162 1225 nuper
1186 1158 1537 1211 coniuratione
1558 1158 1721 1224 magis
1751 1158 2061 1208 exterritum.

165 1242 386 1320 iolgitur
425 1252 680 1316 centurio,
736 1252 822 1302 uhi
862 1250 1051 1318 effugia
1090 1250 1240 1301 villae
1278 1250 1487 1313 clausit,
1548 1249 1685 1300 iussa
1739 1249 2058 1314 imperatoris

143 1339 150 1344 ’
228 1344 434 1397 Ostorio
472 1343 649 1409 aperit.
724 1344 770 1394 Is
820 1341 1167 1394 fortitudinem
1216 1355 1370 1406 saepe
1419 1340 1690 1391 adversum
1731 1339 1905 1390 hostes
1942 1353 2066 1405 spe-

227 1441 409 1486 ctatam
462 1435 512 1484 in
564 1449 621 1485 se
665 1434 830 1484 vertit.
905 1433 968 1483 Et
1025 1433 1141 1499 quia
1191 1447 1355 1483 venae
1408 1445 1706 1497 quamquam
1754 1430 2066 1496 interruptae

226 1541 402 1592 parum
450 1525 716 1591 sanguinis
769 1523 1124 1588 effundebant,
1184 1524 1428 1574 hactenus
1480 1537 1631 1573 manu
1687 1521 1824 1573 servi
1857 1535 1980 1572 usus
2013 1526 2069 1571 ut

228 1617 485 1667 immotum
523 1616 797 1682 pugionem
837 1615 1132 1679 extolleret,
1183 1614 1437 1680 adpressit
1488 1615 1715 1667 dextram
1768 1613 1878 1664 eius
1916 1612 2070 1683 iugu-

168 1707 386 1774 1510que
423 1707 663 1758 occurrit.

351 1841 390 1881 1.
431 1838 638 1895 tiyillinus
670 1836 749 1880 Ma.
838 1840 981 1897 prius]
1013 1840 1136 1895 prius
1168 1838 1324 1880 Anteio
1358 1837 1438 1891 Ma,
1469 1838 1591 1894 prius
1618 1835 1799 1879 Anteius
1832 1835 1866 1878 G
1898 1841 1942 1878 et
1974 1836 2067 1880 alii.

234 1899 369 1955 vulgo
403 1898 568 1955 legitur
600 1899 816 1940 extitisset.
883 1899 1072 1941 Monitus
1100 1900 1221 1955 prius
1254 1899 1432 1940 Anteius
1466 1903 1550 1940 cet.
1683 1899 1724 1940 2.
1757 1896 1948 1951 suppum
1974 1897 2090 1939 suu

229 1957 350 1999 bulas
383 1957 462 2000 Ma.
565 1959 605 2000 5.
641 1958 784 1999 cedem
815 1956 895 1999 Ma.
1004 1960 1044 2000 7.
1081 1959 1363 1999 brittanniam
1397 1956 1475 1999 Ma.
1582 1969 1761 2011 corpore
1803 1953 1836 1996 G
1869 1961 1912 1997 et
1945 1954 2067 1998 Oxo..

228 2019 433 2059 nienses:
481 2015 548 2059 Ma
580 2018 773 2072 corporis
807 2019 875 2072 (in
907 2030 1060 2059 versus
1094 2017 1204 2074 fine)
1239 2019 1456 2073 corporis,
1489 2015 1731 2057 Beroaldus
1764 2015 1958 2070 corporis
1990 2030 2069 2058 ro-

230 2077 344 2119 bore.
485 2077 527 2119 9.
565 2077 875 2118 coniuratione?
903 2077 993 2129 Ma,
1029 2077 1062 2119 G
1094 2078 1367 2132 coyitatione.
1526 2076 1593 2118 10.
1631 2076 1691 2116 in.
1726 2073 1773 2115 Ρ.
1810 2075 1931 2129 (cum
1963 2074 2066 2131 lin.)

232 2138 392 2177 ostorio
428 2134 505 2177 Ma.
609 2137 677 2177 11.
696 2149 823 2195 saepe
855 2136 1081 2177 adversum
1113 2136 1251 2178 hostes
1285 2133 1400 2189 GM&
1435 2135 1659 2178 adversum
1685 2134 1832 2175 hostes
1859 2147 1986 2193 saepe
2016 2134 2067 2179 B.

238 2197 305 2238 12.
342 2208 584 2249 quanquam
614 2193 694 2237 Ma.
763 2197 828 2238 14.
863 2196 966 2238 inm.
999 2194 1079 2238 Ma.

334 2310 517 2351 monitus
559 2309 681 2364 prius
732 2334 788 2341 -
838 2316 1108 2351 moraretur.-

230 2368 340 2410 haec
381 2368 516 2409 verba
551 2380 723 2409 causam
768 2375 992 2422 exponunt
1033 2381 1109 2410 cur

225 2427 473 2483 Tigellinus
522 2434 673 2468 auctor
718 2430 943 2469 existeret.
1008 2428 1107 2469 Sci-

230 2486 335 2528 licet
367 2486 496 2528 amici
521 2487 683 2538 Anteii‚
717 2488 813 2528 sive
849 2499 984 2543 gnaro
1010 2488 1105 2541 ipso

230 2546 325 2587 sive
357 2547 536 2601 ignaro,
570 2547 622 2587 ad
656 2546 918 2602 Tigellinum
951 2559 1106 2587 acces-

229 2617 328 2645 sere
359 2610 612 2657 monentes‚
646 2619 701 2646 ne
735 2612 975 2646 moraretur
1007 2617 1104 2645 mo-

230 2664 351 2702 rituri
388 2663 576 2703 hominis
617 2670 853 2704 extremam
895 2664 1104 2705 volunta-

229 2727 333 2773 tem,
366 2722 496 2762 immo
516 2723 622 2775 ipsis
640 2724 913 2776 permitteret
934 2723 1104 2763 tabulas

230 2782 323 2822 eius
365 2780 625 2836 obsignare,
669 2787 715 2821 ut
756 2783 848 2823 vita
889 2781 1105 2823 decedere

229 2840 307 2880 ille
340 2839 435 2880 sine
467 2851 586 2882 mora
618 2846 780 2894 posset.
844 2841 965 2882 Hanc
998 2853 1105 2881 sen-

228 2899 407 2939 tentiam
434 2900 506 2952 qui
537 2912 623 2939 non
647 2901 888 2954 perspexit,
926 2900 1105 2941 deside-

230 2958 343 2998 ravit
381 2957 625 2998 subiectum
671 2965 713 2999 et
760 2959 967 2999 adversus
1010 2973 1105 2999 mo-

227 3017 342 3057 nitus
374 3015 417 3055 in
451 3018 647 3072 margine
680 3018 752 3058 vel
777 3031 906 3070 supra
931 3031 1102 3058 versum

229 3074 497 3129 ἀρχετύπου
531 3076 696 3117 codicis
729 3076 1103 3117 addiditAnteius.

228 3134 400 3184 Anteio,
431 3139 478 3173 ut
510 3140 576 3175 est
608 3135 651 3175 in
670 3134 749 3186 Ma,
787 3134 897 3177 nihil
931 3135 1105 3176 videtur

228 3205 326 3233 esse
358 3193 441 3233 nisi
476 3194 780 3248 compendium
816 3194 982 3236 formae
1007 3194 1104 3235 An-

227 3252 333 3291 teius
350 3250 564 3307 (Anteio).
607 3253 846 3306 Seyffertus
870 3255 1104 3309 ingeniose

228 3310 419 3350 dativum
473 3312 627 3352 Anteio
678 3316 769 3365 (=
815 3312 867 3352 ab
919 3312 1101 3367 Anteio)

228 3369 455 3410 vindicare
498 3376 705 3411 conatur:
752 3370 925 3412 scilicet
961 3373 1099 3424 ipsum

228 3427 431 3467 Anteium
474 3428 549 3468 has
592 3442 745 3482 preces
792 3430 1004 3471 direxisse
1049 3430 1100 3471 ad

228 3485 487 3540 Tigellinum
533 3489 705 3540 statuit,
750 3501 832 3542 qua
876 3491 918 3529 in
962 3503 1008 3529 re
1042 3489 1100 3529 li·-

227 3543 380 3585 beuter
426 3546 680 3588 accederem
717 3550 811 3589 viro
859 3554 1010 3599 acuto,
1064 3549 1100 3589 si

227 3598 358 3642 Taciti
399 3604 545 3645 stilum
589 3605 705 3647 serre
755 3605 1002 3659 crederem,
1056 3612 1101 3648 nt

225 3662 324 3711 post
363 3659 494 3703 Antei
534 3665 691 3705 nomen
733 3663 861 3707 modo
911 3666 1098 3720 positum

1192 2309 1307 2351 idem
1358 2309 1501 2350 statim
1554 2314 1791 2362 repetatur.
1854 2308 1949 2351 Hoo
1997 2310 2070 2351 in..

1194 2367 1464 2409 commodum
1510 2366 1680 2409 Tacitus
1717 2371 1926 2410 evitasset
1957 2370 2071 2411 scri-

1193 2427 1336 2468 hendo
1371 2428 1423 2467 ab
1454 2428 1560 2482 ipsc,
1594 2440 1681 2469 non
1703 2427 1875 2470 Anteio.
1918 2427 2071 2484 Neque

1192 2488 1256 2528 sic
1292 2488 1335 2527 in
1367 2488 1565 2541 proximo
1598 2499 1839 2542 pronomen
1860 2487 1935 2529 ille
1965 2489 2070 2531 satis

1190 2552 1335 2599 aptum
1371 2545 1558 2587 videtur.
1619 2546 1968 2601 Praetereaffnon
2003 2553 2070 2589 est

1192 2605 1461 2658 verisimile,
1505 2605 1675 2647 subisse
1721 2607 1860 2647 virum
1909 2606 2068 2648 sortem

1193 2670 1235 2704 et
1267 2664 1482 2704 illustrem
1506 2665 1717 2705 eiusmodi
1746 2665 2066 2720 indignitatem,

1191 2728 1237 2762 ut
1269 2724 1527 2764 conveniret
1556 2725 1880 2776 spurcissimum
1921 2724 2066 2765 homi-

1189 2795 1288 2823 nem
1340 2783 1459 2824 vitae
1508 2782 1825 2838 relinquendae
1876 2782 2067 2838 impedi-

1189 2846 1334 2882 menta
1364 2842 1689 2895 deprecaturus.
1736 2841 1961 2884 Acidalius
1981 2853 2067 2885 vo-

1190 2899 1270 2940 luit
1302 2902 1460 2941 monito
1489 2903 1609 2956 prius
1641 2901 1811 2943 Anteio.

1276 2960 1492 3000 intercisis
1534 2961 1681 3001 venis.-
1729 2959 1859 3014 paulo
1908 2959 2063 3000 fortius

1189 3024 1254 3059 est
1278 3019 1392 3072 quod
1414 3020 1588 3072 scripsit
1607 3019 1683 3060 XV
1696 3021 1752 3061 35
1784 3019 2062 3063 brachiorum

1187 3091 1317 3117 venas
1355 3078 1586 3132 Torquatus
1622 3078 1875 3120 interscidit.

1276 3194 1380 3248 Cap.
1422 3196 1487 3238 15.
1540 3197 1656 3251 apud
1682 3198 1808 3249 finem
1832 3196 2062 3251 Liqurum:

1188 3253 1228 3295 h.
1274 3267 1313 3294 e.
1358 3256 1400 3294 in
1450 3257 1654 3296 extremis
1696 3254 1927 3310 Liguribus
1968 3257 2064 3298 sive

1187 3314 1229 3352 in
1265 3319 1457 3354 extrema
1499 3320 1611 3355 terra
1653 3328 1675 3355 a
1718 3315 1948 3370 Liguribus
1982 3315 2062 3356 lia-

1187 3371 1333 3413 bituta.
1394 3370 1552 3413 Contra
1585 3375 1700 3428 apud
1726 3376 1833 3427 fines
1861 3375 2062 3428 Liyurum

1187 3437 1303 3471 esset
1336 3431 1449 3471 idem
1482 3433 1597 3486 quod
1629 3434 1743 3488 apud
1761 3433 1941 3487 Liyures
1965 3434 2060 3474 sive

1187 3490 1229 3528 in
1282 3497 1402 3530 terra
1454 3490 1672 3545 Liqurum.
1794 3499 2056 3533 maturaret:

1185 3555 1351 3590 mature
1367 3557 1672 3605 exequeretur.
1695 3551 1904 3594 Similiter
1923 3552 2059 3592 aciem

1182 3607 1406 3659 firnvarem
1450 3620 1526 3661 pro
1571 3610 1732 3653 tirmam
1775 3611 1913 3652 aciem
1955 3609 2056 3651 efii-

1186 3672 1334 3708 cerent
1364 3664 1469 3723 Agr.
1506 3669 1578 3710 35.
