2280 4004
235 256 345 305 δᾳδὶ
376 258 459 305 56
472 276 476 284 -’
817 255 982 302 LIBER
1009 255 1126 300 xm.
1189 254 1300 300 Uar.
1329 254 1519 301 25—26.
1970 251 2060 297 iss

235 405 339 461 Sed
375 404 612 458 consules
660 403 961 456 relationem
1009 401 1236 469 incipere
1285 415 1390 452 non
1435 397 1544 451 ausi
1591 397 1774 467 ignaro
1810 396 2058 465 principe,

234 496 582 565 perscripsere
619 500 788 547 tamen
827 507 1131 546 consensum
1164 496 1387 556 senatus,
1426 490 1510 542 ille
1545 505 1610 542 an
1643 494 1823 541 auctor
1858 488 2056 540 consti·-

235 588 442 640 tutionis
465 587 626 653 fieret,
654 593 709 637 ut
725 587 857 637 inter
879 599 1070 652 paucos
1092 585 1140 635 ei
1164 582 1446 635 sententiae
1471 581 1734 646 adverSOS,
1763 580 2061 647 quibusdam

238 679 473 731 coalitam
522 678 755 729 libertate
813 675 1208 728 inreverentiam
1261 689 1322 726 eo
1379 673 1689 740 prorupisse¹
1711 672 2059 737 frementibUS,

234 775 304 836 ut,
334 769 453 822 vine
482 784 546 821 an
579 782 741 835 aequo
774 782 885 819 cum
911 766 1139 834 patronis
1165 766 1276 817 iure
1303 769 1531 833 agerent,
1558 763 1857 815 sententiam
1887 776 2101 816 eorums

237 861 609 925 consultarent,
651 875 711 911 ac
747 859 1048 910 verberibus
1086 871 1263 908 manus
1301 856 1434 907 ultro
1475 854 1822 920 intenderent,
1859 854 2063 920 impune

235 952 319 1005 vel
340 947 556 1019 poenam
590 965 734 1005 suam
767 949 1140 1003 dissuadentes.
1187 948 1320 1010 Quid
1345 948 1478 1000 enim
1511 947 1647 999 aliud
1674 947 1817 999 laeso
1847 951 2062 1013 patrono

237 1057 538 1100 concessum
579 1057 727 1109 quam
763 1048 819 1094 ut
856 1042 1185 1094 centesimum
1220 1041 1351 1092 ultra
1393 1039 1611 1106 lapidem
1644 1039 1698 1089 in
1735 1052 1877 1090 oram
1914 1038 2066 1089 Cam-

233 1135 415 1202 paniae
449 1134 682 1185 libertum
721 1134 963 1202 releget?
1014 1133 1223 1188 Ceteras
1259 1132 1489 1183 actiones
1515 1130 1797 1197 promiscas
1834 1134 1884 1181 et
1914 1141 2065 1195 pares

237 1238 371 1278 esse.
442 1225 787 1277 ‘tribuendum
833 1223 1039 1292 aliquod
1075 1223 1229 1276 telum
1267 1222 1404 1289 quod
1438 1221 1613 1288 sperni
1649 1224 1883 1286 nequeat.
1955 1219 2130 1276 Necte?

238 1330 401 1386 grave
444 1315 769 1369 manumissis
816 1330 909 1382 per
955 1315 1091 1367 idem
1131 1314 1431 1381 obsequium
1469 1311 1725 1367 retinendi
1761 1311 2064 1375 libertatem,

355 1493 398 1535 2·
429 1495 574 1532 tumen
605 1489 824 1532 {oceasum
855 1496 953 1532 eum
997 1487 1074 1531 lin.
1113 1494 1247 1543 super
1279 1487 1366 1530 litt.
1399 1501 1438 1529 c.
1473 1485 1552 1529 Ma.
1673 1480 1717 1528 3.
1752 1485 1792 1527 ei
1826 1483 2068 1527 Freinshe-

237 1552 372 1593 mius:
406 1548 508 1592 GMa
540 1556 593 1592 et.
670 1552 714 1593 4.
750 1548 954 1590 libertate‘
983 1547 1064 1591 Ma.
1140 1549 1182 1591 5.
1214 1555 1260 1590 ut
1289 1548 1387 1590 vine
1413 1547 1575 1589 editor:
1609 1543 1676 1587 Ma
1705 1545 1821 1598 uine,
1856 1544 1890 1587 G
1920 1544 1967 1586 ui
1995 1557 2065 1585 ne.

238 1625 261 1660 e
289 1624 342 1655 uo
374 1607 456 1658 Ma.
541 1609 604 1665 ι6.
635 1609 807 1666 impune
837 1621 926 1665 mg.
961 1606 1266 1664 Gryphianae:
1302 1607 1478 1655 codices
1509 1604 1730 1661 iaeupulere.
1841 1605 1882 1649 7.
1909 1616 2069 1659 penam

237 1624 320 1715 sta.
413 1668 500 1716 leso
531 1662 613 1717 Ma.
661 1720 665 1724 q
704 1667 747 1717 8.
775 1681 901 1723 quam
930 1674 977 1713 ut
1008 1669 1280 1718 centesimum
1310 1671 1550 1722 praeeunte
1580 1664 1727 1719 Lipsio
1750 1662 1969 1718 Ryckius:
2001 1658 2070 1708 Ma

239 1735 284 1787 et
315 1724 349 1777 G
379 1741 507 1786 quam
535 1727 798 1775 uicesimum.
891 1727 1129 1784 campania*
1147 1726 1226 1769 Ma.
1312 1726 1354 1773 9.
1382 1726 1619 1783 promissas
1645 1723 1725 1778 Ma,
1756 1723 1987 1781 pemnissas
2019 1720 2068 1768 G.

242 1790 312 1834 11.
343 1788 420 1833 vix
456 1786 634 1837 dubium
667 1788 772 1845 quin
800 1786 935 1836 fuerit
967 1787 1170 1832 retinere.

239 1932 370 1988 pania
406 1932 523 1973 enim
564 1930 618 1973 ab
663 1930 772 1973 urbe
814 1942 902 1972 non
951 1932 1111 1988 viginti

240 1990 458 2047 lapidibus
497 1990 575 2032 sed
618 1996 792 2032 centum
840 1996 883 2032 et
926 1991 1112 2045 amplius

240 2052 396 2103 distat3
438 2050 650 2092 Antonini
687 2049 963 2092 Itinerarium
997 2049 1115 2093 CVlI

242 2110 451 2153 milliaria
497 2109 648 2151 refert.
711 2107 838 2152 Conf.
883 2110 913 2152 l.
951 2111 973 2152 1
1006 2112 1051 2163 ὃ.
1085 2111 1115 2153 4

243 2170 347 2227 Dig.
381 2170 433 2211 de
464 2169 604 2224 officio
631 2170 777 2224 praef.
811 2169 910 2211 urbi
942 2169 983 2224 (l
1009 2171 1115 2226 12):

245 2228 446 2284 quidquid
474 2229 608 2283 igitur
642 2229 762 2270 intra
782 2229 930 2270 urbem
957 2229 1115 2270 admit-

243 2290 372 2341 titur,
416 2287 474 2328 ad
510 2290 780 2344 praesectum
816 2288 914 2330 urbi
950 2289 1117 2331 videtur

238 2349 484 2405 pertinere:
546 2346 620 2388 sed
679 2353 719 2389 et
766 2347 805 2388 si
850 2347 950 2402 quid
996 2350 1117 2390 intra

245 2407 519 2450 centesimum
534 2406 785 2448 milliarium
800 2406 1028 2449 admissum
1046 2409 1115 2459 sit,

245 2467 303 2509 ad
328 2468 596 2524 praesectum
623 2466 723 2508 urbi
753 2467 955 2522 pertinet.
1015 2466 1116 2508 Ori-

245 2527 393 2583 ginem
423 2525 521 2567 vitii
554 2526 618 2567 sic
655 2524 857 2580 explico:
901 2525 1117 2580 particula

244 2584 539 2641 praecedente
571 2589 654 2643 (ut)
687 2597 916 2641 perperam
959 2585 1117 2627 adiun-

246 2651 341 2699 cta,
405 2645 450 2685 in
509 2644 588 2686 illo
643 2645 824 2700 antiquo
878 2644 1117 2700 exemplari

244 2706 451 2759 scriptum
477 2711 568 2745 erat
597 2703 1026 2747 VTCENTESIMVM
1042 2705 1117 2746 vel

247 2763 689 2818 VllcEN'rESlMVM:
739 2764 840 2805 inde
897 2766 1118 2806 recentior

244 2823 388 2866 scriba
418 2822 524 2863 fecit
558 2821 879 2865 VICESIMVM.
925 2823 1012 2864 Iam
1046 2825 1118 2864 in-

245 2882 440 2938 telliges,
473 2880 629 2934 lector,
656 2895 732 2922 cur
763 2889 810 2923 ut
846 2884 890 2923 in
924 2881 989 2924 Ma
1016 2889 1118 2923 ante

244 2942 492 2984 uicesimum
523 2941 649 2983 desit.
693 2940 896 2983 Ceterum
929 2941 1118 2983 dubitari

246 3003 322 3043 vix
354 3001 515 3055 poterit
547 3002 652 3056 quin
686 3000 895 3042 veihane
915 3013 1115 3055 poenam,

247 3061 346 3102 dico
372 3060 656 3101 centesimum
689 3059 803 3101 ultra
835 3060 1023 3114 lapidem
1044 3073 1118 3102 re-

249 3119 542 3174 legationem,
582 3132 668 3159 non
709 3132 786 3160 suo
820 3120 1000 3162 arbitrio
1038 3133 1117 3174 pa-

249 3178 362 3217 troni
402 3177 639 3220 decernere
692 3179 938 3233 potuerint:
988 3180 1118 3220 immo

249 3235 518 3291 praetectum
550 3237 645 3278 urbi
681 3238 892 3280 adeuntes
917 3243 960 3280 et
982 3238 1119 3280 liber-

250 3302 389 3336 torum
426 3295 466 3334 in
500 3307 547 3336 se
580 3296 890 3337 contumeliam
912 3297 1120 3338 deferen-

250 3362 316 3396 tes
336 3363 518 3409 poenam
541 3353 659 3395 illam
683 3357 878 3411 irrogare
902 3355 1117 3396 solebant.

250 3415 342 3456 noc
386 3418 528 3453 tamen
571 3424 657 3453 non
701 3419 793 3454 erat
847 3427 980 3468 aequo
1026 3415 1120 3455 iure

250 3485 398 3529 agere.
463 3472 575 3526 Apte
632 3473 765 3527 igitur
819 3479 1006 3528 pergunt
1054 3473 1117 3514 illi

251 3533 506 3574 libertorum
571 3533 892 3585 vituperatores
957 3539 1121 3574 ceteras

251 3593 442 3635 actiones
491 3592 730 3647 promiscas
771 3599 809 3633 et
841 3605 973 3648 pares
1017 3606 1118 3634 esse.

256 3650 367 3703 Quid
399 3651 504 3693 iuris
545 3651 626 3693 hac
666 3652 711 3692 in
760 3665 806 3693 re
839 3651 1003 3696 Severo
1038 3652 1121 3693 im-

1197 1936 1378 1986 perante
1410 1935 1455 1972 et
1489 1934 1589 1983 post
1630 1927 1787 1979 fuerit,
1823 1926 2005 1981 exponit
2037 1926 2067 1968 l.

1201 1993 1222 2032 1
1259 1990 1312 2032 D.
1358 1990 1408 2031 cle
1456 1984 1597 2044 officie
1634 1987 1851 2043 praefecti
1889 1986 1988 2027 urbi
2030 1987 2071 2041 (Ι

1201 2051 1306 2107 12):
1355 2063 1448 2091 eum
1475 2055 1685 2103 patronus
1718 2046 1931 2087 contemni
1967 2058 2011 2086 se
2042 2057 2072 2086 a

1196 2109 1348 2151 liberto
1394 2105 1685 2159 dimerit,'vel
1723 2105 2071 2147 contumeliosum

1197 2169 1279 2210 sibi
1310 2168 1505 2209 libertum
1543 2172 1773 2221 queratur,
1819 2163 1887 2205 vel
1919 2164 2069 2206 convi-

1199 2229 1311 2269 cium
1352 2242 1396 2268 se
1443 2227 1496 2268 ab
1539 2240 1587 2267 eo
1627 2238 1803 2282 passum
1834 2224 2070 2278 liberosque

1197 2301 1294 2329 suos
1338 2286 1406 2328 vel
1448 2299 1648 2337 uxorem,
1698 2283 1765 2326 vel
1816 2283 1916 2338 quid
1955 2283 2071 2335 ,huic

1199 2347 1335 2388 simile
1355 2346 1544 2399 obiiciat,
1565 2346 1813 2401 praefectus
1830 2343 1928 2384 urbi
1955 2343 2072 2384 adiri

1197 2405 1325 2460 solet,
1359 2413 1398 2447 et
1425 2419 1505 2462 pro
1537 2403 1660 2445 modo
1694 2403 1894 2458 querelae
1925 2403 2070 2444 corri-

1195 2480 1297 2522 gere
1341 2479 1434 2507 eum
1478 2471 1553 2506 aut
1595 2463 1849 2505 comminari
1891 2469 1966 2504 aut
1995 2464 2070 2517 fu-

1196 2526 1326 2567 stibus
1366 2525 1583 2580 castiqare
1630 2529 1704 2564 aut
1745 2522 1925 2564 ulterius
1961 2534 2070 2577 pro-

1199 2585 1352 2626 cedere
1381 2586 1428 2627 in
1454 2596 1599 2640 poena
1630 2582 1718 2624 eius
1741 2582 1870 2624 solet:
1902 2594 2005 2622 nam
2031 2587 2071 2622 et

1193 2645 1401 2701 puniendi
1455 2643 1703 2700 plerumque
1762 2647 1860 2683 sunt
1912 2640 2068 2693 liberti,

1199 2710 1284 2747 cet.
1341 2703 1527 2746 Neronis
1560 2701 1711 2743 seculo
1744 2701 1927 2742 libertos
1961 2712 2070 2741 con-

1199 2763 1407 2805 tumeliae
1430 2764 1471 2803 in
1494 2768 1701 2816 patronos
1727 2760 1942 2802 admissae
1975 2772 2069 2801 ma-

1197 2823 1385 2864 nifestos
1408 2822 1703 2864 dediticiorum
1721 2831 1901 2861 numero
1933 2819 2071 2860 fuisse

1201 2881 1487 2923 crediderim:
1540 2879 1737 2921 dediticii
1791 2881 1906 2920 enim
1959 2879 2071 2919 intra

1201 2942 1487 2983 centesimum
1520 2940 1572 2982 ab
1606 2939 1714 2980 urbe
1746 2937 1935 2991 lapidem
1973 2947 2071 2977 mo-

1199 3002 1283 3042 rari
1310 3000 1667 3055 prohibebantur,
1694 3004 1745 3040 ac
1764 2996 2071 3039 dediticiorum

1200 3073 1380 3102 numero
1414 3057 1608 3100 infimum
1652 3057 1908 3100 libertorum
1931 3068 2071 3112 genus

1201 3125 1317 3172 erat3
1351 3133 1392 3161 v.
1428 3118 1504 3160 Gai
1537 3118 1676 3159 Instit.
1715 3115 2067 3169 Comment.1§.

1205 3179 1375 3222 12—-15
1410 3183 1453 3218 et
1485 3177 1542 3219 26
1575 3181 1619 3217 et
1650 3176 1722 3220 27.

1287 3249 1368 3277 nec
1408 3248 1540 3291 yrave
1581 3261 1637 3267 —-
1678 3231 1893 3275 retinendi
1936 3231 2070 3274 liber-

1201 3302 1353 3336 tatem.-
1389 3292 1484 3335 rara
1515 3307 1621 3336 sane
1654 3297 1871 3335 structura
1904 3291 2068 3333 verbo-

1199 3367 1308 3406 rum,
1330 3365 1457 3409 quam
1474 3353 1676 3409 equidem
1698 3351 1923 3392 tribuerim
1938 3352 2070 3393 aber-

1200 3415 1357 3454 rationi
1392 3413 1680 3454 describentis
1714 3417 1757 3452 ct
1783 3410 1963 3453 verbum
1996 3424 2071 3451 rc-

1202 3475 1337 3514 tinere
1391 3484 1525 3526 prave
1576 3484 1671 3512 cum
1726 3470 1964 3511 libertatem
2013 3472 2071 3511 ita

1203 3533 1440 3587 iungentis,
1473 3536 1520 3572 ut
1553 3536 1669 3573 esset
1695 3530 1910 3572 retinendi
1939 3529 2071 3571 liber-

1203 3596 1330 3633 tatem
1365 3591 1476 3632 idem
1508 3590 1624 3647 quod
1657 3589 1906 3632 retinendae
1939 3588 2071 3631 liber-

1203 3653 1302 3695 talis
1346 3657 1390 3695 ct
1434 3656 1616 3707 utraque
1650 3662 1735 3693 vox
1771 3648 1982 3704 penderet
2018 3662 2071 3691 ex
