2280 4004
208 1719 455 1773 islerare.

270 295 331 342 84
932 287 934 289 ’
1016 284 1309 341 ΑΝΝΑΒΝΜ

271 438 514 492 Armenia
551 438 699 490 soret.
769 437 1019 506 Digressu
1059 440 1372 492 centurionis
1412 440 1550 493 velut
1600 442 1812 495 custode
1865 441 2182 496 exolutus&

1838 314 1879 346 a.
1894 320 1897 326 ¹
1910 306 1956 347 u.
1987 290 2093 348 804.

271 529 561 598 praefectus
618 528 811 580 hortari
844 529 1166 582 Mithridaten
1222 532 1286 583 ad
1336 532 1666 585 sanciendum
1716 533 1929 600 foedus,
1970 549 2102 587 con-

271 621 582 673 iunctionem
619 620 828 672 fratrum
868 637 929 673 ac
969 622 1192 689 priorem
1231 628 1396 675 aetate
1430 624 1807 677 Pharasmanen
1844 630 1894 678 et
1929 631 2100 679 cetera

271 710 702 764 necessitudinum
739 713 944 764 nomina
993 710 1258 780 referenS,
1316 715 1451 781 quod
1486 715 1637 767 filiam
1678 716 1787 768 eius
1836 716 1888 768 in
1924 717 2104 769 matri-

235 803 442 858 smonio
479 802 722 869 haberet,

783 803 918 870 quod
959 805 1069 872 ipse
1097 805 1390 858 Radamisto
1441 821 1594 859 socer
1631 812 1783 860 esset.

1854 809 1969 861 Non
2006 809 2102 861 ab-

271 910 431 947 nuere
467 910 645 961 pacem
681 895 931 962 HiberOS,
995 912 1292 965 quamquam
1345 898 1396 949 in
1433 903 1660 966 tempore
1707 899 2023 965 validiores3·
2052 905 2103 953 et

272 987 396 1040 satis
435 987 690 1055 cognitam
716 987 1074 1040 Armeniorum
1101 988 1380 1056 perfidiam,
1407 1005 1505 1042 nec
1539 989 1675 1042 aliud
1709 991 1922 1043 subsidii
1954 1005 2102 1058 quam

275 1078 535 1131 castellum
578 1084 861 1131 commeatu
900 1095 1131 1147 egenum.
1206 1081 1280 1133 Ne
1333 1080 1586 1134 dubitaret
1622 1083 1776 1134 armis
1811 1082 2103 1134 incruentas

275 1170 596 1223 conditiones
633 1170 799 1223 malle.

875 1171 1154 1224 Cunctante
1192 1172 1255 1224 ad
1293 1188 1353 1225 ea
1395 1173 1714 1239 Mithridate,
1765 1178 1815 1225 et
1851 1173 2102 1240 suspectis

197 1262 519 1334 ‚sopraefecti
573 1262 832 1328 consiliis,
906 1263 1041 1329 quod
1097 1264 1329 1330 pellicem
1390 1265 1588 1332 regiam
1643 1263 1894 1331 polluerat
1949 1264 2104 1330 inque

274 1369 473 1406 omnem
495 1353 759 1406 libidinem
786 1354 983 1406 venalis
1009 1354 1306 1420 habebatur,
1335 1355 1606 1421 Casperius
1643 1355 1845 1408 interim
1886 1354 1952 1407 ad
1973 1355 2105 1406 Pha-

271 1459 544 1497 rasmanen
579 1445 829 1512 pervadit,
870 1450 1023 1512 utque
1051 1445 1230 1497 Hiberi
1268 1445 1471 1497 obsidio
1510 1445 1763 1498 decedant
1801 1445 2101 1513 expostulat.

271 1536 360 1589 Ille
398 1536 660 1603 propalam
691 1536 888 1588 incerta
927 1541 977 1588 et
1010 1537 1214 1604 saepius
1243 1537 1478 1588 molliora
1514 1537 1853 1604 respondens,
1889 1536 2105 1590 secretis

271 1627 460 1679 nuntiis
507 1631 679 1679 monet
716 1627 1060 1680 Radamistum
1101 1628 1530 1695 oppugnationem
1581 1642 1783 1695 quoquo
1822 1628 1976 1681 modo
2015 1642 2108 1680 ce-

395 1877 435 1917 1.
468 1875 691 1916 armeniae
721 1875 793 1930 [οφ
796 1881 836 1916 et
865 1872 945 1917 Μ3.

274 1934 316 1976 6.
351 1932 622 1989 quanq.1ufl.

275 1992 574 2036 Oxonienses:
616 1995 807 2036 correxit
839 1993 1028 2048 Lipsius,

275 2052 502 2096 dubitaret.

279 2112 348 2155 10.
377 2111 560 2169 pelicem
590 2111 671 2155 Μ3.
769 2114 837 2156 13.
871 2113 1010 2169 sepius
1044 2112 1123 2156 Ma.

390 2255 495 2310 Cap.
555 2255 627 2298 46.
707 2256 841 2298 armis
898 2256 1150 2298 incruentas

276 2316 541 2357 conditiones
592 2313 747 2356 malle:
800 2315 1068 2370 comparavit
1114 2314 1147 2357 Ι.

275 2375 345 2418 Fr.
383 2374 628 2417 Gronovius
663 2387 718 2416 ex
751 2374 942 2429 Appulei
975 2374 1149 2429 Apolo-

276 2436 376 2490 gia:
418 2442 699 2491 persuaserat
749 2434 862 2476 idem
915 2433 1150 2476 Pontianus

273 2494 406 2535 matri
449 2508 576 2547 suae,
621 2500 668 2535 ut
707 2507 773 2534 me
816 2493 916 2535 aliis
960 2494 1151 2535 omnibus

274 2553 436 2595 mallet.
502 2552 706 2594 Ceterum
758 2566 884 2607 quam
927 2559 1027 2594 ante
1075 2554 1150 2593 in-

277 2619 478 2654 cruentas
499 2623 587 2652 non
610 2611 801 2652 additum
818 2611 871 2652 ab
905 2612 958 2652 iis
991 2611 1149 2666 quibus

275 2684 418 2712 rarum
453 2669 662 2726 loquendi
696 2683 836 2726 genus
877 2670 1149 2725 incognitum

278 2730 349 2784 (hi
391 2731 506 2771 enim
548 2742 674 2770 arma
712 2741 790 2783 pro
835 2730 967 2770 armis
1000 2729 1150 2771 dedis-

277 2793 426 2846 sent),
480 2788 559 2830 sed
608 2801 662 2830 ex
703 2789 975 2844 praegressis
1026 2801 1151 2843 quam

277 2848 499 2891 castellum
546 2855 781 2889 commeatu
831 2861 1009 2903 egenum
1066 2849 1151 2888 im-

278 2907 516 2962 prudenter
547 2908 781 2960 repetitum
821 2913 901 2949 est.
1024 2907 1151 2961 inque

278 2980 443 3007 omnem
476 2966 694 3007 libidinem
725 2967 923 3008 venalis.-
956 2965 1152 3008 breviter

279 3026 365 3067 hoc
397 3025 558 3066 dictum
592 3037 669 3079 pro
701 3027 829 3080 inque
864 3038 1028 3066 omnem
1050 3025 1151 3067 libi-

280 3085 422 3127 dinem
447 3098 612 3140 pronus
644 3099 773 3139 eoque
803 3083 983 3126 venalis.

366 3143 648 3213 praesidium
678 3144 939 3186 omissuros.-
981 3143 1152 3197 praesi-

281 3203 438 3246 sidium
491 3209 557 3244 est
602 3199 654 3247 τὸ
698 3203 961 3263 φρούριον,
1018 3201 1060 3243 h.
1111 3215 1150 3244 e.

283 3262 511 3304 castellum
545 3261 759 3316 Gorneae,
793 3268 840 3303 ut
858 3261 917 3304 111
942 3262 997 3305 21
1015 3273 1153 3317 prae-

281 3322 434 3363 sidium
466 3322 536 3362 cui
573 3321 707 3363 Thala
735 3335 904 3363 nomen.
951 3319 1019 3362 Cf.
1053 3319 1153 3362 xlv

281 3382 366 3423 33:
419 3381 582 3422 omissis
615 3380 802 3423 castellis
841 3379 1154 3438 praesidiisque

281 3439 548 3482 militarium.

371 3497 475 3552 Cap.
509 3498 582 3541 47.
639 3500 859 3554 provisum
888 3498 981 3540 illic
1009 3498 1154 3540 sacri-

278 3557 423 3610 ficium
477 3558 795 3614 [imperatum]:
852 3559 1073 3614 provisum
1129 3570 1154 3598 a

282 3615 516 3668 ministris,
563 3616 816 3671 imperatum
848 3630 873 3659 a
904 3616 1152 3659 Radamisto

286 3673 391 3716 olim
430 3673 649 3734 explicui:
696 3688 811 3720 nunc
853 3675 985 3722 video
1030 3676 1152 3721 eius-

1269 1872 1294 1901 a

746 1935 786 1976 7.
822 1934 996 1990 coynita
1027 1874 1340 1990 -Jejlozbfffigiam
1371 1932 1451 1987 Μ3,
1489 1933 1664 1989 coynita
1694 1958 1751 1966 —
1778 1933 1963 1989 perfidia
1995 1931 2031 1975 G
2060 1937 2105 1975 et

1161 1993 1204 2036 8.
1249 1994 1492 2035 commeatu
1519 1991 1600 2035 Μ3.

597 2054 731 2095 armis
757 2057 842 2108 qud
873 2055 1125 2096 incruentas
1145 2052 1237 2095 Μ3.
1272 2054 1463 2095 correxit
1482 2050 1678 2096 Ursinus.

1221 2114 1289 2155 14.
1330 2112 1424 2168 obp.
1457 2110 1537 2154 Μ3.

529 1719 763 1787 Augetur
795 1718 974 1787 flagitii
1011 1734 1229 1785 merceS,
1270 1723 1320 1771 et
1346 1718 1504 1771 Pollio
1543 1719 1744 1772 occulta
1782 1718 2107 1786 corruptione

1430 1873 1561 1916 eoesol.
1597 1872 1670 1915 Or.
1794 1875 1836 1918 2.
1869 1873 1992 1930 fedus
2022 1870 2104 1915 Μ3.

1725 1993 1918 2034 dubitare
1949 1990 2040 2034 Μ3.
2073 1991 2107 2035 G

1769 2052 1811 2096 9.
1846 2051 2012 2095 condic.
2033 2049 2106 2095 Or.

1234 2254 1348 2296 modi
1371 2253 1645 2310 diligentiam
1672 2253 1898 2296 obscuram
1932 2258 1975 2295 et
2007 2253 2106 2294 ina-

1233 2327 1333 2356 nem
1386 2326 1564 2368 prorsus
1621 2311 1857 2356 abhorrere
1919 2325 1945 2354 a
2003 2311 2106 2354 stilo

1233 2373 1453 2426 'l'acitino,
1501 2372 1633 2415 video
1675 2373 1930 2429 imperatum
1971 2383 2106 2427 prave

1235 2432 1499 2475 collocatum
1550 2444 1648 2474 esse
1693 2445 1744 2474 ac
1788 2431 1899 2474 nihil
1931 2429 2107 2473 differre

1235 2506 1260 2534 a
1292 2494 1437 2546 priore
1463 2493 1705 2547 provisum,
1755 2492 1839 2534 nisi
1873 2490 1990 2546 quod
2021 2490 2107 2531 hoc

1236 2552 1442 2606 exquisiti
1475 2551 1689 2592 sermonis
1723 2556 1815 2604 est,
1859 2548 1970 2591 illud
2001 2549 2106 2591 vul-

1235 2623 1340 2666 gare
1373 2617 1417 2652 et
1448 2612 1694 2663 protritum.
1743 2610 1895 2664 ltaque
1914 2607 2105 2664 glossam

1236 2682 1333 2710 esse
1365 2674 1499 2723 patet.
1562 2667 1686 2719 Quod
1721 2669 1960 2722 Seyffertus
1995 2679 2106 2708 con-

1234 2729 1339 2769 iecit
1390 2734 1433 2769 et
1483 2732 1585 2768 ante
1629 2726 1745 2768 hunc
1790 2725 2014 2783 Pflugkius
2060 2727 2106 2767 in

1235 2787 1395 2830 Sched.
1432 2786 1526 2829 crit.
1561 2798 1603 2840 p.
1642 2787 1722 2839 11,
1785 2785 1992 2839 sacrificii
2017 2798 2105 2841 pa-

1235 2853 1403 2899 ratum,
1464 2844 1806 2901 Bezzenberger
1862 2845 2107 2898 sacrificum

1230 2913 1455 2962 paratum,
1502 2917 1591 2946 non
1641 2911 1825 2960 paratus
1869 2903 2105 2962 (Zubebo'r)

1235 2966 1455 3018 sacrificii,
1489 2970 1535 3004 ut
1558 2962 1673 3006 1169
1705 2963 1899 3006 admotas
1930 2962 2105 3015 himins,

1234 3023 1522 3077 sacrificalem
1553 3030 1810 3079 apparatum
1842 3047 1898 3055 --
1925 3028 2106 3078 protur-

1236 3083 1321 3135 bat,
1354 3083 1427 3125 vel
1443 3081 1541 3124 xlll
1557 3082 1607 3123 17
1636 3082 1809 3138 proviso
1843 3088 1944 3123 ante
1973 3084 2106 3136 sune-

1236 3142 1303 3183 bri
1328 3148 1504 3198 paratu,
1538 3139 1612 3183 vel
1645 3140 1696 3183 H.
1729 3139 1784 3181 111
1815 3140 1872 3184 56
1898 3142 2108 3196 prosaqus

1236 3200 1447 3242 altaribus
1494 3207 1642 3242 taurus
1689 3200 1862 3241 disiecto
1902 3199 2109 3254 sacrificii

1237 3267 1477 3316 apparatu,
1520 3258 1800 3300 memoranda
1843 3264 1966 3311 erat,
2029 3258 2108 3300 sed

1237 3320 1378 3374 ipsum
1422 3318 1682 3360 sacrificium
1731 3330 1816 3373 quo
1860 3317 2015 3360 foedus
2058 3329 2106 3358 se

1236 3379 1408 3421 sancire
1426 3377 1545 3420 velle
1563 3376 1836 3419 Radamistus
1859 3374 2104 3419 simulabat.

1328 3438 1402 3479 ubi
1432 3437 1608 3493 sanquis
1639 3443 1759 3478 artus
1781 3442 1988 3477 extremos
2011 3436 2106 3489 suf-

1236 3496 1423 3552 fuderit.-
1459 3495 1727 3550 praepositio
1747 3495 1808 3547 in,
1833 3499 1932 3535 ante
1951 3503 2106 3534 vocem

1238 3563 1359 3599 artus
1389 3557 1434 3597 in
1468 3555 1592 3596 libris
1623 3555 1796 3607 scriptis
1827 3551 1995 3604 addita,
2033 3556 2108 3593 aut

1238 3614 1536 3669 imprudenter
1553 3626 1606 3654 ex
1624 3613 1769 3666 priore
1793 3612 1840 3652 in
1864 3611 2108 3653 societatem

1236 3673 1312 3718 vel
1342 3672 1603 3734 in-plicare
1642 3668 1829 3729 repetita
1859 3675 1933 3715 aut
1963 3670 2107 3733 impe-
