2280 4004
253 269 344 331 1⁸12
1023 287 1315 332 ANNAL1VM
1828 305 1868 335 a.
1901 287 1946 336 u.
1979 291 2079 340 7692

255 435 371 501 quia
409 450 506 487 nec
541 435 637 502 ipsi
687 435 819 486 inter
855 450 912 487 se
952 436 1296 488 concederent
1333 441 1382 488 et
1419 435 1543 489 Libo
1582 436 1694 490 sine
1741 441 1972 505 patrono·
1996 441 2082 492 in—

251 527 474 593 troisset,
515 527 806 595 singillatim
850 542 906 580 se
945 528 1155 580 crimina
1197 528 1511 580 obiecturum
1548 530 1840 597 professus,
1877 531 2082 597 protulit

251 617 453 671 libellos
508 619 759 671 vecordes
825 619 954 671 adeo
1014 625 1068 692 ut
1111 619 1503 694 „consultaverit
1530 621 1656 674 Libo
1711 638 1775 674 an
1822 622 2086 696 habitQ

252 710 386 762 foret
423 726 546 778 opes
584 710 695 777 quis
732 710 867 762 viam
909 692 1480 778 Appiam-Brundisium
1515 729 1677 780 usque
1702 693 2084 782 pecun'i‘hfopess

214 785 391 853 §riret
466 803 669 853 Inerant
711 806 760 853 et
800 802 897 853 alia
931 802 1317 870 huiuscemodi,
1374 805 1557 858 stolida
1595 821 1756 871 vana,
1798 805 1842 857 si
1879 804 2080 858 mollius

225 892 531 958 acciperes,
571 893 878 946 miseranda.
952 895 1046 946 Uni
1086 900 1254 947 tamen
1289 895 1463 948 libello
1501 911 1651 947 manu
1677 895 1885 948 Libonis
1912 896 2084 948 nomi-

249 983 398 1035 nibus
435 983 707 1036 Caesarum
761 990 845 1037 aut
904 992 1194 1039 senatorum
1234 987 1433 1040 additas
1485 993 1686 1040 atroces
1730 988 1813 1039 vel
1853 987 2080 1040 occultas

250 1080 397 1127 notas
438 1082 708 1129 accusator
741 1078 1003 1145 arguebat.
1076 1080 1307 1147 Negante
1340 1095 1449 1146 re0,
1482 1080 1861 1148 adgnoscentes
1898 1094 2079 1132 servos

247 1182 339 1234 per
393 1172 642 1221 tormenta
699 1169 1008 1237 interrogari
1059 1170 1262 1237 placuit.
1355 1171 1416 1223 Et
1474 1172 1588 1238 quia
1646 1176 1820 1224 vetere
1874 1175 2079 1224 senatus

369 1336 407 1376 1.
441 1333 529 1391 ipse
562 1335 617 1377 M.
680 1336 722 1378 3.
756 1336 989 1379 vaecordes
1020 1336 1075 1378 Μ.
1138 1335 1180 1379 8.
1216 1336 1583 1393 adqnonoscentes
1611 1336 1666 1379 M.
1730 1336 1772 1380 9.
1804 1336 2080 1393 interroqare

248 1392 313 1442 M:
348 1396 538 1437 correxit
567 1395 758 1450 Lipsius.

297 1520 306 1534 .
336 1536 436 1591 quia
453 1549 534 1578 nec
549 1537 633 1592 ipsi
647 1536 761 1577 inter
774 1550 817 1578 se
841 1535 1124 1579 concederent

249 1602 288 1639 et
339 1596 444 1637 Libo
491 1596 585 1638 sine
628 1603 815 1652 patrono
875 1597 1120 1638 introisset:

248 1653 359 1696 haec
409 1655 580 1697 Tacitus
635 1656 689 1696 ad
740 1662 930 1698 mentem
974 1661 1018 1697 et
1068 1669 1121 1697 ex

185 1711 196 1719 ”
219 1714 222 1716 ’
247 1717 447 1757 oratione
469 1715 587 1757 Vibii
610 1715 807 1768 protulit.
832 1745 838 1749 ⁵
870 1715 1123 1771 singillatim

247 1788 292 1815 se
346 1777 532 1817 crimina
579 1775 839 1817 obiecturum
876 1778 1121 1831 professus:

247 1836 497 1882 continuam
519 1836 762 1876 orationem
783 1836 929 1875 omisit
945 1841 1120 1876 secutus

248 1892 472 1937 Ciceronis
538 1893 585 1936 C.
643 1894 823 1936 Verrem
887 1894 1119 1935 accusandi

244 1953 474 2008 rationem,
489 1953 543 1996 de
554 1966 638 2010 qua
650 1967 692 1996 v.
707 1954 805 1996 Act.
823 1955 866 1994 in
882 1953 1118 1995 Verr.111.

333 2016 411 2055 uni
443 2021 584 2055 tamen
618 2012 757 2055 libello
792 2039 847 2045 —
880 2014 1121 2054 nominibus

248 2072 553 2117 Caesarum—
575 2072 745 2115 additas
777 2080 945 2114 atroces
966 2080 1091 2114 notas
1105 2087 1118 2113 .-

243 2126 428 2174 'duorum
474 2146 649 2175 casuum
705 2131 949 2174 dativorum
1003 2133 1122 2186 prior

246 2196 341 2250 (uni
364 2192 524 2250 libello)
547 2199 700 2246 totum,
720 2192 830 2234 alter
844 2192 1120 2248 (nominibus)

247 2259 416 2307 partem
481 2254 726 2308 consignat.
818 2251 970 2307 Itaque
1032 2264 1120 2292 non

246 2325 432 2354 necesse
467 2318 533 2354 est
566 2312 769 2353 substitui
802 2325 886 2353 uno
919 2323 996 2365 pro
1028 2313 1120 2364 uni,

245 2378 295 2413 ut
328 2373 464 2414 suasit
495 2372 697 2413 Kritzius.

249 2461 252 2464 -
335 2439 475 2474 vetere
489 2439 661 2473 senatus
682 2430 898 2472 consulto:
926 2430 1123 2471 meminit

249 2494 344 2535 eius
380 2490 473 2533 Cic.
507 2503 585 2546 pro
622 2490 768 2533 Deiot.
807 2492 845 2542 1,
877 2489 1028 2531 Milon.
1050 2491 1121 2542 22,

247 2563 324 2606 pro
369 2553 498 2593 Rosc.
541 2552 637 2592 Am.
682 2552 764 2603 41,
815 2549 963 2592 Partit.
1013 2555 1121 2590 orat.

249 2613 293 2662 ᾗ.
325 2611 421 2652 118.
494 2610 741 2666 mancipari
771 2608 962 2663 singulos
985 2609 1125 2649 actori

242 2669 414 2726 'publico
457 2669 600 2711 iubet:
653 2669 966 2721 interpretare:
1021 2667 1125 2708 la'sst

248 2731 374 2771 einen
416 2728 530 2770 nach
573 2728 665 2769 dem
707 2727 876 2768 andern
908 2740 966 2767 an
999 2728 1124 2767 einen

259 2788 493 2831 Ver-walter
541 2801 624 2829 von
673 2787 976 2841 Staatsqu'tern
1022 2799 1124 2826 ver-

249 2847 409 2903 kausen
436 2862 450 2889 .·
513 2860 611 2888 nam
677 2845 890 2887 eiusmodi
953 2850 1123 2886 actores

248 2907 397 2961 plures
431 2908 474 2948 in
508 2907 614 2948 urbe
650 2912 794 2958 eraut,
838 2917 983 2960 neque
1029 2906 1124 2958 ipse

250 2968 318 3007 cui
343 2967 580 3020 mancipati
600 2971 699 3007 sunt
718 2977 820 3006 suos
842 2965 925 3005 iam
956 2963 1123 3015 habuit,

249 3025 327 3071 sed
361 3032 576 3081 tamquam
609 3026 671 3066 rei
705 3023 908 3078 publicae
955 3029 1122 3076 emptos

249 3084 542 3139 suscipiendis
561 3082 753 3140 negotiis
773 3081 985 3124 adhibuit.
1007 3081 1122 3123 ldcm

248 3144 478 3186 artificium
528 3143 725 3185 Tiberius
783 3142 944 3196 repetit
1011 3141 1125 3182 infra

248 3202 306 3246 111
346 3204 427 3247 67:
480 3217 626 3246 servos
669 3215 829 3258 quoque
872 3198 1041 3252 Silani,
1081 3207 1126 3241 ut

250 3265 470 3306 tormentis
529 3263 907 3318 inter·v·oyarent·u1·
929 3291 940 3312 ,
1003 3266 1126 3301 actor

244 3322 439 3379 publicus
470 3323 684 3378 mancipio
727 3326 969 3376 acceperat.

263 3412 265 3414 »
329 3382 574 3437 domumque
587 3382 800 3436 diyressus
814 3405 868 3411 —-
879 3377 1122 3420 mandavit.-

250 3437 368 3480 aliud
415 3447 458 3482 et
508 3442 666 3482 fortius
717 3438 947 3481 consilium
996 3437 1126 3478 amita

251 3498 479 3541 Scribonia
510 3499 654 3551 dedit,
701 3506 747 3540 ut
780 3503 924 3539 narrat
955 3497 1125 3539 Seneca

248 3553 390 3611 Epist.
412 3558 491 3600 70:
525 3559 770 3610 Scribonia,
783 3558 929 3613 gnavis
945 3557 1124 3612 semina,

251 3618 383 3658 amita
427 3616 560 3658 Drusi
603 3617 777 3658 Libonis
818 3618 923 3670 fuit,
972 3614 1126 3657 adule-

250 3676 407 3720 scentis
452 3682 539 3719 tam
590 3675 733 3720 stolidi
783 3689 908 3735 quam
955 3673 1125 3729 nobilis,

1207 1537 1379 1578 maiora
1427 1536 1642 1593 sperantis
1696 1550 1821 1592 quam
1875 1543 1951 1580 aut
2001 1534 2078 1579 illo

1208 1597 1349 1638 seculo
1383 1599 1601 1651 quisquam
1619 1610 1797 1653 sperare
1814 1590 1985 1654 poterat
2005 1603 2080 1639 aut

1207 1657 1296 1712 ipse
1326 1655 1430 1697 ulto.
1493 1655 1598 1697 Cum
1630 1670 1761 1711 aeyer
1793 1671 1821 1698 a
1850 1663 2003 1699 senatu
2031 1657 2080 1698 in

1208 1715 1362 1757 lectica
1392 1714 1555 1757 relatus
1585 1723 1691 1757 esset
1719 1729 1807 1757 non
1837 1729 1943 1758 sane
1982 1717 2080 1771 fre-

1209 1775 1428 1830 quentibus
1491 1777 1677 1830 exequiis
1739 1777 1908 1832 (omnies
1969 1777 2081 1818 enim

1206 1835 1446 1876 necessarii
1493 1835 1773 1877 deseruerant
1816 1835 1944 1891 impie
1991 1835 2081 1876 iam

1205 1907 1293 1935 non
1315 1908 1447 1946 reum,
1480 1894 1555 1935 sed
1574 1896 1738 1951 sunus).
1758 1894 1917 1936 habere
1944 1896 2082 1951 coepit

1207 1953 1443 2006 consilium,
1455 1960 1596 1995 utrum
1610 1953 1894 1996 conscisceret
1903 1961 2080 1996 mortem

1206 2027 1265 2053 an
1288 2019 1545 2069 expectaret.
1575 2013 1656 2055 Cui
1675 2013 1929 2055 Scribonia:
1949 2013 2080 2066 ‘Quid

1207 2071 1273 2125 te’,
1291 2073 1443 2127 inquit,
1455 2071 1653 2114 ‘delectat
1665 2070 1854 2115 alienum
1864 2074 2079 2129 negotium

1207 2131 1385 2188 aqere’?
1447 2131 1546 2173 Non
1598 2132 1795 2188 (corrige
1840 2145 1922 2174 nec
1970 2133 2078 2201 non)

1201 2192 1420 2248 persuasit
1468 2190 1560 2232 illi:
1614 2205 1767 2233 manus
1807 2190 1889 2233 sibi
1937 2190 2080 2234 atttelu

1206 2265 1287 2292 nec
1335 2252 1427 2292 sine
1478 2264 1639 2292 causa:
1688 2264 1790 2292 nam
1829 2255 1948 2307 post'
1974 2248 2084 2293 diem

1208 2313 1377 2352 tertium
1409 2317 1483 2352 am
1514 2317 1710 2365 quartum
1746 2310 1913 2352 inimici
1944 2311 2082 2352 mov-i-

1209 2377 1328 2411 turus
1377 2369 1558 2411 arbitrio
1610 2371 1648 2412 si
1706 2370 1836 2423 vivit,
1893 2369 2082 2412 alienum

1207 2429 1423 2485 neqotium
1455 2429 1559 2485 ayit.

1297 2487 1444 2530 Publio
1479 2489 1688 2541 Quirino.-
1721 2488 1912 2530 nominis
1941 2486 2083 2530 forma

1211 2548 1445 2601 Quirinius,
1479 2559 1590 2604 quae
1622 2547 1694 2589 hic
1722 2548 1767 2590 in
1785 2546 1824 2590 Μ
1845 2548 2081 2603 invenitur,

1210 2609 1314 2649 item
1345 2606 1402 2648 111
1434 2609 1506 2660 22,
1541 2607 1614 2648 ubi
1648 2613 1716 2649 ter
1748 2608 1890 2649 exitus
1922 2607 2080 2660 injus,

1210 2673 1340 2721 atque
1372 2665 1428 2706 111
1459 2665 1531 2718 48,
1567 2665 1640 2707 ubi
1663 2672 1807 2708 tamen
1825 2665 1892 2708 bis
1911 2666 2084 2718 Quirini

1210 2738 1260 2766 ac
1292 2724 1428 2766 semel
1448 2725 1669 2776 Quirinius
1695 2726 1889 2778 offertur,
1922 2735 2081 2767 nomen

1211 2789 1327 2826 esset
1341 2783 1508 2840 gentile
1523 2796 1599 2838 pro
1614 2796 1733 2826 more
1748 2784 2080 2826 conformatum.

1211 2843 1295 2886 Sed
1338 2843 1482 2899 gentis
1524 2856 1681 2884 nomen
1727 2843 1830 2886 huic
1863 2842 2082 2886 consulari

1210 2903 1296 2944 fuit
1326 2902 1543 2959 Sulpicius
1575 2901 1654 2959 (ΙΙΙ
1683 2902 1783 2961 48),
1816 2915 2082 2959 praenomen

1211 2961 1396 3004 Publius.
1449 2961 1599 3018 Itaque
1620 2963 1795 3004 tertium
1815 2962 1931 3019 quod
1949 2965 2084 3005 restat

1212 3027 1277 3062 est
1309 3033 1467 3062 nomen
1498 3021 1691 3064 familiae
1711 3023 1806 3064 sive
1836 3034 2081 3080 cognomen

1211 3080 1342 3136 idque
1377 3081 1579 3131 Quirinus
1613 3094 1711 3123 esse
1743 3080 1896 3134 debet,
1938 3087 1985 3122 ut
2017 3087 2083 3123 est

1210 3141 1255 3179 in
1307 3138 1475 3179 duobus
1515 3139 1625 3181 locis
1665 3138 1811 3181 11148
1853 3140 2078 3196 (Quirini).

1209 3197 1257 3238 In
1320 3200 1513 3253 quinque
1575 3198 1770 3254 reliquos
1834 3199 2082 3255 corruptela

1210 3259 1371 3300 invasit
1403 3264 1504 3299 nata
1547 3270 1624 3312 per
1665 3257 2023 3302 assimilationem
2057 3272 2081 3302 e

1211 3317 1495 3372 praenomine
1511 3316 1681 3359 Publius
1712 3319 1755 3359 in
1787 3318 1855 3360 ius
1875 3318 2078 3361 exeunte.

1212 3375 1467 3432 Cognomen
1501 3375 1583 3418 viri
1609 3383 1730 3419 recte
1757 3377 1953 3419 scribunt
1979 3374 2079 3420 fasti

1212 3435 1465 3478 consulares
1507 3435 1559 3477 ad
1601 3450 1638 3478 a.
1687 3436 1773 3480 742
1805 3437 1955 3494 (741),
1989 3434 2079 3491 ,ubi

1213 3501 1278 3537 est
1334 3493 1378 3537 P.
1430 3493 1711 3538 SVLPICIUS
1759 3494 1804 3537 P.
1854 3495 1886 3535 f.
1935 3493 1980 3536 Ρ.
2034 3505 2077 3546 n.

1214 3553 1494 3607 QVfflffiVS,
1521 3566 1777 3610 quamquam
1797 3559 1862 3594 est
1882 3553 2077 3605 Quirinio

1212 3622 1252 3656 et
1273 3614 1421 3671 Valyio
1441 3628 1525 3656 cos.
1543 3615 1585 3654 in
1606 3610 1834 3655 Kalendar.
1854 3610 2077 3670 Praenest.

1212 3674 1265 3718 ad
1305 3673 1379 3720 lv.
1422 3673 1510 3717 kal.
1543 3672 1644 3718 Mai.
1685 3672 1730 3716 in
1774 3670 1897 3716 Verr.
1931 3668 2077 3718 Flacc.
