2280 4004
234 275 260 309 8
290 261 339 307 C.
371 264 444 308 32.
836 265 998 309 1.1BER
1032 265 1105 310 Vl.
1170 264 1276 309 GAr.
1308 266 1440 310 4—7.
1970 260 2056 312 821

237 407 528 474 conscripti,
568 413 655 460 aut
694 409 948 475 quomodo
988 408 1224 475 scribam,
1262 415 1345 461 aut
1382 409 1499 476 quid
1541 409 1747 460 omnino
1784 422 1887 460 non
1923 409 2059 461 scri-

229 496 350 548 bam
388 497 488 549 hoc
521 504 770 566 tempore,
813 500 863 550 di
898 516 977 552 me
1015 501 1244 567 deaeque
1275 501 1419 567 peius
1457 500 1672 567 perdant
1706 514 1853 566 quam
1888 501 2058 566 perire

237 603 317 639 me
358 589 546 642 cotidie
580 591 763 656 sentin,
807 592 850 643 si
887 587 1029 643 scio?
1100 593 1246 644 Adeo
1288 592 1516 644 facinora
1554 598 1702 659 atque
1741 592 1930 660 flagitia
1966 607 2060 643 sua

237 680 331 745 ipsi
370 695 570 747 quoque
607 683 658 732 in
689 683 984 749 supplicium
1022 689 1294 735 verterant.
1369 685 1544 750 Neque
1572 684 1755 735 frustra
1789 688 2060 750 praestan-

237 771 458 824 tissimus
499 774 778 840 sapientiae
821 774 1020 826 firmare
1055 776 1233 827 solitus
1273 781 1379 840 est,
1435 777 1477 826 si
1517 776 1844 827 recludantur
1882 780 2096 842 tyran-5

238 878 416 916 norum
450 869 660 930 menteS,
700 881 854 931 posse
894 867 1050 932 aspici
1089 867 1303 918 laniatus
1344 872 1391 918 et
1422 867 1565 932 ictus,
1607 866 1808 933 quando
1848 871 1900 916 ut
1938 881 2059 917 cor-

236 969 358 1021 pora
394 955 720 1021 verberibuS,
763 957 828 1008 ita
868 958 1078 1008 saevitia
1117 957 1356 1022 libidine,
1398 957 1542 1008 malis
1583 957 1826 1009 consultis
1865 957 2059 1008 animus

235 1045 556 1097 dilaceretur.
632 1047 825 1113 Quippe
861 1049 1115 1100 Tiberium
1165 1063 1267 1099 non
1315 1049 1542 1113 fortuna,
1607 1063 1708 1099 non
1757 1048 2060 1100 solitudines

233 1137 583 1204 protegebant,
624 1138 740 1203 quin
776 1143 1021 1190 tormenta
1054 1139 1277 1204 pectoris
1304 1154 1522 1204 suasque
1560 1140 1668 1205 ipse
1703 1154 1895 1205 poenas
1930 1139 2062 1189 sate-

185 1226 389 1279 ⁷retur.
473 1228 591 1278 Tum
630 1229 760 1280 sacta
799 1230 1022 1296 patribus
1079 1235 1326 1295 potestate
1364 1230 1615 1281 statuendi
1666 1230 1729 1280 de
1767 1229 2125 1280 Caecilianum

234 1323 499 1383 senatore,
539 1319 622 1384 qui
661 1319 871 1385 plurima
909 1320 1176 1371 adversum
1214 1320 1406 1370 Cottam
1446 1324 1788 1386 prompserat,
1826 1319 2062 1385 placitum

237 1409 448 1461 eandem
486 1425 700 1476 poenam
750 1411 977 1477 inrogari
1020 1426 1165 1477 quam
1215 1412 1262 1461 in
1302 1411 1572 1462 Aruseium
1629 1415 1675 1462 et
1715 1411 2060 1476 Sanquiniuin,

236 1506 564 1551 accusatores
614 1501 750 1552 Lucii
801 1502 1063 1564 Arruntii3
1129 1516 1226 1567 quo
1293 1516 1394 1552 non
1443 1489 1587 1553 ‘aliud
1646 1500 2062 1552 honorificentius

239 1591 414 1642 Cottae
453 1593 647 1657 evenit,
687 1593 768 1658 qui
808 1593 993 1644 nobilis
1033 1593 1263 1659 quidem,
1302 1593 1391 1644 scd
1434 1608 1593 1659 egens
1631 1594 1694 1642 ob
1736 1593 1933 1656 luxum,
1972 1606 2064 1657 per

234 1682 423 1748 flagitia
453 1683 670 1747 infamis,
707 1685 1042 1735 sanctissimis
1079 1684 1305 1734 Arruntii
1343 1684 1533 1734 artibus
1571 1684 1817 1749 dignitate
1855 1683 2130 1734 ultionists

237 1773 562 1838 aequabatur.

376 1865 588 1925 Quintus
636 1866 887 1917 Servaeus
935 1866 1146 1932 posthac
1196 1871 1243 1917 et
1281 1866 1527 1917 Minucius
1565 1865 1806 1917 Thermus
1853 1865 2063 1929 inducti,

238 1955 490 2008 Servaeus
543 1961 778 2023 praetura
836 1957 1032 2006 functus
1097 1963 1143 2006 et
1208 1957 1458 2022 quondam
1519 1956 1805 2007 Germanici
1870 1971 2060 2019 conieS,

159 908 178 1176 Μ·
174 858 187 903 -χ
166 447 191 853 Χ.],.“,,,,,,-,,ἱ-,--χῇἏ-,--Ἁ

1834 2110 1874 2150 2.
1911 2108 2064 2149 (timide

1916 2168 1956 2209 5.
1991 2169 2063 2209 tir.

1679 2228 1748 2271 12.
1779 2228 2065 2282 sanqunnium

1629 2287 1695 2329 15.
1729 2284 1884 2328 ultioni
1914 2298 2065 2340 seque-

362 2111 398 2151 1.
433 2110 601 2163 quando
633 2110 697 2152 M:
732 2111 923 2153 correxit
954 2108 1195 2152 Beroaldus
1229 2111 1310 2165 (ex
1342 2109 1461 2152 Suet.
1495 2109 1587 2150 Tib.
1620 2110 1717 2166 67).

242 2181 403 2222 aequae
436 2169 499 2211 M:
534 2170 724 2210 correxit
753 2169 1011 2212 Beroaldus.
1133 2171 1177 2211 3.
1213 2168 1367 2210 cotidie
1398 2168 1461 2220 Μ,
1494 2180 1581 2210 non
1615 2166 1811 2223 quotidie.

243 2228 294 2269 M.
388 2229 428 2271 7.
462 2229 614 2270 sevitia
644 2229 699 2271 M.
782 2229 825 2272 9.
857 2230 976 2285 quiin
1005 2229 1061 2272 Μ.
1159 2229 1226 2271 10.
1260 2227 1494 2270 caesiliano
1530 2227 1585 2270 Μ.

242 2287 306 2328 M:
342 2288 533 2328 correxit
563 2287 818 2330 Beroaldus.
945 2289 1012 2332 13.
1048 2287 1098 2329 L.
1133 2287 1187 2330 M.
1284 2290 1351 2330 14.
1385 2294 1447 2329 set
1479 2288 1531 2330 Μ.

245 2347 369 2388 batur
399 2347 462 2388 M:
501 2348 691 2390 correxit
718 2346 974 2390 Beroaldus.
1101 2347 1166 2389 17.
1203 2346 1252 2399 Q.
1284 2346 1339 2388 M.

330 2447 435 2504 Cap.
456 2451 498 2493 6.
543 2450 643 2505 quid
662 2451 915 2493 scribam—
930 2451 968 2492 si
995 2449 1109 2491 scio:

244 2507 392 2550 eadem
427 2510 585 2563 verba,
636 2510 822 2553 admissa
853 2515 996 2551 tamen
1029 2521 1111 2550 va-

243 2568 397 2609 rietate
418 2583 543 2623 quam
575 2569 759 2625 quotidie
782 2570 928 2626 perire
958 2569 1110 2619 sentio,

245 2627 480 2670 Suetonius
540 2630 582 2670 in
627 2629 758 2671 vitam
802 2628 960 2671 Tiberii
1005 2627 1110 2684 (67)

245 2687 436 2741 recepit3
470 2688 527 2730 cl'.
563 2687 617 2730 ad
646 2687 665 2729 1
695 2690 738 2731 5.

332 2747 369 2786 si
386 2746 667 2789 recludantur
687 2754 969 2803 tyrannorum
988 2759 1112 2788 men-

249 2809 307 2844 tes
329 2829 384 2835 —
406 2806 572 2848 animus
603 2806 892 2848 dilaceretur:
921 2806 1114 2860 respexit

250 2863 437 2910 Socratis
470 2864 630 2906 dictum
678 2865 733 2907 de
764 2870 910 2906 mente
942 2864 1115 2918 tyranni

250 2920 363 2973 apud
379 2921 601 2965 Platonem
622 2922 811 2965 Civitate
832 2923 889 2965 lx
921 2936 963 2977 p.
983 2921 1113 2966 579E

250 2982 360 3032 (non
394 2980 580 3037 Gorgiae
622 2982 834 3024 Platonici
874 2982 1019 3025 locum
1061 2980 1115 3023 de

251 3036 422 3081 nudatis
452 3040 748 3084 maleficorum
789 3040 903 3097 apud
950 3040 1116 3082 inferos

250 3097 403 3139 animis
435 3111 476 3153 p.
497 3099 583 3144 524
602 3100 687 3159 E)=
720 3104 799 3145 καὶ
830 3095 915 3150 τὰς
945 3101 1118 3144 ἐπιθυ-

249 3160 361 3224 μίας
382 3157 485 3202 οὐδ’
509 3158 776 3206 ὁπωστιοῦν
793 3159 1119 3220 ἀποπιμπλάς,

255 3213 366 3257 ἄλλα
400 3219 633 3264 πλείστων
674 3219 1006 3268 ἐπιδεέστατος
1038 3221 1118 3261 καὶ

254 3278 392 3328 Πίῑής
414 3277 467 3334 τῇ
484 3274 676 3335 ἅληθείᾳ
697 3283 933 3337 φαίνεται,
953 3276 1036 3321 ἐάν
1053 3290 1123 3324 τις

252 3332 360 3386 ὅλην
391 3327 551 3389 wopis!
580 3338 820 3390 ἐπίστηται
846 3339 1123 3380 θεάσασθαι

254 3394 311 3447 (si
332 3392 611 3436 recludantur
628 3403 909 3450 tyrannorum
927 3396 1122 3450 mentes),

253 3456 331 3495 καὶ
365 3453 516 3511 φόβου
541 3458 698 3512 γέμων
730 3450 806 3497 διὰ
834 3449 1011 3501 παντὸς
1040 3452 1125 3496 τοῦ

254 3515 379 3567 βίου,
412 3514 715 3572 σφαδασμῶν
745 3526 792 3557 τε
826 3516 903 3556 καὶ
936 3510 1120 3556 ὀδυνῶν

256 3568 320 3621 (hi
353 3577 452 3612 sunt
478 3571 666 3614 laniatus
698 3577 742 3613 et
770 3574 898 3629 ictus)
930 3571 1117 3628 πλήρης.

258 3627 454 3672 Socrates
471 3632 864 3690 praestantissimus
881 3629 1121 3690 sapientiae

348 3727 499 3771 Tacitus
523 3730 550 3770 1.

1196 2446 1441 2503 appellatur
1473 2446 1528 2489 ob
1552 2446 1661 2491 illud
1680 2445 1903 2498 oraculum
1922 2446 2066 2502 Apol-

1198 2506 1299 2549 linis
1330 2506 1563 2562 Delphici:

1286 2560 1441 2626 σοφὸς
1473 2567 1752 2626 Σοφοκλῆς,
1795 2568 2067 2627 σοφώτερος

1600 2625 1641 2668 δ’
1676 2627 1955 2684 Εὐριπίδης,

1287 2685 1478 2746 ἀνδρῶν
1511 2685 1562 2731 δὲ
1588 2686 1785 2760 :adurent
1813 2686 2067 2746 Σωκράτης

1200 2803 1327 2848 conf.
1353 2804 1500 2848 schot.
1521 2758 1948 2859 A1·13?0‘'13i3’551².¹⁰1{2m.
1968 2804 2068 2855 144,

1199 2863 1424 2920 Diogenes
1444 2862 1483 2905 11
1506 2865 1551 2915 §.
1574 2865 1646 2917 37,
1669 2864 1862 2905 Platonis
1879 2862 2069 2918 Apolog.

1201 2923 1393 2965 Socratis
1425 2935 1468 2978 p.
1502 2924 1587 2974 21,
1643 2923 1844 2978 Xenopb.
1878 2921 2067 2977 Apolog.

1201 2982 1322 3025 Socr.
1355 2983 1401 3033 ὃ.
1431 2981 1500 3033 14,
1535 2981 1691 3023 Cicero
1724 2982 1890 3023 Catone
1924 2995 1962 3022 c.
1996 2983 2067 3024 21.

1277 3042 1460 3083 saevitia
1480 3040 1671 3093 libidine,
1690 3041 1816 3082 vialis
1844 3039 2044 3081 consultis
2056 3052 2069 3077 .·

1204 3101 1268 3143 sic
1300 3099 1685 3156 ‹listinguendu1113
1720 3112 1761 3140 v.
1795 3098 1849 3139 ad
1881 3097 1936 3139 Xl
1967 3097 2009 3139 6.

1283 3216 1388 3271 Cap.
1415 3217 1456 3259 7.
1499 3216 1676 3258 eandem
1695 3229 1904 3272 poenam.-
1937 3213 2070 3256 exilio

1206 3275 1412 3317 multatus
1443 3280 1525 3327 est,
1547 3281 1595 3315 ut
1626 3276 1811 3317 videtur.
1874 3275 2071 3315 Accusa-

1206 3335 1340 3375 tionis
1378 3335 1573 3376 Arruntii
1637 3333 1793 3375 relatio
1853 3331 2073 3374 intercidit

1208 3405 1306 3434 cum
1362 3393 1527 3434 maiore
1580 3398 1703 3447 parte
1762 3391 1861 3433 libri
1915 3391 2071 3447 quinti.

1208 3451 1515 3493 Sanctissimae
1538 3459 1653 3493 artes
1672 3451 1864 3493 Arruntii
1898 3451 2075 3491 fuerunt

1205 3511 1309 3551 iuris
1340 3510 1568 3564 prudentia
1601 3516 1644 3552 et
1666 3510 1919 3565 eloquentia
1950 3508 2073 3550 nullo

1205 3568 1313 3612 lucri
1355 3569 1500 3611 studio
1550 3575 1593 3611 et
1635 3576 1784 3612 sancte
1826 3569 2073 3621 exercitae;

1207 3627 1263 3672 ef.
1298 3627 1353 3672 ΧΙ
1386 3629 1414 3676 6
1447 3634 1490 3671 et
1523 3630 1562 3674 7.

1673 3712 1736 3766 21
