2280 4004
154 281 158 286 ’
185 300 220 333 ι»
243 285 294 333 05.
325 289 398 335 58.

738 290 902 335 LIBER
932 281 1046 334 x111ss.
1095 283 1214 336 Car.
1247 289 1438 333 45—46.

1922 275 2010 330 ΨΜ

185 430 636 499 pulchritudinem,
694 435 812 483 vota
848 431 1067 483 omnium
1107 428 1157 483 e't
1189 431 1378 498 gaudia
1419 420 1656 483 felicium.
1730 423 1821 482 His
1859 432 2008 495 atque

185 523 368 576 talibus
421 522 756 575 inritamentis
816 531 921 574 non
965 516 1121 590 longa
1178 518 1432 574 cunctatio
1487 522 1837 589 interponitur.
1910 511 2013 574 Sed

187 619 398 682 accepto
437 615 575 666 aditu
601 615 829 680 Poppaea
865 614 1076 680 primum
1114 622 1203 680 per
1232 613 1574 666 blandimenta
1612 618 1662 665 et
1699 618 1832 664 artes
1867 600 2014 663 vale&

187 718 352 772 scere,
388 706 631 772 imparem
665 704 889 771 cupidini
915 718 972 757 se
1003 709 1052 756 et
1083 704 1243 756 forma
1265 698 1484 756 Neronis
1519 709 1713 771 captam
1741 696 2012 766 simulans}

187 811 307 850 mox
345 797 450 848 acri
487 797 587 848 iam
625 796 869 862 principis
908 806 1082 848 amore
1121 796 1185 847 ad
1223 796 1509 862 superbiam
1538 800 1761 861 vertenS‚
1806 795 1850 846 si
1883 794 2053 846 ultras

186 903 337 940 unam
367 889 676 955 alteramque
706 892 907 939 noctem
939 888 1252 952 attineretur,
1287 893 1490 955 nuptam
1519 902 1634 939 esse
1673 902 1730 939 se
1758 886 2011 951 dictitan'S,-

188 995 284 1032 nec
313 963 468 1047 posse
501 980 873 1031 matrimonium
906 979 1152 1045 amittere,
1191 978 1478 1031 devinctam
1507 979 1692 1032 Othoni
1724 993 1816 1044 per
1851 967 2014 1046 genus

187 1072 352 1137 vitae,
414 1071 549 1138 quod
586 1078 736 1123 nemo
774 1071 1099 1137 adaequaret.

187 1162 360 1227 ficum3
420 1158 493 1213 ihi
543 1173 603 1214 se
655 1173 847 1214 summa
899 1162 1099 1214 fortuna
1154 1162 1307 1229 digna
1364 1162 1551 1213 visere.

1175 1071 1313 1122 Illum
1350 1071 1517 1122 auimo
1555 1075 1605 1122 et
1643 1070 1777 1121 cultu
1812 1069 2015 1137 magni-³

1637 1161 1704 1212 At
1739 1161 2021 1226 Neronem,

186 1250 370 1320 pellice
408 1253 592 1306 ancilla
628 1258 677 1306 et
715 1253 1049 1306 adsuetudine
1085 1254 1243 1305 Actes
1282 1253 1597 1318 devinctum,
1655 1252 1778 1303 nihil
1818 1268 1846 1303 e
1886 1253 2082 1311 con-10²

187 1345 422 1397 tubernio
460 1345 635 1398 servili
670 1339 771 1396 nisi
807 1345 1056 1397 abiectum
1094 1350 1143 1397 et
1182 1344 1444 1397 sordidum
1480 1336 1714 1397 traxisse.

1789 1343 2018 1394 Deicitur

191 1436 532 1488 familiaritate
571 1441 746 1502 sueta,
804 1442 918 1502 post
957 1444 1239 1505 congressu
1279 1442 1328 1488 et
1370 1437 1607 1488 comitatu
1649 1435 1810 1501 Otho,
1865 1439 1914 1486 et
1952 1434 2018 1486 ad

188 1532 526 1594 postremum,
583 1537 648 1580 ne
686 1528 738 1579 in
770 1529 898 1580 urbe
935 1528 1212 1580 aemulatus
1252 1533 1445 1596 ageret,
1480 1527 1779 1594 provinciae
1816 1516 2021 1578 Lusita-4

189 1618 307 1671 niae
358 1616 675 1686 praeficitur3
732 1619 819 1670 ubi
867 1632 1028 1686 usque
1077 1619 1141 1671 ad
1182 1619 1352 1670 civilia
1407 1634 1545 1671 arma
1596 1633 1699 1670 non
1747 1635 1810 1672 ex
1845 1618 2018 1685 priore

189 1708 396 1763 infamia
430 1711 523 1763 sed
560 1712 760 1780 integre
796 1716 1074 1778 sancteque
1110 1711 1244 1779 egit,
1302 1726 1497 1778 procax
1532 1711 1621 1763 otii
1670 1715 1719 1763 et
1753 1705 2084 1778 potestatis1³3³

191 1803 570 1870 temperantior.

308 2000 350 2043 2.
382 1999 463 2042 irr.
498 1998 569 2041 Or.

192 2058 386 2100 similans
418 2058 484 2101 Ma
662 2000 704 2042 3⁴
733 2013 902 2055 poppea
930 1998 1010 2042 Ma

624 2059 664 2101 7.
700 2059 891 2100 omittere
923 2060 973 2101 A.

197 2303 327 2346 oilla.-
360 2304 524 2359 quippe
555 2303 669 2345 dicit
692 2303 943 2346 devinctum
968 2315 1065 2346 esse

194 2362 411 2405 Neronem
453 2356 615 2416 pellice
661 2369 774 2418 quae
821 2367 878 2404 ne
927 2362 1067 2405 libera

197 2421 372 2477 quidem
426 2423 496 2463 sit.
558 2421 877 2476 Explicationis
928 2425 1067 2478 gratia

197 2481 369 2523 additur
400 2489 438 2522 et
461 2480 738 2523 adsuetudine
763 2481 906 2523 Actes.
942 2482 1067 2533 Quod

199 2553 254 2582 ex
273 2538 339 2582 Ma
362 2545 584 2582 enotatum
618 2546 685 2582 est
710 2541 892 2597 pelicem
922 2541 1068 2583 ancil-

198 2599 285 2641 lam
317 2606 357 2641 et
387 2599 731 2653 αάεαθῑτιάὶηεω,
763 2601 807 2641 in
838 2600 893 2642 iis
923 2601 1068 2643 scriba

198 2659 418 2701 aberravit
440 2659 647 2713 proximis
673 2661 936 2702 accusativis
959 2660 1067 2702 sub-

199 2724 413 2774 sequente
484 2717 701 2761 infinitivo
766 2719 1064 2762 conturbatus.

198 2776 314 2820 Nero
346 2779 440 2832 ipse
470 2776 614 2833 pellem*
644 2778 810 2820 ancilla
850 2779 1067 2834 quomodo

199 2837 349 2878 vocari
382 2837 546 2890 possit,
594 2837 648 2879 de
681 2839 908 2893 quomire
940 2839 1068 2894 cogi-

200 2897 310 2937 tavit
325 2895 577 2938 Waltherus
609 2902 653 2938 et
681 2896 946 2953 pedisequus
973 2899 1068 2939 eius

203 2954 409 3006 Bachius,
442 2967 530 2996 non
561 2955 696 2998 facile
728 2958 954 3012 quisquam
988 2956 1070 2997 de-

201 3014 472 3057 monstrabit.
520 3013 882 3072 Bezzenberger:
906 3023 952 3058 at
978 3016 1070 3058 Ne-

202 3087 350 3116 ronem
375 3073 579 3129 pellicere
610 3074 830 3117 ancillam.

296 3132 556 3175 aemulatus:
606 3133 651 3175 h.
686 3147 726 3178 e.
772 3135 843 3189 qui
874 3133 1070 3176 aemula-

204 3198 337 3233 retur.
400 3190 678 3246 Participium
739 3193 875 3235 verbo
924 3200 1071 3248 ayeret

206 3250 435 3302 delinitur,
482 3250 614 3307 idque
662 3257 833 3306 tempus
878 3252 1069 3293 futurum

207 3309 250 3351 h.
285 3309 314 3350 l.
349 3307 524 3351 indicat.
589 3308 772 3364 Saepius
805 3323 901 3352 cum
923 3311 1071 3352 verbis

206 3368 486 3423 piaeteritum
526 3373 694 3422 tempus
741 3369 1071 3424 designantibus

166 3440 176 3445 ‘
208 3427 321 3470 idem
339 3426 612 3482 participium
641 3428 851 3483 iungitur,
869 3434 916 3468 ut
936 3427 1071 3470 1156:

206 3487 244 3528 is
275 3510 330 3519 ———
362 3487 558 3528 instituta
589 3492 629 3527 et
660 3485 816 3528 cultum
840 3486 1073 3528 Armenio-

207 3559 302 3588 rum
321 3544 556 3587 aemulatus
578 3569 633 3576 ——
652 3559 856 3600 proceres
883 3544 1073 3601 plebem-

211 3617 289 3659 que
317 3606 441 3647 iuxta
471 3604 736 3646 devinxerat.
799 3603 858 3646 ΙΙΙ
887 3605 969 3648 30:
1000 3603 1074 3646 ille

211 3682 270 3701 ·-·
298 3664 596 3710 Maecenatem
625 3662 864 3710 aemulatus
886 3689 941 3701 —
961 3663 1074 3709 mul-

1101 2001 1144 2042 4.
1180 1999 1391 2054 cupidinis
1423 2006 1462 2040 et
1493 1999 1581 2041 Ma:

1617 2011 1713 2041 corr
1717 2005 1858 2041 ectum
1891 2000 1934 2040 in
1970 1998 2018 2041 G.

1075 2060 1143 2102 10.
1175 2058 1316 2115 pelice
1350 2053 1516 2100 ancilla
1548 2065 1587 2100 et
1621 2059 1904 2101 adsuetudine
1931 2058 2021 2101 Ma.

195 2118 437 2161 correctum
469 2119 585 2160 inest
618 2117 669 2160 Ga
731 2118 868 2161 nichil
889 2116 969 2160 Ma.
1037 2119 1105 2161 13.
1140 2118 1346 2161 emulatus
1368 2117 1449 2162 Ma.

1484 2118 1674 2162 aemulus
1692 2120 1806 2163 coni.
1832 2118 2019 2162 Grotius.

1151 2310 1213 2345 tos
1246 2298 1629 2361 triumphalium—
1576 2305 1832 2362 —potentia
1853 2304 2030 2348 anteiit.

1152 2363 1204 2405 H.
1254 2360 1312 2404 111
1355 2364 1442 2406 81:
1496 2365 1728 2407 miscuerat
1781 2379 1825 2406 se
1870 2364 2030 2421 leyatis‘

1154 2422 1376 2464 Musonius
1410 2424 1571 2479 Rufus,
1606 2450 1661 2458 —
1695 2425 1877 2466 stud-ium
1917 2423 2031 2480 phi-v

1153 2481 1371 2538 losophiae
1403 2483 1656 2526 aemulatus.
1711 2483 1776 2526 Cf.
1810 2484 1916 2539 Agr.
1936 2484 2020 2526 33.

1153 2540 1361 2595 Ayricola
1394 2569 1450 2576 —-
1491 2543 1668 2585 militem
1705 2543 2023 2585 accendendum

1153 2600 1294 2642 adhuc
1324 2609 1445 2644 ratus
1476 2603 1540 2644 ita
1581 2603 1790 2645 disseruit.
1854 2601 2027 2644 Nomen*

1152 2660 1472 2703 substantivum
1513 2662 1749 2704 aemulatus
1795 2673 2024 2716 perperam

1153 2719 1355 2762 nonnulli
1395 2720 1729 2775 deprehendunt
1753 2721 1794 2764 h.
1830 2721 1859 2763 l.
1895 2727 1939 2763 et
1969 2721 2021 2764 H.

1154 2778 1212 2820 111
1246 2779 1318 2822 66.

1239 2839 1406 2894 inteqre
1437 2846 1694 2894 sancteque:
1727 2839 1783 2882 cf.
1818 2839 1868 2881 H.
1906 2838 1924 2881 I
1953 2839 2022 2882 13.

1155 2897 1334 2940 Sueton.
1360 2896 1459 2939 Oth.
1496 2900 1549 2942 3:
1577 2900 1849 2955 provinciam
1880 2899 2023 2940 admi-

1154 2957 1354 2998 nistravit
1381 2959 1646 3011 quaestorius
1671 2973 1752 3015 per
1774 2959 1917 3000 decem
1938 2972 2023 3000 an·-

1153 3029 1231 3057 nos
1261 3016 1554 3059 moderatione
1594 3023 1720 3072 atque
1763 3018 2026 3059 abstinentia

1154 3075 1384 3130 singulari.
1450 3076 1557 3117 Cum
1601 3076 1709 3118 abiit
1751 3078 1794 3117 in
1839 3077 2023 3130 provin-

1156 3135 1282 3186 ciam,
1315 3136 1475 3190 viginti
1497 3147 1576 3176 sex
1597 3148 1732 3176 annos
1753 3141 1879 3176 natus
1904 3140 2022 3176 erat:

1157 3194 1318 3247 quippe
1359 3194 1580 3235 tricesimo
1630 3195 1816 3247 septimo
1867 3194 2023 3235 aetatis

1158 3257 1201 3292 et
1222 3253 1496 3306 sexagesimo
1530 3264 1644 3293 nono
1668 3264 1693 3293 a
1711 3252 1883 3294 Christo
1909 3264 2026 3294 auno

1156 3311 1275 3351 vitae
1325 3310 1452 3352 finem
1507 3313 1701 3352 invenit:
1758 3311 1809 3353 H.
1862 3310 1899 3352 11
1951 3312 2023 3355 50.

1158 3369 1336 3411 Sueton.
1363 3369 1392 3410 l.
1417 3383 1453 3411 c.
1486 3371 1534 3411 11
1570 3369 1718 3425 ibique
1746 3371 2023 3424 interpretes.

1160 3427 1444 3477 Quaesturam
1469 3429 1617 3483 igitur,
1653 3442 1746 3470 cum
1767 3431 1924 3471 missus
1943 3435 2024 3483 est,

1159 3486 1337 3526 biennio
1371 3492 1472 3528 ante
1495 3486 1895 3530 administraverat:
1930 3490 2025 3530 eius

1159 3545 1273 3585 enim
1305 3551 1474 3599 tempus
1518 3545 1763 3602 legitimum
1794 3548 1874 3589 suh
1908 3546 2024 3590 Cae..

1158 3603 1326 3647 sarihus
1381 3605 1538 3647 aetatis
1598 3618 1735 3649 annus
1787 3607 2024 3651 vicesimus

1159 3669 1350 3722 quartus.
1415 3663 1482 3711 Cf.
1514 3664 1790 3711 Prooemium
1824 3680 1863 3711 c.
1896 3668 1957 3714 2..
2021 3712 2027 3725 ζ
