2280 4004
225 282 293 333 '¹22

226 439 453 498 gravem.

226 522 387 572 hibuit
423 525 476 570 ut
515 519 699 570 referri
737 519 993 585 praesidia
1045 520 1118 571 cis
1159 521 1386 573 Rhenum
1433 522 1646 575 iuberet.

982 285 1276 332 ANNALtVM

1798 281 1859 336 as
1870 287 1916 336 u.
1944 283 2053 343 800}

528 430 688 496 Igitur
730 427 969 480 Claudius
1006 429 1138 482 adeo
1170 438 1354 482 novam
1385 431 1439 482 in
1475 431 1774 485 Germanias
1793 435 1909 486 vim·
1929 432 2058 502 prot-

1751 523 1855 577 lam
1888 525 2144 577 *casti-220

226 612 279 662 in
332 609 503 661 hostili
551 609 664 660 solo
728 610 955 662 molienti
1009 611 1286 664 Corbuloni
1352 629 1445 665 eae
1501 614 1700 666 litterae
1762 615 2067 668 redduntur.

225 701 313 752 Ille
346 716 405 751 re
444 700 638 765 subita,
699 717 1029 768 quamquam
1044 704 1194 754 multa
1237 704 1390 757 simul
1425 705 1837 772 effunderentur,
1899 711 2061 759 metus

189 805 291 845 sex
317 794 639 860 imperatore,
680 796 986 861 contemptio
1027 812 1091 848 ex
1102 779 1368 862 barbariS,
1399 797 1670 850 ludibrium
1698 799 1850 866 apud
1869 799 2060 865 soei08‚

224 885 350 936 nihil
391 885 526 936 aliud
563 885 856 951 prolocutus
898 902 1044 954 quam
1082 887 1260 941 beatos
1300 890 1552 956 quondam
1596 891 1752 943 duces
1783 893 2060 957 Romanos,

225 977 426 1043 signum
463 977 691 1042 receptui
737 977 892 1030 dedit.

969 980 1031 1031 Ut
1070 985 1236 1031 tamen
1273 981 1418 1032 miles
1459 981 1612 1033 otium
1653 988 1892 1049 exueret,
1930 983 2064 1035 inter

224 1067 418 1118 Mosam
449 1066 777 1133 Rhenumque
815 1068 963 1119 trium
1002 1074 1051 1120 et
1084 1070 1263 1138 viginti
1292 1071 1481 1122 milium
1517 1073 1680 1138 spatio
1718 1073 1914 1125 fossam
1939 1087 2065 1139 per-

228 1157 384 1222 duxit,
425 1172 521 1223 qua
558 1158 752 1209 incerta
779 1160 969 1212 Oceani
997 1160 1291 1212 vitarentur.

1367 1163 1591 1230 Insignia
1623 1169 1791 1215 tamen
1826 1163 2063 1232 triumphi

159 1248 436 1302 windulsit
478 1248 684 1314 Caesar,
728 1252 955 1316 quamvis
996 1251 1178 1303 bellum
1218 1255 1527 1321 negavisset.

368 1340 475 1390 Nec
527 1340 680 1391 multo
732 1346 847 1407 post
884 1342 1083 1394 Curtius
1117 1344 1275 1395 Rufus
1329 1345 1544 1396 eundem
1597 1346 1844 1398 honorem
1897 1346 2066 1414 adipi-

227 1430 401 1494 scitur,
440 1431 599 1496 quiin
630 1447 756 1499 agro
789 1433 1025 1484 Mattiaco
1055 1434 1337 1486 recluserat
1362 1451 1545 1502 specus
1579 1436 1886 1502 quaerendis
1918 1438 2065 1490 venis

227 1521 457 1586 argenti3
496 1521 632 1572 unde
668 1523 833 1573 tenuis
867 1523 1059 1575 fructus
1087 1539 1183 1576 nec
1224 1525 1276 1574 in
1311 1525 1517 1593 longum
1556 1526 1663 1577 suit.

1735 1527 1803 1578 At
1840 1526 2067 1595 legioni-

230 1612 325 1662 bus
366 1627 477 1665 cum
518 1612 701 1664 damno
737 1613 910 1679 labor,
971 1620 1020 1666 et
1070 1615 1250 1667 fodere
1298 1616 1465 1681 rivoS,
1525 1632 1756 1684 quaeque
1793 1618 1846 1669 in
1888 1623 2064 1686 aperto

167 1718 212 1754 15
232 1703 439 1770 gravia,
494 1703 695 1755 humum
739 1705 871 1756 infra
920 1706 1102 1757 moliri.

1178 1708 1300 1769 Quis
1340 1709 1579 1760 subactus
1619 1709 1792 1774 mileS,
1845 1715 1895 1762 et
1948 1711 2065 1777 quia

231 1795 402 1861 plures
441 1810 534 1861 per
569 1796 864 1861 provincias
904 1797 1088 1849 similia
1126 1798 1499 1864 tolerabantur,
1541 1801 1798 1867 componit
1837 1801 2064 1854 occultas

348 1928 390 1970 3.
425 1928 564 1969 littere
597 1927 676 1970 Ma.

224 1987 474 2043 prolocutus
506 1986 594 2041 Ma,
639 2001 727 2029 non
755 1987 1016 2044 perlocutus.

231 2048 270 2089 7.
304 2050 367 2103 ut]
404 2047 449 2087 ui
480 2045 559 2098 Ma,
594 2049 636 2088 in
670 2061 757 2102 mg.
792 2061 871 2088 ne:
903 2055 948 2089 ut
982 2049 1093 2102 Reg.

229 2112 472 2147 correctum
496 2107 538 2146 in
559 2106 606 2154 G.

229 2166 391 2222 intsiyni
418 2164 499 2207 Ma.

231 2239 349 2281 quer.
375 2223 455 2267 Ma.

325 2364 429 2419 Cap.
455 2367 526 2408 20.
587 2365 730 2411 beatos
751 2367 963 2421 quondam
982 2367 1108 2409 duces

231 2427 475 2468 Romanos:
520 2424 603 2465 Dio
649 2425 676 2466 1.
714 2439 750 2466 c.
795 2445 829 2469 ω
862 2427 1108 2499 μακὸριοι

233 2487 279 2528 οἱ
307 2483 454 2526 πάλαι
494 2486 605 2528 ποτὲ
645 2500 1062 2541 σιοατιῃησανιες.

318 2543 546 2599 perduoeit:
578 2543 1107 2612 Βί01.ο.διετα’ᾳρευσε

234 2603 293 2645 δι’
327 2602 482 2646 αὐτῶν
517 2604 619 2655 (per
652 2602 878 2674 legiones)
919 2610 1015 2648 mia
1056 2621 1105 2647 το

229 2655 403 2732 μεταξυ
463 2663 542 2703 τοῦ
593 2675 639 2703 τε
683 2661 843 2712 125vov
892 2668 970 2705 καὶ
1025 2680 1102 2707 του

232 2720 406 2763 Mdoov
430 2719 651 2768 σταδίους
677 2718 903 2791 ἕβδομὴκο
893 2739 993 2765 mcc
1029 2726 1107 2765 και

232 2775 399 2823 ἑκατὸν
436 2779 667 2838 μάλιστα,
713 2782 792 2823 ἵνα
833 2798 896 2840 μη
938 2784 985 2826 οἱ
1018 2797 1104 2825 πο-

233 2842 375 2898 vaani
406 2840 456 2882 ἐν
489 2840 540 2895 τῇ
574 2841 652 2882 τοῦ
683 2840 910 2886 ’.Ωκεανοῦ
950 2842 1105 2899 πληιι-

230 2881 397 2968 μυρίδι
429 2896 744 2954 ἅναωυέοντες
776 2883 1103 2956 πελωίζωσιυ.

233 2957 402 2999 ‘Fuisse
436 2969 540 3012 ergo
575 2970 803 2998 necessum
847 2965 912 3000 est
944 2960 1033 3000 foss
1039 2973 1103 3000 am

236 3030 330 3058 eam
356 3016 577 3057 inferioris
598 3015 808 3059 Bataviae
827 3024 965 3072 palte,
992 3020 1107 3059 inter

234 3075 432 3117 Rhenum
467 3081 662 3116 v·eteicm
704 3076 978 3132 Musamque,
1033 3077 1104 3118 uhi

234 3136 329 3177 fere
362 3134 525 3189 ubique
556 3135 670 3176 inter
716 3135 825 3177 duos
858 3135 1015 3177 fluvios
1051 3138 1106 3180 23

234 3193 486 3234 milliariu'm
498 3193 794 3236 intervallum.
808 3196 944 3250 Supra
955 3208 1105 3250 agrum

233 3252 513 3303 Batavorum,
550 3255 663 3295 inter
695 3254 855 3295 Mosam
891 3261 934 3295 et
964 3254 1105 3295 adhuc

235 3313 453 3366 integrum
476 3311 689 3364 Rhenum,
715 3326 812 3354 esse
838 3326 923 3354 non
949 3315 1105 3367 potuit,

235 3372 439 3424 quoniam
474 3369 568 3411 illic
601 3378 720 3413 certe
739 3373 980 3426 periculum
1002 3373 1103 3414 nul-

235 3429 323 3470 lum
358 3429 410 3470 ah
432 3428 582 3471 aestu’.
621 3431 811 3472 ansuus.
876 3432 948 3474 Sic
975 3434 1103 3473 etiam

234 3487 509 3529 D’Anvillius
544 3494 586 3530 et
617 3490 691 3531 alii
726 3490 985 3546 geographi.

324 3561 407 3600 qua
438 3548 608 3589 incerta
644 3549 808 3591 Oceani
838 3552 1105 3592 vitarentur:

236 3618 319 3658 qua
365 3607 576 3648 vitaretur
627 3622 681 3649 ne
737 3608 902 3651 Oceani
965 3622 1102 3666 aquae

236 3670 517 3707 accrescente
548 3666 660 3709 unda
693 3667 905 3712 introrsus
927 3667 1101 3710 fluendo

772 1928 814 1971 4.
849 1930 1178 1985 offundarentur
1211 1930 1290 1973 Ma.

1389 1932 1430 1974 5.
1464 1934 1553 1987 inp.
1582 1931 1660 1974 Ma.
1740 1933 1781 1975 6.
1815 1932 1952 1975 nichil
1982 1932 2062 1977 Ma.

1200 1990 1402 2045 quosdam
1440 1991 1604 2034 BGM'd:
1654 1993 1844 2034 correxit
1873 1991 2061 2047 Lipsius

1225 2051 1267 2092 8.
1305 2051 1482 2106 quoeit,
1518 2050 1559 2092 id
1591 2058 1658 2093 est
1696 2052 1942 2107 praeduxit,
1974 2051 2063 2095 Ma:

701 2107 742 2149 9.
767 2107 1010 2149 vicar-entem
1043 2109 1323 2151 Vertranius:
1344 2109 1409 2152 Ma
1428 2117 1691 2163 vetarentur,
1719 2111 2062 2154 Guectarentur.

642 2168 709 2208 ll.
744 2166 890 2207 malim
924 2168 1146 2224 apiscitur.
1182 2182 1222 2209 v.
1258 2169 1311 2210 ·1d
1347 2170 1398 2211 12
1429 2170 1501 2212 30.

554 2227 620 2271 14.
656 2232 695 2266 et
725 2226 893 2283 fodere]
932 2228 1115 2283 effodere
1141 2227 1327 2283 lipsius.

1629 2173 1695 2214 12.
1729 2170 1946 2213 mathiaco
1979 2170 2063 2222 Ma,

1422 2231 1550 2282 rivos,
1575 2229 1651 2270 sed
1671 2245 1694 2272 v
1717 2231 1761 2271 in
1793 2242 1958 2284 1¹·asula,
1984 2229 2062 2287 Ma.

1194 2373 1337 2409 terrae
1370 2366 1509 2408 solum
1541 2368 1783 2424 stagnando
1808 2381 2064 2425 eorrumpe-

1193 2433 1290 2469 rent
1325 2427 1616 2481 incertumque
1661 2427 1906 2473 redderent.
1985 2429 2064 2471 Ve-

1193 2493 1391 2528 tarentur
1421 2488 1635 2541 scriptura
1671 2487 1852 2530 eandem
1881 2493 2064 2530 senten-

1193 2548 1295 2587 tiam
1342 2546 1548 2598 praebet,
1598 2545 1674 2587 sed
1725 2547 1840 2588 inest
1890 2549 2064 2603 magni-

1194 2605 1421 2659 loquentia
1481 2618 1505 2645 a
1567 2604 1714 2646 Tacito
1779 2606 2062 2647 alienissima.

1191 2663 1449 2716 Adoptanda
1494 2665 1628 2719 igitur
1683 2663 1796 2705 lenis
1844 2664 2064 2706 Vertranii

1193 2722 1373 2764 mutatio
1393 2753 1404 2773 ,
1438 2722 1515 2764 sed
1547 2722 1821 2777 reprobanda
1853 2724 1948 2766 eius
1981 2737 2063 2766 ex-

1192 2781 1405 2835 plicatio:
1459 2783 1663 2835 opinatur
1722 2783 1837 2823 enim
1901 2782 2062 2824 fossam

1192 2840 1311 2882 illam
1353 2841 1510 2882 factam
1556 2855 1652 2883 esse
1697 2854 1782 2896 qua
1829 2843 2062 2884 commeari

1191 2913 1214 2940 a
1248 2900 1367 2941 Mosa
1399 2899 1452 2940 ad
1484 2900 1682 2942 Rhenum
1725 2906 1875 2954 posset
1918 2914 2063 2957 neque

1192 2972 1377 3001 necesse
1422 2966 1539 3002 esset
1579 2959 1726 3002 subire
1771 2959 1936 3003 Oceani
1982 2973 2063 3015 pe-

1197 3018 1352 3060 ricula.
2053 3039 2055 3042 ⁴

1268 3092 1361 3117 cnm
1384 3078 1536 3118 (Iamno
1558 3078 1705 3118 labor:
1739 3078 1938 3119 damnum
1956 3078 2063 3119 dicit

1193 3136 1378 3189 praedae
1413 3143 1576 3190 partem
1612 3143 1772 3193 negato
1794 3136 1912 3179 bello
1933 3137 2060 3179 militi

1191 3194 1424 3249 demptam.

1285 3262 1322 3296 ct
1368 3255 1516 3309 fodere
1574 3255 1712 3296 rivos.-
1759 3262 1798 3297 οε
1847 3255 2061 3310 particula

1191 3314 1475 3368 subsequenti
1498 3328 1574 3368 que
1598 3315 1639 3354 in
1662 3328 1848 3369 quaeque
1874 3327 2060 3369 respon·

1191 3373 1288 3425 det,
1329 3379 1375 3413 ut
1418 3379 1537 3414 recle
1580 3375 1747 3415 monuit
1797 3373 2058 3424 Waltherus,

1189 3433 1265 3474 sed
1299 3438 1483 3486 uterque
1518 3432 1656 3485 labor,
1693 3439 1775 3474 tam
1807 3432 1956 3487 fodere
1991 3433 2058 3471 ri..

1188 3506 1261 3533 vos
1306 3504 1431 3547 quam
1473 3505 1580 3546 quae
1623 3494 1669 3532 in
1711 3498 1857 3546 aperto
1888 3491 2057 3546 qravia,

1190 3552 1359 3591 humum
1391 3551 1513 3604 infra
1544 3551 1700 3602 moliri,
1735 3550 1972 3603 praecipue
2006 3548 2059 3590 ad

1188 3610 1351 3652 fossam
1393 3611 1505 3651 inter
1555 3609 1715 3651 Mosam
1770 3606 1813 3651 ,et
1860 3607 2057 3651 Rhenum

1187 3668 1439 3723 perductam
1482 3667 1695 3721 pertinet:
1738 3679 1835 3708 nam
1868 3668 1952 3709 rivi
1984 3666 2058 3710 fo-
