2280 4004
174 312 209 349 a
230 300 282 349 G..
317 303 394 349 14..
422 324 427 327 ·
779 300 944 346 LIBER
973 299 1006 346 1.
1071 300 1176 345 CA».
1214 300 1400 346 12—14.
1937 303 1999 347 21

174 447 382 513 Caesar,
417 462 521 500 non
555 446 740 500 adesse
777 451 926 513 caput
957 445 1035 499 rei
1065 445 1352 513 publicae'?
1390 444 1609 498 Scaurus
1647 445 1764 511 quia
1802 443 2000 498 dixerat

172 555 314 607 spem
351 554 468 592 esse
504 556 568 592 ex
598 554 661 591 eo
703 553 807 590 non
842 538 1020 590 inritas
1059 537 1172 590 fore
1207 541 1412 588 senatus
1447 550 1648 603 preceS,
1688 536 1825 602 quod
1859 536 1999 589 rela-

171 631 299 683 tioni
339 630 600 683 consulum
638 629 749 681 iure
801 629 1102 680 tribuniciae
1142 627 1406 694 potestatis
1452 642 1556 679 non
1585 627 1995 687 intercessisset.

171 724 229 776 In
269 722 525 774 Haterium
561 720 727 772 statim
759 719 989 772 invectus
1031 725 1139 772 est:
1194 719 1461 783 Scaurum,
1516 717 1597 769 cui
1645 718 1996 785 inplacabilius

170 813 511 876 irascebatur,
563 811 765 863 silentio
813 812 1042 863 tramisit.
1135 813 1420 877 Fessusque
1479 810 1700 862 clamore
1757 810 2036 876 omnium,s

132 920 134 922 ·
171 903 576 970 expostulatione
625 902 942 969 singulorum
993 902 1132 953 flexit
1177 901 1440 968 paulatim,
1501 916 1604 953 non
1660 906 1715 952 ut
1755 902 1999 955 fateretur

167 995 359 1060 suscipi
393 1010 422 1046 a
459 1009 516 1046 se
552 993 844 1059 imperium,
912 993 1004 1044 sed
1059 998 1112 1044 ut
1159 1009 1353 1060 negare
1405 998 1454 1044 et
1498 994 1674 1060 rogari
1723 993 1995 1045 desineret.

168 1085 378 1138 Constat
409 1084 698 1148 Haterium,
750 1099 860 1134 cum
900 1083 1211 1149 deprecandi
1262 1098 1414 1134 causa
1449 1083 1690 1134 Palatium
1735 1083 1999 1136 introisset

167 1176 571 1242 ambulantisque
609 1174 796 1226 Tiberii
833 1189 1001 1241 genua
1041 1173 1426 1238 advolveretur,
1485 1188 1643 1239 prope
1694 1189 1722 1224 a
1758 1173 1996 1224 militibus

164 1267 500 1332 interfectum,
542 1266 658 1333 quia
684 1265 913 1317 Tiberius
938 1280 1060 1316 casu
1087 1280 1150 1315 an
1178 1265 1408 1316 manibus
1433 1265 1541 1316 eius
1571 1263 1838 1330 impeditus
1873 1280 1998 1332 pro-
2015 1280 2063 1316 ιο

168 1359 377 1410 ciderat.
451 1359 627 1424 Neque
664 1363 832 1409 tamen
870 1356 1098 1423 periculo
1136 1356 1249 1407 talis
1278 1356 1373 1406 viri
1403 1356 1657 1423 mitigatus
1696 1361 1788 1421 est,
1830 1356 1998 1407 donec

164 1450 398 1504 Haterius
439 1449 721 1517 Augustam
760 1453 932 1500 oraret
971 1448 1182 1513 eiusque
1218 1447 1552 1522 §.g-iratissimis
1595 1447 1832 1513 precibus
1870 1462 1998 1513 pro-e

83 1547 439 1610 14tegeretur.
547 1541 699 1593 Multa
734 1545 929 1606 patrum
969 1544 1018 1590 et
1054 1539 1105 1588 in
1130 1538 1413 1605 Augustam
1451 1539 1690 1589 adulati0.
1763 1538 1866 1589 Alii
1902 1554 1997 1604 pa-

164 1639 384 1698 rentem,
429 1632 514 1683 alii
547 1638 757 1684 matrem
794 1631 990 1698 patriae
1029 1629 1406 1696 appellandam,
1448 1629 1677 1696 plerique
1712 1633 1766 1680 ut
1801 1628 1996 1682 nomini

165 1724 399 1776 Caesaris
438 1723 816 1775 adscriberetur
839 1721 994 1773 Iuliae
1015 1720 1145 1771 filius
1171 1720 1462 1772 censebant.
1537 1720 1624 1772 Ille
1650 1720 1994 1772 moderandos
2012 1732 2058 1770 ιε

163 1816 462 1868 seminarum
497 1815 721 1866 honores
745 1812 997 1878 dictitans,
1038 1811 1319 1878 eademque
1343 1827 1401 1863 se
1426 1812 1756 1878 temperantia
1785 1827 1993 1864 usurum

163 1908 216 1958 in
251 1907 315 1959 iis
351 1919 480 1973 quae
519 1905 616 1957 sibi
652 1892 1024 1968 tribuerentur,
1084 1907 1308 1954 ceterum
1344 1903 1536 1973 anxius*
1565 1903 1757 1976 invidia
1795 1907 1844 1955 et
1881 1918 1995 1954 mu-

163 1998 325 2050 liebre
362 1997 618 2064 fastigium
654 1996 706 2046 in
747 1993 1142 2046 deminutionem
1181 1994 1258 2051 sui
1309 1994 1597 2060 accipiens,
1639 1973 1720 2046 ²ne
1759 1981 1993 2046 lictorem

165 2089 366 2155 quidem
417 2088 463 2139 ei
510 2086 719 2139 decerni
760 2100 941 2152 passus
996 2089 1098 2148 est,
1157 2098 1397 2150 aramque
1452 2085 1742 2151 adoptionis
1795 2090 1845 2136 et
1894 2085 1992 2136 alia

163 2179 513 2233 huiuscemodi
561 2177 832 2244 prohibuit.
922 2175 989 2227 At
1029 2175 1332 2227 Germanico
1373 2176 1581 2227 Caesari
1623 2175 2056 2242 proconsularem

163 2270 426 2337 imperium
463 2270 640 2336 petivit
651 2287 666 2334 3
702 2267 945 2334 missique
972 2267 1127 2335 legati
1157 2267 1242 2333 qui
1283 2267 1557 2333 deferrent,
1597 2268 1745 2319 simul
1784 2267 1995 2320 maesti-

283 2379 321 2420 1.
355 2383 483 2433 caput
505 2375 764 2417 Rhenanus:
796 2373 852 2416 M.
874 2373 989 2429 apud
1020 2379 1059 2414 te
1093 2384 1190 2414 cum
1222 2373 1402 2416 lineola.
1466 2377 1509 2419 2.
1531 2381 1707 2416 sanatus
1734 2387 1916 2431 praeces
1935 2376 1990 2418 M.

163 2441 205 2480 4.
229 2443 299 2478 est
328 2436 559 2492 frequente
580 2434 663 2476 hac
693 2438 860 2488 nota÷
891 2433 947 2475 M.
1044 2431 1347 2487 inplacabilius
1365 2433 1421 2486 M,
1453 2446 1542 2475 non
1573 2433 1689 2490 impl.
1770 2435 1811 2476 7.
1844 2436 1993 2490 roqori

163 2496 364 2538 disineret
380 2495 435 2537 M.
494 2495 562 2538 10.
587 2493 797 2550 inpeditus
815 2492 870 2534 M.
936 2493 1003 2535 12.
1023 2491 1192 2546 eiusque
1211 2491 1412 2546 Lipsius:
1435 2494 1475 2535 M
1496 2500 1680 2548 etusque.
1727 2493 1877 2549 pcibus
1895 2507 1992 2536 cum

164 2555 354 2608 lineola,
374 2560 422 2595 ut
455 2554 512 2596 sit
537 2553 782 2610 praecibus,
813 2551 870 2594 M.
938 2551 1006 2593 15.
1041 2551 1238 2593 censebat
1267 2552 1323 2594 M.
1391 2553 1460 2595 17.
1493 2553 1559 2595 liis
1576 2553 1630 2595 Μ.

165 2670 291 2712 quam
313 2656 562 2698 eminentem
588 2655 889 2711 liceretaqere
903 2655 1035 2711 prin-

164 2717 313 2772 cipem.
433 2715 618 2758 Tandem
668 2715 804 2771 maqis
866 2715 1034 2756 ratione

165 2789 290 2830 quam
319 2775 481 2817 honore
512 2777 647 2817 victus
672 2782 747 2828 est,
782 2787 877 2816 cum
908 2773 1034 2828 quid-

165 2834 264 2889 quid
282 2835 480 2876 tuendum
510 2848 598 2876 non
618 2833 881 2890 suscepisset,
909 2833 1034 2888 peri-

165 2900 303 2935 turum
332 2894 508 2935 videret.

253 2953 531 2994 curatissimis
548 2953 747 3008 precibus
759 2966 773 2993 .·
807 2950 1034 2994 curatissi-

165 3023 261 3052 mae
293 3024 446 3065 preces
474 3018 574 3052 sunt
605 3024 711 3067 quas
732 3024 899 3054 summa
931 3022 1034 3051 cura

166 3072 389 3125 prompsit.
453 3070 606 3112 Forma
634 3084 749 3113 nova
780 3084 832 3113 ac
864 3082 958 3111 rara
991 3075 1035 3111 et

167 3129 276 3170 haec
309 3137 374 3172 est
407 3136 450 3172 et
472 3131 660 3172 curatius
682 3129 718 3171 11
736 3130 807 3182 27,
841 3129 937 3171 XIV
958 3130 1030 3178 21,

165 3187 263 3228 XVI
302 3191 380 3241 22,
425 3191 556 3232 otiam
596 3190 838 3231 eaecusatius
879 3188 935 3229 111
975 3186 1033 3230 68

166 3248 320 3299 posita,
351 3249 546 3302 quamvis
578 3261 602 3289 a
627 3249 795 3290 Seneca
827 3247 881 3289 de
912 3249 978 3288 lra
996 3244 1033 3286 11

164 3306 222 3347 32
237 3306 495 3361 (excusatius
511 3309 681 3363 peccat)
694 3312 795 3347 ante
830 3306 1030 3347 admissa.

255 3363 358 3418 Cap.
398 3366 464 3406 14.
537 3364 616 3405 alii
651 3372 902 3420 parentem,
952 3364 1031 3405 alii

164 3431 342 3464 niati-em
368 3423 542 3479 patriae
575 3423 902 3478 appellandam:
948 3436 1029 3476 pa-

166 3488 330 3523 rentem
366 3482 446 3523 Dio
472 3481 622 3523 lsxvu
659 3484 711 3525 12
742 3485 902 3538 γονέα,
935 3494 1029 3521 ina-

167 3545 272 3582 trem
285 3546 461 3600 μητέρα
481 3542 603 3582 dixit.
667 3540 732 3582 De
754 3553 799 3580 re
819 3540 1030 3595 legendus

171 3599 298 3641 etiam
332 3600 567 3642 Suetonius
600 3599 692 3641 Tib.
727 3601 797 3642 50.

254 3659 563 3714 proconsulare
609 3659 832 3716 imperium
858 3655 1031 3713 petivit.-

172 3715 287 3770 quod
316 3715 568 3763 Germanico
600 3719 788 3762 triennio
821 3722 921 3760 ante
953 3712 1031 3756 da-

1120 2659 1210 2695 tum
1245 2660 1338 2696 erat
1364 2654 1594 2710 imperium
1626 2655 1732 2711 (Dio
1765 2655 1860 2697 LVI
1891 2655 1989 2712 25),

1119 2713 1163 2754 id
1195 2719 1242 2754 ut
1275 2715 1604 2756 continuaretur
1635 2729 1659 2757 a
1686 2720 1839 2757 senatu
1873 2717 1991 2769 peti-

1119 2773 1183 2814 vit
1214 2773 1428 2816 Tiberius.
1503 2774 1598 2817 Non
1642 2779 1764 2816 reete
1798 2774 1991 2816 coniecit

1118 2831 1290 2886 Lipsius
1312 2834 1624 2888 proconsulare
1640 2835 1869 2888 imperium
1886 2846 1992 2887 per..

1118 2897 1311 2946 petuum,
1324 2893 1440 2948 quod
1457 2895 1571 2934 inter
1594 2892 1743 2934 titulos
1765 2894 1990 2947 principa-

1117 2957 1202 3004 tus,
1219 2950 1474 2994 Germanico
1499 2953 1726 2994 decretum
1746 2965 1868 2994 esse:
1890 2964 1989 2992 nam

1120 3011 1334 3052 eiusmodi
1369 3012 1599 3066 imperium
1641 3012 1771 3053 etiam
1805 3012 1848 3051 in
1882 3010 1989 3051 urbe

1117 3070 1258 3111 teneri
1276 3071 1419 3125 potuit
1431 3071 1538 3126 (Dio
1551 3070 1640 3112 LIII
1658 3071 1755 3127 32),
1778 3070 1855 3111 sed
1874 3068 1990 3124 quod

1119 3129 1375 3172 Germanico
1388 3142 1643 3171 concessum
1658 3135 1738 3180 est,
1753 3129 1889 3170 fuisse
1904 3130 1988 3168 im-

1119 3188 1286 3242 perium
1307 3195 1429 3230 extra
1456 3188 1607 3230 urbem
1639 3187 1885 3228 habendum
1908 3199 1987 3239 ap-

1119 3252 1240 3300 paret
1259 3261 1313 3288 ex
1332 3245 1703 3302 subsequentibus
1721 3259 1731 3286 ε
1753 3259 1830 3299 quo
1850 3245 1988 3285 minus

1115 3305 1226 3346 idem
1230 3319 1310 3360 pro
1322 3306 1464 3347 Druso
1470 3305 1774 3361 postularetur,
1787 3317 1839 3343 ea
1857 3316 1990 3343 causa

1116 3364 1226 3418 quod
1261 3365 1504 3419 desiqnatus
1537 3363 1683 3403 consul
1701 3375 1988 3417 praesensque

1118 3430 1226 3463 erat.
1277 3422 1391 3463 Idem
1414 3422 1620 3476 probatur
1632 3420 1799 3463 x1141:
1821 3422 1988 3462 Caesar

1117 3480 1431 3522 adulationibus
1444 3488 1616 3522 senatus
1635 3480 1768 3522 libens
1786 3481 1922 3529 cessit,
1943 3487 1988 3520 ut

1114 3541 1312 3580 vicesimo
1355 3542 1509 3582 aetatis
1552 3553 1667 3580 anno
1720 3539 1986 3580 consulatum

1118 3598 1232 3640 Nero
1249 3599 1393 3652 iniret,
1407 3607 1530 3654 atque
1547 3600 1719 3641 interim
1741 3598 1985 3653 designatus

1112 3659 1424 3761 proconsulare
1443 3660 1668 3716 imperium
1692 3665 1815 3700 extra
1839 3658 1985 3700 urbem

1146 3717 1303 3761 aberet.
1725 3727 1732 3729 ”
