2280 4004
581 283 872 337 ANNALIVM
900 280 1067 331 {ABER
1097 284 1192 329 xv.
1215 302 1218 316 ι
1244 276 1351 328 cst.
1385 275 1458 328 n.
1559 298 1598 328 a.
1629 297 1675 326 u.
1711 284 1814 328 818.
1849 295 1875 326 a
1906 275 1956 325 ὓ.
1975 274 2060 327 ³50>

239 292 330 343 aio

241 441 372 507 apud
408 441 615 501 circum,
656 436 708 485 in
745 438 843 500 q'uo
883 432 1083 484 facinus
1118 431 1433 498 parabaturj5
1473 429 1557 496 qui
1587 427 1786 482 occulta
1825 427 2071 482 conium

239 533 394 583 tionis
421 529 625 580 numine
654 525 954 587 retexisset3
991 528 1145 589 utque
1174 518 1477 573 circensium
1509 521 1791 573 Cerealium
1820 519 2069 584 ludicrum

239 598 464 690 pluribus
531 625 774 683 equorum
832 613 1063 666 cursibus
1113 613 1490 677 celebraretur,
1551 612 1842 678 mensisque
1880 611 2071 678 Aprilis

239 715 459 767 Neronis
500 712 892 778 cognomentum
937 706 1193 772 acciperet
1205 722 1219 769 3
1275 704 1511 770 templum
1546 703 1702 756 Saluti
1752 707 2070 755 extrueretur

205 819 302 858 seo
358 802 460 853 loci
516 816 580 852 ex
636 806 734 865 quo
795 795 1074 850 Scaevinus
1101 792 1320 848 ”ferrum
1374 798 1706 861 prompserat.
1792 795 1906 860 Ipse
1956 804 2070 845 eum

238 896 513 962 pugionem
552 891 682 958 apud
713 881 1025 955 Capitolium
1049 888 1286 951 sacravit,
1326 886 1684 952 inscripsitque
1714 884 1822 937 Iovi
1858 884 2066 936 vindici.

239 987 295 1037 In
328 997 571 1051 praesens
605 981 739 1032 haud
777 979 1211 1040 animadversum
1259 981 1374 1043 post
1410 991 1547 1028 arma
1589 975 1697 1027 Iulii
1733 975 1964 1027 Vindicis
2005 974 2069 1027 ad

242 1075 519 1141 auspicium
563 1078 611 1123 et
636 1072 959 1138 praesagium
998 1069 1196 1120 futurae
1231 1066 1438 1118 ultionis
1474 1065 1781 1118 trahebatur.
1852 1066 2070 1133 Reperio

242 1168 294 1216 in
331 1164 706 1217 commentariis
744 1166 950 1214 senatus
977 1160 1226 1212 Cerialem
1251 1159 1502 1233 Anicium,
1527 1158 1786 1210 consulem
1825 1158 2073 1226 designa*-

172 1263 342 1315 10tum
383 1270 475 1323 pro
494 1254 761 1307 ‘sententia
801 1254 993 1304 dixisse
1038 1257 1092 1302 ut
1125 1251 1358 1317 templum
1396 1251 1514 1301 divo
1548 1251 1738 1302 Neroni
1779 1264 1924 1317 quam
1959 1259 2073 1336 ma-

242 1351 451 1399 turrime
488 1347 687 1412 publica
722 1344 938 1411 pecunia
977 1347 1267 1409 poneretur.
1343 1341 1490 1402 Quod
1524 1342 1726 1408 quidem
1763 1336 1849 1392 ille
1885 1341 2072 1393 dedet·-

243 1439 395 1490 nebat
441 1443 693 1502 tamquam
750 1434 963 1485 mortale
1021 1433 1277 1499 fastigium
1331 1446 1544 1499 egresso
1589 1436 1639 1482 et
1688 1431 2071 1483 venerationem

241 1530 497 1580 hominum
541 1527 753 1590 meritO,
816 1524 1070 1591 quondam
1111 1523 1175 1575 ad
1234 1532 1383 1574 omen
1440 1538 1501 1574 ac
1563 1523 1733 1574 dolum
1782 1523 1868 1573 citi
1908 1518 2073 1575 exitus

358 1696 400 1738 2.
437 1694 722 1735 ciracensium
754 1691 980 1734 cerialium
1000 1689 1091 1733 Ma:
1127 1693 1370 1732 correctum
1391 1690 1437 1731 in
1460 1688 1508 1732 G.
1589 1690 1632 1732 3.
1664 1689 1900 1744 mensisque
1915 1687 2073 1751 Bam,

238 1755 394 1794 mensis
428 1767 586 1808 quoque
623 1750 708 1794 CR.
803 1751 845 1794 8.
881 1751 1080 1807 repperio
1117 1750 1196 1791 Ma.
1296 1751 1363 1792 12.
1397 1755 1512 1804 tanq.
1548 1747 1626 1791 Ma.
1720 1749 1940 1791 veneratio
1972 1750 2073 1791 item

238 1811 367 1865 BMfl,
410 1813 733 1854 uenerationem
772 1813 871 1852 item
919 1810 953 1852 G
996 1817 1039 1851 et
1065 1809 1365 1851 Oxonienses:
1418 1810 1517 1853 item
1567 1810 1777 1863 expunxit
1818 1809 2068 1851 Rhenanus.

243 1872 312 1914 13.
349 1873 562 1926 quondam
594 1872 651 1912 ad
683 1885 804 1912 omen
834 1884 888 1911 ac
921 1870 1060 1910 dolum
1103 1870 1176 1910 citi
1208 1868 1371 1910 editor:
1418 1865 1485 1910 Ma
1524 1868 1792 1923 quorundam
1829 1867 1888 1910 all
1927 1868 2074 1913 omina

241 1930 382 1972 dolam
410 1932 490 1984 sui,
525 1929 559 1973 G
590 1931 858 1987 quorundam
889 1930 947 1971 acl
987 1929 1132 1970 omnia
1162 1928 1257 1970 dolo
1289 1928 1371 1970 sui.

238 2075 403 2116 viritim
437 2073 578 2115 divisa
611 2076 742 2130 (72),
788 2070 898 2114 alios
929 2073 1113 2114 honori-
1195 2072 1316 2128 prius
1360 2085 1477 2113 nunc
1511 2077 1577 2115 est
1613 2074 1899 2134 praecipuus,
1943 2070 1988 2116 et
2027 2070 2072 2117 di

238 2134 319 2176 bus
354 2140 503 2175 auctos
548 2133 783 2189 (ibidem),
835 2135 905 2174 cui
947 2130 1110 2189 quaeso
1199 2137 1308 2187 quos
1340 2138 1514 2186 praeter
1546 2131 1691 2174 Solem
1723 2140 1827 2175 tunc
1857 2132 2071 2194 respexe-

242 2195 478 2235 etiamnum
506 2193 619 2234 dona
642 2193 964 2234 decernentur?
996 2187 1138 2234 Bez-‘
1197 2197 1310 2243 runt,
1344 2191 1468 2234 fuere
1501 2189 1658 2245 Ceres,
1691 2186 1843 2246 Salus,
1876 2183 2071 2248 Iuppiter

241 2254 487 2308 zenberger
528 2258 803 2294 correcturus
848 2259 932 2293 tum
976 2252 1116 2293 indis-
1198 2250 1375 2293 vindex.
1449 2250 1576 2294 Conf.
1624 2252 1722 2294 XIV
1754 2252 1836 2295 64:
1877 2254 1990 2295 dona
2020 2253 2070 2295 ob

242 2319 363 2353 creta
423 2313 537 2353 dona
584 2336 640 2343 —
688 2312 978 2352 decernuntur
1029 2324 1117 2352 non

240 2371 506 2427 recogitavit
543 2381 707 2412 *vocem
741 2371 998 2411 indiscretus
1030 2382 1117 2411 non

239 2430 355 2471 idem
387 2429 536 2471 valere
582 2429 698 2484 quod
747 2429 863 2471 haud
895 2430 1115 2482 discretus,

240 2489 318 2530 sed
351 2503 403 2531 ea
437 2488 633 2530 denotari
668 2488 782 2544 quod
818 2489 1007 2529 discerni
1037 2503 1117 2530 ne-

241 2549 340 2602 quit.
417 2549 487 2590 Sic
532 2555 651 2589 certe
712 2560 885 2601 semper
930 2548 1116 2600 Tacitus,

238 2607 362 2647 velut
393 2608 409 2647 1
446 2608 526 2648 35:
564 2622 661 2647 mooe
681 2608 924 2648 indiscretis
947 2608 1118 2649 vocibus

241 2668 319 2720 (=
351 2677 461 2719 quae
508 2666 697 2706 discerni
754 2662 839 2705 non
885 2671 1113 2722 poterant)

233 2724 379 2780 pretia
422 2726 717 2776 vacationum,
768 2726 988 2779 anqustias
1038 2726 1117 2766 sti-

235 2782 408 2838 pendii,
452 2783 655 2824 duritiam
686 2797 879 2838 operum,
928 2797 982 2825 ac
1008 2798 1116 2840 pro-

234 2843 346 2898 priis
403 2843 644 2883 nominibus
702 2844 902 2884 incusant
957 2844 1118 2884 vallum

238 2903 391 2955 fossas.
457 2901 534 2942 XV
568 2903 654 2944 32:
691 2902 748 2942 acl
780 2916 872 2942 eam
906 2902 1015 2944 diem
1044 2904 1116 2943 in-

241 2960 417 3000 discreti
473 2959 539 3014 (h.
591 2973 629 3000 e.
686 2967 733 3000 ut
787 2961 976 3002 discerni
1029 2973 1115 3002 non

239 3024 421 3072 possent
456 3019 625 3073 equites
668 3032 692 3059 a
736 3019 888 3074 plebe)
933 3020 1114 3062 inibant.

239 3077 290 3118 H.
326 3077 385 3117 IV
418 3078 500 3120 52:
533 3091 653 3118 suum
684 3079 833 3132 cuique
863 3080 1117 3134 sanquinem

238 3136 516 3177 indiscretum
535 3136 601 3191 (h.
627 3151 665 3178 e.
700 3138 836 3178 dividi
865 3144 907 3179 et
942 3138 1116 3194 seiungi

240 3208 327 3235 non
375 3201 545 3252 posse).
629 3196 740 3238 Hinc
783 3197 1010 3239 descendit
1052 3199 1115 3239 si-

241 3254 471 3309 gnificatus
516 3257 611 3296 eius
658 3256 773 3310 quod
822 3254 976 3298 eodem
1016 3257 1114 3298 loco

241 3319 284 3354 et
332 3326 513 3355 numero
571 3320 660 3366 est,
731 3321 777 3355 ut
827 3316 878 3357 H.
930 3316 987 3357 111
1032 3317 1113 3359 47:

240 3372 409 3426 quando
440 3372 542 3414 hinc
570 3373 636 3414 vel
655 3371 779 3416 illinc
796 3373 1012 3430 adpellere
1042 3376 1112 3416 in-

239 3431 467 3472 discretum
511 3440 550 3473 et
582 3433 806 3475 innoxium
839 3440 912 3476 est.
976 3433 1040 3475 Ne
1071 3433 1114 3475 id

239 3489 412 3543 quidem
438 3491 608 3532 Tacitus
630 3491 776 3534 dicere
808 3493 917 3545 vult,
953 3494 1112 3535 ceteris

238 3549 486 3591 numinibus
528 3551 775 3605 promiscue
816 3558 859 3593 et
899 3554 941 3593 in
989 3561 1111 3593 com-

239 3616 369 3646 mune
423 3607 563 3662 dona,
624 3611 846 3664 proprium
899 3609 1109 3653 honorem

240 3659 331 3705 Soli
379 3661 600 3709 decretum
647 3678 758 3711 esse.
829 3666 963 3713 immo
1000 3674 1110 3727 pro-

1199 2309 1307 2351 haec
1331 2310 1494 2365 templis
1520 2312 1706 2353 decreta.
1770 2312 1852 2355 59:
1875 2313 2071 2355 decretae

1200 2383 1247 2410 eo
1278 2371 1450 2411 nomine
1481 2370 1827 2427 supplicationes.

1288 2428 1402 2484 apud
1436 2429 1694 2485 Capitolium
1724 2424 1942 2472 sacravit!
1967 2431 2072 2474 ‘ritu

1199 2489 1338 2529 veteri
1374 2494 1417 2529 et
1448 2496 1642 2544 recepto.
1709 2491 1827 2533 Suet.
1861 2488 1954 2532 Cal.
1988 2491 2071 2535 24:

1199 2554 1283 2587 tres
1315 2547 1483 2602 qladios
1515 2550 1562 2590 in
1601 2562 1748 2591 necem
1784 2559 1905 2591 suam
1934 2556 2072 2606 prae·-

1195 2614 1374 2660 paratos
1411 2607 1548 2648 Marti
1575 2608 1721 2661 ultori,
1755 2610 1899 2650 addito
1933 2610 2069 2665 eloyt‘o

1200 2667 1481 2707 consecravit.
1576 2666 1693 2708 Idem
1759 2667 1940 2709 Vitellio
1993 2670 2069 2712 10:

1194 2725 1446 2779 puqionem,
1497 2738 1575 2778 quo
1616 2740 1661 2766 se
1693 2726 1799 2767 otho
1833 2728 2067 2780 occiderat,

1197 2784 1244 2823 in
1289 2783 1647 2839 Ayrippinensem
1698 2785 1911 2827 coloniam
1958 2788 2072 2829 misit

1200 2841 1337 2883 Marti
1369 2843 1664 2885 dedicandum.
1734 2844 1817 2886 Dio
1850 2845 1894 2886 iii
1926 2845 2071 2888 Anto-

1197 2902 1300 2941 nino
1324 2901 1549 2944 Caracalla
1571 2903 1762 2945 LXXVII
1793 2905 1874 2947 23:
1909 2910 1987 2949 aedi
2020 2901 2070 2950 τὸ

1198 2962 1349 3018 ξίφος,
1372 2962 1430 3004 δι’
1457 2955 1511 3006 οὗ
1534 2959 1616 3007 τὸν
1640 2959 1845 3020 ἀδελφὸν
1874 2963 2071 3008 ἀπεκτό-

1194 3030 1278 3068 νει,
1309 3019 1564 3065 ἀναθεῖναι
1597 3024 1659 3080 τῷ
1683 3023 1776 3081 θεῷ
1804 3024 2067 3082 ἐτόλμησεν.

1198 3077 1282 3119 Sed
1344 3085 1386 3120 et
1443 3081 1556 3134 apud
1602 3081 1791 3123 Graecos
1844 3082 2069 3138 Olympias

1185 3137 1397 3192 gladium,
1430 3153 1508 3193 quo
1546 3154 1625 3181 rem
1658 3141 1933 3198 (Philippus)
1959 3154 2068 3199 per-

1197 3211 1339 3238 cussus
1379 3205 1495 3250 erat,
1546 3199 1740 3255 Apollini
1783 3201 1857 3242 sub
1896 3202 2069 3243 nomine

1198 3256 1405 3310 Myrtalcs
1447 3260 1739 3310 consecravit,
1786 3261 1847 3315 ait
1878 3260 2068 3302 lustinus

1195 3314 1250 3355 lx
1284 3316 1324 3358 7.
1386 3316 1675 3359 Tertullianus
1695 3317 1879 3372 pulchre
1903 3319 1957 3361 de
1976 3317 2067 3362 Re-

1194 3385 1302 3415 surr.
1339 3377 1505 3417 carnis:
1538 3376 1707 3432 gladius
1741 3377 1844 3419 bene
1877 3378 1927 3419 de
1959 3378 2066 3420 bello

1195 3441 1418 3487 cruentus,
1506 3442 1544 3477 et
1615 3436 1766 3478 melior
1826 3437 2064 3490 homicida,

1193 3491 1362 3534 laudem
1409 3507 1530 3536 suam
1579 3497 1901 3538 consecratione
1953 3503 2063 3553 'pun-

1191 3550 1314 3593 sabit.
1378 3553 1568 3597 Luzsms.

1300 3613 1514 3666 quondam
1552 3612 1611 3656 ad
1661 3620 1791 3669 omen,
1819 3621 1874 3655 ac
1921 3611 2063 3654 dolam

1191 3668 1265 3714 citt
1287 3666 1423 3715 emittis
1438 3674 1700 3717 uerteretur.-
1732 3670 1877 3715 omina
1896 3670 2059 3715 resolti
