2280 4004
260 274 349 318 320
1008 267 1302 311 ANNALWM
1829 279 1868 309 a.
1900 278 1945 310 u.
1978 242 2082 312 51⁸.
2154 256 2160 262 '

262 417 519 465 statueret.
605 412 1008 476 Deportatusque
1057 408 1107 458 in
1162 407 1377 460 insulam
1412 406 1696 462 Sardiniam
1739 408 1979 476 Cassius,
2037 413 2089 462 et

260 509 497 556 senectus
534 502 643 553 eius
684 499 1060 566 expectabatur.
1135 498 1363 564 Silanus,
1414 502 1666 566 tamquam
1698 499 1892 553 Naxum
1928 499 2090 553 deve-

258 596 478 658 heretur,
533 593 723 645 Ostiam
760 596 992 655 amotus3
1038 595 1153 656 post
1204 590 1477 657 municipio
1518 590 1749 658 Apuliae,
1787 592 1868 643 cui
1901 606 2088 644 nomen

259 684 460 735 Barium
502 688 607 748 est,
672 682 935 733 clauditur.
1006 681 1120 746 ‚Illic
1174 681 1583 749 indignissimum
1622 697 1794 735 casum
1833 682 2092 750 sapienter

223 774 516 839 stoleranS,
569 791 595 825 a
637 774 934 825 centurione
971 773 1033 824 ad
1076 774 1287 825 caedem
1325 773 1482 826 misso
1526 774 1824 840 corripitur3
1865 774 2092 827 suaden-

258 867 398 933 tique
432 881 591 919 venas
634 867 951 932 abrumpere,
986 866 1203 916 animum
1243 865 1445 932 quidem
1469 866 1619 917 morti
1659 865 1962 919 destinatum
2000 866 2087 932 ait,

260 958 351 1010 sed
378 972 481 1009 non
516 958 808 1024 permittere
837 957 1130 1024 percussori
1166 956 1382 1025 gloriam
1410 957 1692 1010 ministerii.
1743 959 1812 1009 At
1841 957 2089 1024 centurie,

265 1049 493 1115 quamvis
541 1050 814 1114 inermem,
873 1048 1220 1115 praevalidum
1256 1053 1426 1101 tamen
1480 1053 1529 1101 et
1577 1048 1686 1101 irae
1738 1064 1887 1116 quam
1921 1048 2091 1101 timori

263 1140 553 1207 propiorem
612 1156 858 1206 cernenS,
920 1140 1100 1207 prendi
1160 1157 1187 1192 a
1241 1140 1483 1193 militibus
1538 1141 1691 1192 iubet.
1764 1141 1872 1193 Nec
1926 1140 2095 1193 omisit

202 1231 462 1286 ioSilanus
517 1232 676 1282 obniti
739 1238 788 1283 et
840 1232 1108 1283 intendere
1160 1231 1319 1296 ictUS,
1380 1236 1616 1298 quantum
1657 1232 1888 1284 manibus
1942 1231 2093 1284 nudis

261 1322 497 1387 valebat,
539 1322 705 1373 donec
743 1338 772 1374 a
811 1322 1109 1374 centurione
1147 1322 1444 1392 vulneribus
1483 1323 1714 1375 adversis
1755 1327 2006 1389 tamquam
2041 1323 2095 1374 in

264 1428 434 1481 pugna
475 1413 697 1464 caderet.
1526 1468 1528 1471 ,

403 1503 547 1555 Haud
582 1503 748 1554 minus
785 1509 1014 1570 prompte
1051 1503 1235 1555 Lucius
1272 1503 1428 1554 Vetus
1468 1517 1751 1570 socrusque
1789 1503 1898 1556 eius
1926 1501 2183 1561 Sextiam

386 1675 427 1716 2.
462 1679 636 1714 senatus
671 1672 737 1714 Ma
763 1679 806 1716 et
839 1675 1003 1715 ceteri:
1038 1671 1624 1715 correxitFranc.Medices.

265 1730 347 1774 Ma.
426 1733 470 1775 3.
509 1734 619 1774 ostia
650 1731 730 1775 Ma.

261 1790 392 1833 caede
423 1790 502 1834 Ma.
597 1793 636 1834 7.

262 1850 427 1893 editor:
459 1849 527 1893 Ma
559 1853 668 1908 pmi,
702 1853 838 1894 ceteri
868 1854 1020 1909 premi.
1087 1855 1154 1895 11.
1177 1852 1290 1896 voln.
1326 1851 1397 1895 Or.

1695 1687 1810 1730 exsp.
1845 1671 1918 1716 Or.
1979 1680 2096 1728 tanq.

803 1733 847 1775 4.
883 1735 1062 1775 Barium
1095 1740 1156 1775 est
1188 1731 1311 1786 GMa,
1349 1744 1435 1772 non
1470 1731 1669 1774 Rhenani
1707 1739 1767 1773 est
1798 1732 1990 1775 Barium.
2054 1733 2096 1776 5.

670 1794 891 1848 pemittere
925 1807 1021 1834 cum
1054 1793 1131 1835 lin.
1164 1798 1412 1834 transversa
1443 1793 1487 1833 in
1523 1791 1608 1834 litt.
1636 1806 1681 1847 p.
1717 1790 1797 1833 Ma.
1867 1792 1912 1835 9.
1942 1791 2101 1848 prendi

1460 1859 1663 1906 tanquam
1677 1849 1758 1893 Ma.
1827 1852 1896 1895 13.
1929 1851 1980 1895 L.
2019 1849 2098 1894 Ma.

350 1993 391 2028 et
434 1994 627 2029 senectus
671 1990 760 2030 eius
801 1989 1136 2045 expectabatur:
1222 1987 1474 2045 premenda.
1548 1986 1599 2028 H.
1633 1986 1690 2029 111
1722 1988 1775 2031 77
1811 1990 1994 2045 (naves)
2025 1987 2101 2030 πί-

263 2045 491 2088 luminibus
527 2047 722 2089 orbatum
766 2047 872 2089 dicit
904 2048 1139 2091 Suetonius
1221 2049 1305 2088 mio
1345 2047 1559 2089 ruentium
1600 2060 1729 2089 onere
1768 2061 1940 2103 pressas
1979 2060 2102 2090 mare

261 2105 363 2149 Ner.
418 2107 490 2149 37.
578 2106 834 2148 Per-duravit
888 2114 1034 2150 tamen
1087 2107 1139 2149 ad
1223 2107 1381 2149 hausit.
1445 2107 1496 2147 H.
1524 2105 1584 2147 lv
1616 2107 1674 2150 23
1705 2107 1895 2149 hibernis
1919 2106 2104 2149 obsideri·

265 2165 524 2219 Vespasiani
566 2167 880 2221 principatum:
928 2167 1137 2222 Pompon.
1217 2167 1438 2223 premique
1475 2165 1746 2207 Germanias.
1823 2166 1930 2221 lpse.
1956 2172 2102 2210 tamen

263 2223 293 2266 l.
330 2227 358 2267 2
410 2226 454 2276 ὃ.
488 2226 542 2268 47
594 2227 643 2267 de
684 2226 803 2282 Oriq.
845 2228 929 2268 iur.
976 2227 1017 2282 (I
1061 2229 1140 2283 2):
1225 2226 1440 2267 ablativus
1483 2226 1760 2267 instrumenti
1792 2238 1878 2267 non
1909 2226 2101 2282 requiri-

259 2283 492 2340 plurimum
538 2285 585 2325 in
645 2287 816 2327 civitate
872 2287 1142 2328 auctoritatis

264 2342 412 2383 habuit
444 2357 644 2398 eousque,
680 2346 814 2386 donec
849 2360 942 2386 eum
975 2347 1142 2402 (insere

267 2402 402 2461 Nero)
434 2403 600 2445 Caesar
632 2406 801 2446 civitate
829 2404 1029 2461 pelleret,
1064 2419 1142 2445 ea·-

261 2462 410 2517 pulsus
442 2463 494 2503 ab
530 2477 577 2504 eo
609 2466 656 2505 in
692 2465 971 2519 Sardiniam,
1013 2478 1143 2505 revo-

267 2528 387 2563 catus
409 2535 436 2562 a
460 2522 721 2579 Vespasiano
747 2524 856 2564 diem
878 2539 998 2566 suum
1025 2524 1141 2566 obiit.

364 2581 439 2622 sed
482 2596 567 2622 non
612 2584 858 2638 permittere
898 2585 1145 2639 percussori

265 2638 451 2694 yloriam
493 2642 747 2683 ministerii:
799 2643 946 2697 cogita
987 2648 1144 2682 centu-

266 2699 435 2740 rionem
481 2700 604 2741 illum
652 2701 836 2742 consilio
880 2713 958 2741 suo
1001 2702 1142 2741 statim

268 2770 360 2798 rem
398 2760 583 2815 iungere
626 2760 821 2801 voluisse
854 2766 897 2802 et
930 2762 1144 2802 medicum

269 2816 482 2860 obtulisse
516 2821 590 2874 qui
617 2820 764 2862 Silano
802 2833 937 2861 venas
971 2820 1144 2861 incide-

267 2882 349 2918 ret.
415 2876 481 2919 Cf.
524 2878 602 2920 XV
645 2879 728 2921 69:
778 2879 993 2920 clauditur
1026 2880 1146 2920 cubi-

270 2936 390 2988 culo,
431 2945 601 2992 praesto
640 2945 699 2979 est
731 2939 938 2990 medicus,
974 2939 1147 2980 abscin-

271 2995 428 3036 duntur
461 3010 610 3038 venae.
675 2997 908 3038 Suetonius
940 2997 1040 3039 Ner.
1075 2999 1146 3039 37.

275 3053 353 3095 Cui
387 3054 465 3095 ille
498 3056 686 3110 superbe
718 3058 913 3110 reponit,
964 3057 1146 3112 gloriam

273 3114 503 3155 ministerii
552 3117 647 3156 viro
703 3116 862 3157 illustri
910 3115 1147 3169 praebendi

275 3186 323 3214 se
355 3186 441 3214 non
465 3177 718 3228 permittere
743 3177 1017 3229 percussori:
1051 3188 1146 3215 uam

271 3246 567 3288 percussorem
621 3236 902 3288 contemptim
957 3234 1150 3288 appellat

274 3292 489 3333 medicum
523 3307 657 3335 venas
687 3293 968 3335 incidentem.

362 3352 519 3407 prendi
550 3366 578 3392 a
611 3353 812 3394 militibus
852 3353 989 3395 iubet:
1035 3351 1147 3407 quod

273 3410 411 3466 vulgo
444 3411 607 3467 legitur
629 3414 782 3467 premi,
817 3413 857 3453 id
881 3412 1031 3453 Latine
1064 3411 1147 3451 dici

274 3481 362 3510 non
408 3472 550 3524 potuit
600 3472 682 3512 nisi
732 3471 928 3526 adiecto*
958 3483 1009 3512 eo
1064 3482 1148 3524 quo

276 3541 452 3582 pressus
491 3532 560 3571 sit.
647 3531 717 3572 Sic
763 3530 818 3570 Vl
863 3531 922 3573 50
968 3529 1150 3585 opprimi

277 3601 420 3629 senem
463 3590 623 3631 iniectu
658 3589 814 3630 multae
857 3589 983 3630 vestis
1020 3589 1145 3629 iubet.

278 3645 352 3688 XII
396 3648 453 3690 32
506 3651 678 3706 (gens)
734 3650 888 3691 castris
935 3648 1150 3704 leqionum

1224 2292 1307 2337 tur,
1336 2287 1370 2326 si
1394 2284 1588 2339 suppleri
1617 2299 1670 2326 ex
1700 2286 1909 2339 proximis
1941 2290 2100 2341 potest,

1225 2345 1348 2387 velut
1394 2344 1493 2385 XlV
1537 2345 1590 2387 5:
1651 2359 1778 2386 ruere
1818 2352 1971 2386 tectum
2018 2344 2104 2386 loci

1224 2404 1352 2445 multo
1407 2403 1575 2458 plumbo
1635 2418 1792 2459 9⁷·ave3
1852 2417 2102 2460 pressusque

1229 2463 1484 2518 Crepereius
1508 2470 1547 2504 et
1565 2464 1707 2504 statim
1725 2465 1994 2505 exanimatus
2025 2470 2100 2505 est.

1227 2522 1324 2564 XVI
1357 2523 1442 2565 53:
1477 2522 1720 2564 Lateranus
1742 2529 2103 2578 —prosterneret

1225 2583 1445 2623 incautum
1458 2589 1750 2636 premeretque
1765 2583 1969 2638 (corpore
1986 2583 2101 2639 suo).

1229 2642 1272 2683 Si
1307 2640 1507 2681 absolute
1541 2641 1720 2693 dicitur,
1766 2646 1812 2681 ut
1843 2640 1881 2682 11
1915 2642 1967 2684 15
1994 2654 2103 2697 pre-

1226 2713 1341 2741 mere
1365 2699 1523 2754 pulsos,
1557 2699 1670 2740 idem
1696 2705 1762 2741 est
1793 2700 1908 2754 quod
1938 2700 2105 2754 insequi

1228 2757 1301 2800 vel
1334 2759 1513 2810 instare,
1549 2765 1623 2800 aut
1653 2757 1850 2800 cohibere
1883 2764 1927 2800 et
1957 2759 2102 2815 repri-

1228 2832 1368 2870 mere,
1414 2823 1460 2858 ut
1495 2818 1546 2859 H.
1582 2817 1642 2859 lv
1677 2820 1727 2862 2:
1764 2831 1926 2873 paucos
1959 2831 2103 2860 erum-

1225 2891 1330 2933 pere
1380 2891 1505 2919 ausos
1569 2877 1834 2918 circumiecti
1890 2891 2102 2933 pressere.

1231 2936 1429 2977 Premere
1473 2942 1614 2978 autem
1656 2949 1735 2990 per
1765 2949 1813 2977 se
1851 2949 1996 2991 neque
2027 2950 2104 2979 oc-

1232 2995 1374 3036 cidere
1407 3009 1552 3050 neque
1585 2997 1822 3051 opprimere
1853 2996 2103 3052 significare

1232 3061 1389 3108 potest.
1442 3055 1515 3095 Sin
1542 3056 1734 3108 accipias
1753 3053 1807 3095 de
1831 3054 1979 3096 Silano
2003 3067 2104 3098 cor-

1232 3127 1338 3167 pore
1356 3114 1652 3155 invadentium
1687 3113 1872 3155 militum
1897 3126 2104 3168 premen-

1233 3174 1312 3226 do,
1353 3173 1523 3214 Tacitus
1564 3172 1828 3227 perobscure
1870 3179 1914 3214 et
1955 3180 2106 3216 contra

1234 3231 1592 3274 consuetudinem
1616 3231 1834 3287 loquetur.
1875 3230 2008 3274 Immo
2033 3233 2105 3276 Si-

1233 3291 1378 3333 lanum
1413 3293 1609 3332 centurio
1642 3291 1840 3332 suadenti
1875 3291 1958 3333 sibi
1990 3291 2106 3334 haud

1234 3351 1547 3406 obsequentem
1584 3349 1796 3407 prehendi
1837 3363 1861 3391 a
1893 3350 2104 3393 militibus

1234 3410 1380 3462 iussit,
1431 3416 1477 3450 ut
1509 3423 1649 3451 venae
1694 3409 1893 3465 abrumpi
1923 3410 1962 3451 ei
1998 3421 2103 3465 poe-

1234 3476 1355 3510 sent:
1405 3469 1482 3510 sed
1516 3469 1592 3510 ille
1631 3468 1729 3509 dum
1766 3467 1998 3521 obnititur,
2046 3480 2103 3509 ne

1235 3529 1604 3582 prehenderetur,
1667 3528 1933 3568 centurionis
1986 3526 2102 3569 ferro

1232 3589 1455 3641 perfossus
1478 3593 1556 3629 est.
1619 3585 1659 3627 Is
1683 3587 1798 3628 enim
1823 3592 1909 3627 tum
1933 3583 2103 3627 demum

1231 3648 1327 3701 ipse
1360 3647 1412 3689 ad
1444 3648 1530 3689 vim
1570 3657 1828 3703 progressus
1870 3649 1956 3698 est,
2005 3656 2103 3687 cum
