2280 4004
143 497 214 548 40
227 497 494 555 latioribus
526 496 672 550 vadis
707 496 974 549 transiere.

226 260 335 319 otest,
364 262 437 317 58·
467 293 486 319 :2

807 260 973 307 Lmen
1002 260 1112 320 xm.
1175 261 1296 321 ou„
1313 263 1504 308 39—40.

1967 265 2055 325 ,¹⁵1

227 405 400 471 adluit,
443 409 597 472 ponte
630 404 1125 473 transgrederentur,
1165 404 1257 456 sub
1288 404 1441 456 ictum
1480 403 1751 466 dabantur:
1789 405 1967 472 procul
2004 410 2055 458 et

1069 497 1137 548 At
1176 496 1424 548 Tiridates
1462 495 1655 563 pudore
1695 501 1745 563 et
1781 502 1948 562 metu,
1986 512 2052 548 ne

225 589 271 642 si
310 588 654 640 concessisset
679 587 951 651 obsidioni,
993 586 1117 638 nihil
1154 587 1264 653 opis
1301 587 1354 640 in
1390 588 1500 653 ipso
1539 587 1816 653 videretur,
1846 588 1891 640 si
1926 603 2053 656 pro-

225 679 451 744 hiberet,
505 678 759 745 impeditis
795 679 924 730 locis
963 693 1122 746 seque
1161 683 1210 730 et
1246 683 1507 746 equestres
1567 679 1739 746 copias
1791 679 2048 748 inligaret,

223 771 395 823 statuit
422 774 678 837 postremo
705 770 977 824 ostendere
1006 770 1167 825 aciem
1191 774 1240 821 et
1276 770 1393 827 dato
1424 770 1509 826 die
1532 770 1779 837 proelium
1802 771 2088 838 incipere‚⁵

223 862 306 914 vel
340 861 661 917 simulatione
713 861 867 928 fugae
920 861 1088 913 locum
1134 861 1301 913 fraudi
1353 876 1551 928 parare.

1646 862 1805 930 Igitur
1839 867 2051 930 repente

226 950 411 1021 agmen
446 954 724 1007 Romanum
766 953 1139 1018 circumfundit,
1180 967 1284 1005 non
1320 953 1505 1020 ignaro
1543 953 1673 1006 duce
1715 958 1922 1020 nostro,
1965 954 2051 1021 qui

222 1044 337 1101 viae
371 1044 562 1110 pariter-
599 1048 648 1095 et
681 1058 883 1111 pugnae
909 1048 1264 1110 composuerat
1297 1044 1590 1107 exercitum.
1665 1045 1845 1096 Latere
1868 1044 2047 1097 dextro

221 1134 577 1202 tertiavlegio,
629 1134 838 1188 sinistro
887 1139 1032 1186 sexta
1075 1134 1374 1200 incedebat,
1431 1135 1613 1187 mediis
1666 1135 2049 1192 decimano-rum

222 1225 463 1291 delectis;
505 1231 709 1292 recepta
751 1227 885 1282 inter
921 1224 1129 1278 ordines
1167 1226 1552 1293 impedimenta,
1593 1232 1643 1278 et
1680 1232 1878 1295 tergum
1912 1229 2114 1294 milleio

221 1318 417 1384 equites
457 1317 752 1382 tuebantur,
810 1316 991 1383 quibus
1029 1317 1272 1382 iusserat,
1328 1322 1382 1368 ut
1429 1317 1729 1370 instantibus
1769 1319 2049 1374 comminus

221 1407 545 1473 resisterent,
583 1408 797 1481 refugos
834 1423 938 1460 non
976 1413 1324 1475 sequerentur.
1398 1410 1454 1460 In
1491 1410 1732 1462 cornibus
1766 1411 1925 1477 pedes
1963 1425 2052 1463 sa-

219 1499 454 1567 gittarius
492 1505 543 1554 et
581 1505 752 1552 cetera
789 1515 967 1552 manus
1009 1501 1230 1567 equitum
1268 1500 1399 1566 ibat,
1461 1501 1762 1567 productior
1800 1517 1960 1555 cornu
1996 1503 2051 1555 in

221 1591 430 1647 sinistro
464 1605 557 1657 per
591 1591 690 1649 ima
726 1591 945 1657 collium,
983 1596 1037 1642 ut
1074 1591 1119 1643 si
1147 1592 1310 1644 hostis
1345 1592 1655 1658 intravisset,
1698 1593 1867 1646 fronte
1900 1593 2052 1646 simul

221 1687 272 1739 et
319 1681 435 1735 sinu
491 1682 825 1749 exciperetur.

924 1683 1225 1750 Adsultare¹
1252 1700 1316 1736 ex
1369 1684 1574 1737 diverso
1610 1685 1888 1752 TiridateS,
1947 1702 2048 1738 non
2068 1706 2116 1747 ιε

219 1788 381 1840 usque
406 1774 471 1826 ad
506 1773 690 1825 iactum
724 1774 828 1840 teli,
867 1774 959 1827 sed
989 1778 1092 1826 tum
1128 1774 1364 1827 minitans
1393 1780 1496 1827 tum
1531 1775 1704 1842 specie
1731 1776 2048 1843 trepidantiS,

220 1865 265 1922 si
300 1865 476 1921 laxare
523 1865 730 1923 ordines
770 1871 821 1919 et
875 1866 1111 1919 diversos
1166 1868 1456 1920 consectari
1506 1872 1696 1934 posset.

343 2020 380 2061 1.
414 2017 490 2061 all.
526 2017 596 2061 Or.
697 2019 741 2061 3.
774 2018 910 2061 nichil
939 2017 1020 2061 Ma.

225 2078 294 2121 10.
328 2076 500 2120 delectis
531 2076 610 2132 Ma,
645 2090 732 2118 non
764 2077 837 2121 dil.

220 2136 348 2183 Bodl.

221 2197 395 2239 sinistro
425 2196 613 2251 Lipsius.

221 2269 344 2301 verso
375 2254 457 2299 Ma.
550 2255 687 2301 nichil
718 2254 797 2298 Ma.

221 2409 394 2458 tergum
421 2400 607 2457 agminis
628 2404 802 2442 tuentes
823 2405 1089 2454 superesset.

223 2461 290 2505 Cf.
319 2461 425 2517 Agr.
459 2460 515 2502 35
559 2459 805 2501 covinarius
833 2473 969 2514 eques.

262 2564 265 2565 ⁷
317 2519 569 2576 productior
621 2533 757 2560 cornu
800 2520 848 2560 in
887 2519 1089 2561 sinistro.-

222 2579 474 2635 sagittarius
537 2584 580 2621 et
631 2591 766 2634 eques
816 2579 860 2619 in
913 2579 1090 2620 sinistro

224 2651 358 2683 cornu
391 2638 560 2680 locatus
587 2637 840 2692 productior
870 2639 966 2684 sive
985 2650 1091 2692 por..

222 2699 385 2741 rectior
416 2697 770 2753 ingrediebatur,
805 2702 852 2738 ut
883 2697 919 2739 si
952 2696 1091 2740 hostis

224 2771 382 2814 agmen
394 2757 660 2809 intravisset,
675 2756 877 2812 legiones
892 2770 916 2798 a
930 2757 1091 2810 fronte,

224 2829 358 2859 cornu
396 2816 615 2857 sinistrum
659 2829 684 2856 a
726 2822 852 2871 tergo
895 2815 1091 2859 haberet.

228 2875 352 2927 Quod
367 2874 539 2928 Lipsius
560 2874 680 2916 dedit
697 2875 971 2931 productiore
991 2889 1093 2918 eor-

223 2947 355 2976 nuum
382 2934 556 2976 sinistro
600 2939 644 2975 et
682 2939 860 2988 propter
905 2935 1093 2990 genitivi

224 2993 405 3036 formam
429 2995 672 3051 (cornuum)
707 2999 750 3035 et
774 2999 953 3047 propter
969 3006 1093 3036 amo-

224 3058 311 3094 tam
336 3051 674 3094 collocationem
695 3052 927 3095 verborum
943 3054 1090 3096 Tacito

225 3114 443 3166 propriam
474 3123 561 3152 non
606 3111 762 3165 placet.
828 3111 894 3154 Cf.
928 3111 1005 3155 XlI
1036 3113 1092 3156 56

226 3170 327 3213 lacu
356 3171 404 3212 in
433 3171 539 3226 ipso,
574 3170 734 3212 ibidem
764 3172 868 3213 urbe
901 3186 954 3212 ea>
980 3173 1089 3228 ipsa,

228 3229 324 3272 Xlll
352 3231 412 3273 42
441 3235 671 3283 senatuque
702 3231 750 3271 in
781 3231 887 3285 ipso,
922 3231 1000 3273 XV
1036 3232 1089 3274 18

223 3295 353 3348 portu
379 3289 427 3331 in
457 3288 563 3343 ipso,
597 3289 653 3331 25
686 3302 765 3342 quo
797 3290 845 3330 in
875 3294 1001 3331 statu.

315 3361 404 3389 non
437 3360 566 3401 usque
596 3347 654 3388 ad
683 3348 842 3389 iactum
874 3346 974 3390 teli.-
1021 3348 1092 3388 in-

228 3413 406 3449 ventum
447 3406 610 3449 Baiteri
654 3407 711 3448 ad
752 3407 881 3448 ictum
921 3406 994 3448 teli
1040 3406 1093 3447 ab

230 3465 396 3509 Orellio
430 3464 752 3519 comprobatum
783 3478 990 3519 spernere
1013 3464 1094 3506 de-

228 3525 330 3569 bui:
374 3538 471 3569 nam
503 3525 687 3579 primum
728 3526 770 3565 in
804 3524 989 3567 Medicei
1022 3536 1095 3566 re-

232 3583 379 3640 liquiis
411 3584 648 3637 addietum,
683 3583 876 3627 detracta
907 3596 1095 3638 praepo-

915 2079 983 2122 13.
1012 2018 1407 2134 prodltctgssemlldlfi:
1442 2079 1718 2121 emendatum
1749 2079 1794 2120 in
1824 2079 1898 2122 BG
1929 2078 2048 2121 Harl.

439 2150 595 2183 coimus
628 2136 752 2184 Gala:
786 2138 1061 2180 emendatum
1092 2139 1137 2180 in
1170 2139 1202 2180 B
1224 2138 1343 2180 Harl.
1362 2138 1507 2190 Bodl.,

728 2197 796 2239 16.
830 2198 889 2242 ad
917 2199 1078 2242 iactum
1110 2198 1185 2242 teli
1219 2196 1276 2240 G:
1324 2196 1390 2241 Ma
1426 2198 1642 2241 addictum
1674 2196 1783 2241 telis.

1784 1868 1880 1920 Ubi
1923 1868 2052 1921 nihil

1464 2019 1529 2062 ill.
1564 2025 1695 2075 atque
1727 2019 1768 2062 5.
1797 2020 1940 2076 prael.
1975 2018 2047 2062 Or.

1535 2138 1813 2194 productiore
1844 2152 2051 2242 corYnuZm

1877 2200 1899 2242 1
1935 2230 1944 2242 .
2007 2198 2049 2242 i-

1177 2399 1414 2441 indicatum
1455 2404 1544 2452 est,
1593 2398 1709 2441 unde
1762 2399 1955 2455 suspicio
2003 2403 2049 2444 in

1179 2459 1425 2518 ἀρχετύπῳ
1458 2458 1598 2501 fuisse
1630 2460 1803 2512 iactum,
1837 2465 1885 2501 ut
1913 2462 2049 2503 estin

1179 2518 1227 2571 G,
1262 2524 1305 2560 et
1329 2519 1373 2559 in
1402 2519 1560 2560 ceteris
1593 2518 1717 2560 libris
1740 2518 1887 2561 inesse
1907 2520 2048 2562 silen-

1176 2580 1284 2622 tium
1317 2578 1492 2632 probat,
1540 2579 1586 2621 in
1618 2576 1686 2619 Ma
1721 2584 1867 2620 autem
1899 2579 2048 2622 sedem

1176 2638 1420 2681 litterarum
1462 2637 1480 2678 i
1523 2643 1568 2679 et
1610 2650 1639 2679 a
1679 2643 1891 2680 mutatum
1933 2651 2046 2681 esse.

1178 2697 1263 2742 Sed
1306 2696 1426 2741 aliud
1467 2696 1598 2752 idque
1638 2698 1814 2754 gravius
1860 2698 2047 2740 accedit.

1179 2756 1351 2811 Quippe
1394 2769 1482 2797 uon
1519 2770 1649 2810 usque
1692 2756 1750 2797 ad
1778 2757 1939 2799 iactum
1976 2758 2051 2799 teli

1178 2815 1263 2860 hoc
1304 2815 1423 2867 vult,
1476 2815 1676 2856 Tiridatis
1725 2815 1910 2858 militem
1955 2816 2047 2858 telo

1177 2876 1292 2918 iacto
1326 2880 1557 2929 penetrare
1580 2874 1633 2916 ad
1649 2875 1891 2916 Romanum
1921 2888 2049 2917 eum-

1179 2947 1264 2990 que
1305 2933 1538 2975 vulnerare
1583 2945 1672 2974 non
1725 2935 1950 2988 potuisse,
2003 2934 2049 2976 id

1179 2999 1244 3036 est
1276 3005 1363 3034 non
1397 2998 1482 3034 tarn
1500 3005 1636 3048 prope
1658 2998 1705 3033 ut
1723 2993 1812 3035 tela
1832 2995 1876 3035 in
1898 2992 2048 3035 hostes

1176 3053 1323 3096 iacere
1346 3058 1548 3106 possent3
1577 3066 1665 3093 non
1691 3066 1820 3106 usque
1838 3053 1896 3093 ad
1919 3053 2050 3093 ictum

1177 3111 1251 3154 teli
1283 3111 1367 3154 hoc
1400 3116 1558 3162 narrat,
1592 3111 1795 3151 Parthum
1827 3111 1928 3151 telis
1954 3111 2047 3151 Ro-

1176 3183 1400 3211 manorum
1446 3169 1667 3210 vulnerari
1711 3181 1798 3209 non
1831 3169 2045 3222 potuisse.

1180 3229 1341 3270 Verum
1389 3228 1560 3269 Tacitus
1604 3228 1749 3269 irritos
1792 3227 2047 3269 Parthorum

1179 3293 1358 3329 conatus
1391 3286 1488 3328 dum
1525 3287 1730 3340 exponit,
1765 3286 1881 3328 haud
1913 3286 2045 3328 dubie

1178 3348 1294 3401 prius
1334 3346 1481 3387 dicere
1513 3345 1669 3387 voluit.
1734 3344 1860 3387 Conf.
1896 3359 1933 3387 c.
1959 3345 2042 3388 39:

1179 3420 1286 3460 quae
1330 3407 1367 3447 si
1405 3418 1571 3447 amnem
1618 3405 1799 3446 Araoeen
1836 3430 1892 3437 --
1919 3412 2050 3461 ponte

1179 3465 1609 3521 transgrederentur,
1667 3464 1741 3505 sub
1795 3465 1924 3506 ictum
1976 3464 2050 3505 teli

1181 3525 1250 3578 (h.
1285 3538 1324 3565 e.
1361 3524 1437 3565 teli
1474 3523 1668 3580 hostilis)
1704 3523 1930 3565 dabantur.
1995 3523 2046 3564 H.

1182 3583 1221 3626 11
1252 3586 1336 3627 22:
1369 3584 1571 3639 ingerunt
1603 3583 1782 3639 desuper
1814 3581 2050 3626 Othoniani

233 3643 418 3699 sitione,
460 3645 505 3687 in
539 3644 566 3689 cl
604 3642 762 3687 initiali
803 3643 1036 3686 manifesto
1071 3655 1098 3685 a
1176 3642 1291 3699 pila,
1342 3642 1496 3685 librato
1539 3643 1673 3699 mamis
1722 3649 1761 3685 et
1802 3648 1916 3685 certo
1960 3643 2047 3684 ictu
