2280 4004
218 286 249 328 ξι
275 271 324 318 C.
359 273 431 317 33.

796 269 957 316 mssEa
988 262 1063 315 'v1.
1128 270 1235 316 cn.
1269 270 1460 316 23-24.

1953 273 2041 314 389

219 419 570 484 dictorumque
606 418 715 469 eius
753 417 1007 483 descripta
1060 431 1151 482 per
1202 416 1311 467 dies
1365 414 1540 479 iussit,
1600 428 1698 480 quo
1743 428 1846 465 non
1905 414 2040 466 aliud

219 509 443 562 atrocius
492 510 671 561 visum.
746 508 1018 560 Adstitisse
1055 523 1147 574 per
1199 521 1360 558 annos
1401 507 1485 572 qui
1530 505 1747 571 vultum,
1804 506 2039 574 gemituS‚

220 601 468 652 occultum
513 601 661 651 etiam
699 615 922 651 murmur
963 600 1285 665 exciperent,
1328 603 1376 649 et
1412 597 1640 664 potuisse
1679 613 1825 649 avum
1865 597 2043 648 audire

135 743 137 745 ,
218 691 421 760 legere,
462 691 511 741 in
549 691 801 756 publicum
833 705 1095 756 promere,
1134 690 1219 740 vix
1255 689 1412 754 fides,
1450 689 1547 740 nisi
1587 688 1720 754 quod
1756 688 1879 739 Attii
1917 703 2044 740 cen-

220 783 434 861 turionis
486 787 536 832 et
570 781 769 847 Didymi
820 781 987 832 liberti
1043 780 1287 846 epistulae
1337 795 1599 831 servorum
1647 781 1851 831 nomina
1888 794 2081 846 prae-5

220 874 481 937 ferebant,
542 872 741 951 lellis
758 871 1150 946 ‘cgrefflentem
1182 870 1432 934 *cubiculo
1470 871 1684 922 Drusum
1734 871 2041 939 pulsarerass

217 968 546 1018 exterruerat.

621 962 782 1013 Etiam
823 977 912 1013 sua
950 962 1103 1013 verba
1147 961 1375 1013 centurio
1415 962 1661 1013 saevitiae
1697 961 1876 1028 plena,
1914 964 2046 1013 tam·-

219 1071 365 1122 quam
403 1053 694 1123 egregium,
755 1067 1012 1118 vocesque
1053 1051 1335 1103 deficientis
1387 1052 1675 1117 adiecerat,
1733 1053 1844 1118 quis
1880 1053 2043 1118 primo

217 1145 571 1198 alienationem
609 1144 790 1194 mentis
840 1143 1081 1195 simulans
1124 1142 1290 1209 [quasi
1339 1157 1432 1208 per
1482 1142 1809 1207 dementiam]
1847 1143 2043 1195 funesta

217 1236 447 1300 Tiberio,
489 1250 605 1286 mox
643 1235 728 1285 ubi
767 1250 949 1301 exspes
993 1234 1128 1285 vitae
1167 1234 1282 1297 suit,
1327 1233 1594 1285 meditatas
1636 1235 2044 1299 compositasque
2060 1249 2109 1285 ιο

216 1326 354 1378 diras
390 1326 775 1392 inprecabatur‚
816 1331 866 1376 ut
911 1324 1332 1391 quemadmodum
1370 1339 1546 1375 nurum
1586 1323 1839 1389 liliumque
1873 1323 2044 1375 fratris

216 1423 266 1471 et
327 1422 538 1484 nepotes
601 1418 904 1483 domumque
963 1431 1161 1468 omnem
1229 1416 1472 1467 caedibus
1533 1415 1918 1481 complevisset,
1975 1415 2044 1465 ita

215 1524 407 1575 poenas
464 1509 654 1559 nomini
721 1509 1002 1574 generique
1063 1507 1307 1558 maiorum
1368 1511 1416 1556 et
1475 1506 1695 1572 posteris
1763 1505 2041 1557 exolveret.

218 1599 566 1652 obturbabant
606 1597 806 1664 quidem
843 1603 1014 1664 patres
1050 1597 1223 1663 specie
1256 1596 1568 1648 detestandi:
1621 1596 1712 1647 sed
1746 1596 2045 1662 penetrabat

215 1704 375 1756 pavor
412 1694 461 1741 et
509 1689 775 1741 admiratio
815 1688 1048 1740 callidum
1091 1688 1208 1740 olim
1250 1692 1298 1739 et
1349 1687 1586 1755 tegendis
1625 1686 1907 1739 sceleribus
1947 1687 2109 1738 ob-ta

342 1843 380 1884 1.
416 1841 524 1883 aliut
544 1841 598 1884 M.
629 1816 632 1818 ’
660 1845 704 1884 4.
737 1840 846 1883 Auia:
877 1841 932 1894 M,
956 1853 1042 1881 non
1069 1840 1185 1883 Acta·
1216 1853 1240 1882 a
1264 1839 1482 1882 Beroaldo
1515 1838 1853 1896 suppeditatum.
1899 1840 1942 1882 5.
1968 1839 2044 1881 ‹12-

220 1901 333 1957 dymi
351 1901 406 1943 M.
452 1902 662 1957 11.impr.
676 1899 748 1943 Or.
793 1900 861 1943 13.
896 1900 1053 1943 eoesotv.
1077 1899 1150 1942 Or.
1202 1901 1268 1942 14.
1290 1899 1612 1942 dedestandiM.
1669 1900 1738 1943 15.
1771 1899 1973 1955 deyemtis
1991 1899 2045 1941 M.

222 2046 266 2084 et
295 2053 320 2082 a
352 2040 509 2097 quibus
527 2040 600 2083 hic
632 2047 782 2084 noster
812 2041 896 2083 sibi
931 2054 1090 2083 cavere

219 2100 358 2143 solet:
380 2099 456 2141 sed
476 2102 620 2142 statim
643 2100 753 2142 haec
770 2102 863 2154 ipsa
888 2102 1091 2152 occurrit,

223 2166 267 2200 et
299 2159 475 2214 quidem
511 2161 584 2207 ita,
619 2165 666 2200 ut
688 2159 827 2200 subsit
849 2165 1093 2202 structurae

221 2219 484 2260 insolentia:
528 2231 622 2260 nam
656 2231 733 2272 pro
768 2226 949 2261 tomento
981 2231 1093 2261 con·-

219 2277 405 2318 suetudo
436 2276 571 2319 Taciti
619 2277 810 2331 postulat
850 2286 1093 2331 tomentum,

222 2336 366 2392 quode
400 2336 457 2377 ct'.
491 2342 639 2378 annot.
675 2337 728 2379 ad
765 2336 819 2381 Vt
850 2338 923 2380 45.
988 2337 1093 2378 lnde

222 2393 326 2436 mihi
359 2395 552 2449 suspicio
580 2395 734 2437 oborta
767 2402 847 2449 est,
878 2396 1093 2451 quemad-

221 2454 392 2495 modum
416 2454 494 2496 Xll
524 2454 580 2498 67
608 2461 706 2509 post
738 2455 979 2497 delectabili
1001 2456 1093 2496 cibo

222 2525 307 2555 vox
332 2512 466 2555 boleto
503 2527 558 2555 ex
583 2514 793 2556 Suetonio
825 2515 988 2556 inserta
1012 2520 1092 2567 est,

221 2573 284 2613 sic
319 2571 402 2614 hoc
435 2572 533 2614 loco
568 2586 621 2614 ex
654 2573 807 2615 eodem
840 2573 964 2615 fonte
996 2573 1092 2615 fru-

219 2630 379 2674 stulum
411 2631 651 2674 mandendo
685 2647 706 2674 e
748 2632 879 2675 cubili
909 2640 1092 2674 tomento

222 2690 395 2731 ductum
443 2704 565 2743 esse,
618 2693 678 2732 ita
728 2691 902 2746 quidem
957 2697 1004 2732 ut
1048 2693 1091 2732 in

223 2747 336 2790 libro
370 2748 616 2808 ἀρχετύπῳ
651 2749 760 2792 baec
791 2751 1015 2792 annotatio
1049 2752 1091 2791 in

223 2809 418 2863 margine
449 2810 591 2861 posita
613 2814 744 2860 esset,
776 2808 877 2850 dein
908 2822 933 2850 a
956 2809 1093 2850 libra-

221 2867 288 2917 rio
331 2865 494 2908 codicis
528 2866 709 2908 Medicei
755 2868 797 2907 in
841 2873 1092 2908 contextum

227 2923 546 2966 transferretur.
611 2925 808 2966 Suetonii
831 2925 963 2967 verba
996 2931 1095 2966 sunt

230 2983 273 3023 in
299 2981 391 3024 Tib.
414 2983 496 3025 54:
530 2982 671 3024 Druso
702 2990 844 3026 autem
875 2984 981 3026 adeo
1004 2984 1095 3026 ati-

225 3050 368 3084 merua
387 3041 605 3093 subducta,
636 3049 681 3083 ut
703 3050 928 3084 tomentum
950 3058 972 3085 e
999 3043 1095 3085 cul-

229 3100 315 3140 cita
340 3102 566 3142 tentaterit
584 3101 801 3143 mandere.
850 3101 971 3144 Bene
999 3109 1096 3144 ten-

222 3159 382 3210 taterit
416 3161 560 3212 posuit
592 3160 853 3202 Suetonius:
894 3174 990 3202 nam
1026 3167 1095 3201 to-

224 3222 375 3261 mento
395 3217 698 3274 (Polsterstoff)
719 3219 874 3261 famem
908 3219 1096 3261 tolerare

231 3288 276 3315 re
310 3287 413 3315 vera
438 3288 564 3316 nemo
591 3283 750 3329 potest,
784 3291 838 3320 ne
863 3278 1096 3333 gnaphalio

231 3333 566 3390 (l'Viesenu-olle)
587 3335 774 3388 quidem,
808 3348 894 3390 quo
918 3348 996 3390 pro
1026 3342 1097 3376 to-

230 3398 375 3433 mento
422 3405 522 3433 usos
566 3405 663 3434 esse
699 3400 873 3435 veteres
916 3400 1099 3435 testatur

231 3451 394 3493 Plinius
429 3450 582 3493 xxvtl
625 3452 696 3495 61.
775 3451 923 3506 ltaque
967 3454 1095 3494 tertia

231 3509 450 3552 dubitandi
486 3523 612 3551 causa
644 3509 743 3551 inde
762 3510 948 3562 accedit,
983 3511 1096 3565 quod

230 3567 307 3610 itta
351 3569 484 3612 verba
533 3568 770 3611 tradentem
823 3567 1097 3611 incredibilia

227 3625 418 3688 ’'l'acitum
437 3629 627 3688 't'aciunn
649 3629 771 3685 quasi
805 3629 984 3671 tomenti
1012 3627 1098 3671 ali-

1177 2047 1323 2082 mento
1362 2054 1410 2083 se
1443 2041 1609 2086 Drusus
1653 2052 1813 2083 nonum
1846 2040 1899 2083 ad
1928 2040 2046 2084 diem

1176 2100 1452 2142 detinuisset.
1681 2098 1685 2100 ’

1265 2167 1504 2201 extractum
1535 2159 1752 2201 custodiae
1783 2159 2046 2201 iuvenem-—

1175 2219 1419 2274 imponere.-
1451 2218 1532 2260 hos
1565 2224 1741 2260 secutus
1775 2222 1842 2259 est
1867 2218 2046 2261 Sueton.

1175 2277 1266 2320 Tib.
1301 2278 1373 2331 65,
1409 2279 1511 2319 item
1544 2277 1628 2319 Dio
1659 2276 1795 2319 Lvm
1831 2278 1898 2319 13.

1268 2336 1375 2391 Cap.
1400 2338 1471 2379 24.
1525 2337 1689 2393 probra
1715 2336 1934 2392 corporis:
1965 2347 2049 2390 pa-

1178 2396 1341 2437 thicum
1375 2396 1513 2437 tuisse
1547 2402 1590 2437 et
1612 2393 1950 2451 εὖρύπρωκτον
1984 2395 2048 2436 si-

1177 2456 1371 2512 gnificat.
1444 2454 1610 2497 Eodem
1642 2453 1873 2496 intellectu
1904 2454 2048 2495 motti-

1178 2516 1283 2556 tiam
1315 2515 1514 2567 corporis
1546 2513 1603 2555 xl
1635 2515 1664 2558 2
1700 2513 1905 2568 legimus.

1264 2574 1480 2628 insensum
1512 2574 1579 2615 rei
1605 2571 1805 2628 publicae
1835 2572 2049 2612 antimum:

1178 2632 1295 2675 conf.
1322 2631 1381 2673 lv
1419 2631 1487 2674 19.
1607 2631 1694 2672 nisi
1725 2630 1835 2685 quod
1865 2629 2048 2673 Attii-

1174 2691 1503 2746 praeferebant:
1548 2703 1600 2731 ex
1644 2695 1847 2730 accurata
1878 2689 2049 2730 descri-

1178 2752 1328 2804 ptione
1352 2755 1518 2790 certum
1546 2754 1638 2790 erat
1663 2749 1809 2789 onmia
1829 2749 1892 2789 sic
1925 2751 2048 2804 gesta

1178 2822 1299 2860 esse,
1360 2813 1408 2848 ut
1464 2809 1707 2861 perscripta
1774 2806 2048 2862 legebantur.

1179 2867 1297 2908 llaec
1329 2868 1464 2922 igitur
1482 2866 1677 2908 breviter
1698 2865 1815 2907 dicta
1842 2870 1941 2906 sunt
1971 2876 2050 2919 pro

1177 2927 1264 2967 nisi
1296 2925 1406 2979 quod
1442 2925 1549 2978 fides
1580 2925 1681 2966 iude
1715 2924 1826 2979 quod
1858 2924 1963 2967 Attii
1995 2946 2050 2956 —-

1175 2984 1502 3040 praeferebant.

1267 3045 1388 3097 qua-si
1406 3056 1485 3098 per
1508 3042 1789 3090 dementiam:
1819 3047 1886 3082 est
1904 3038 2051 3095 glossa

1180 3115 1232 3142 ex
1250 3101 1346 3144 libri
1369 3101 1638 3158 ἀρχετύπου
1673 3101 1868 3153 margine
1890 3098 2052 3151 petita;

1178 3162 1300 3214 quasi
1337 3160 1640 3212 interpretatio
1665 3163 1733 3198 est
1757 3170 1796 3197 v.
1831 3154 2051 3205 simulans,

1176 3232 1257 3273 pet·
1303 3219 1558 3258 dementiam
1614 3228 1689 3269 pro
1744 3214 2053 3255 alienationem

1180 3278 1331 3317 mentis
1372 3276 1556 3317 illatum.
1639 3273 1684 3313 ld
1734 3274 1894 3327 primus
1943 3269 2054 3312 vidit

1183 3333 1427 3375 Balirdtius.
1510 3332 1837 3373 Alienationem
1894 3330 2051 3371 mentis

1184 3404 1458 3447 quocumque
1491 3389 1618 3431 modo
1663 3390 1874 3443 proditam
1907 3389 2055 3431 facere

1185 3463 1312 3504 posse
1343 3450 1395 3491 ad
1418 3449 1758 3490 misericordiam
1783 3447 1944 3489 Tiberii
1973 3458 2054 3488 ex-

1183 3508 1398 3550 citandam
1418 3509 1549 3549 miscr
1570 3506 1829 3549 adolescens
1844 3505 2053 3561 speravit.

1182 3567 1246 3609 Ita
1278 3573 1396 3609 certe
1419 3568 1726 3621 interpretatus
1753 3571 1820 3608 est
1853 3564 2054 3608 centurio

1184 3626 1409 3670 custodiae
1442 3626 1685 3682 imposituS.
