2280 4004
188 288 215 335 u
245 286 295 332 G.
330 289 400 334 14.
419 323 438 327 ψ,
792 286 958 331 LIBER
985 286 1021 332 Ι.
1083 285 1192 331 ΟΑΡ.
1224 287 1418 333 30-31.
1959 291 2020 332 37

189 432 289 487 Sed
328 431 508 500 quibus
545 432 696 486 Silius
730 432 1114 505 moderabatur,
1153 436 1321 483 mente
1358 430 1594 500 ambigua
1634 431 1888 485 fortunam
1925 448 2014 487 se-

189 524 396 575 ditionis
434 524 632 575 alienae
677 523 1096 589 speculabantur:
1151 522 1412 574 inferioris
1465 522 1718 574 exercitus
1763 524 1906 576 miles
1960 525 2015 576 in

186 615 380 667 rabiem
415 614 681 681 prolapsus
735 619 835 678 est,
890 618 1001 665 orto
1056 613 1118 664 ab
1163 613 1612 666 unetvicesimanis
1656 615 2012 682 quintanisque

188 707 361 772 initio,
412 711 462 757 et
493 705 668 756 tractis
707 705 869 770 prima
905 719 1106 772 quoque
1143 721 1204 757 ac
1241 705 1488 757 vicesima
1522 705 1843 774 legionibus:
1894 722 2011 758 nam
2076 690 2082 692 l

185 797 344 849 isdem
387 796 593 848 aestivis
647 795 700 846 in
735 796 915 848 finibus
952 797 1193 849 Ubiorum
1237 796 1554 848 habebantur
1598 813 1693 864 per
1731 798 1887 850 otium
1926 803 2052 850 aut⁵

183 888 314 940 levia
349 887 534 938 munia.
612 887 770 954 Igitur
809 887 981 938 audito
1015 887 1114 939 fine
1146 888 1392 955 Augusti,
1430 889 1707 942 vernacula
1744 889 2008 941 multitudo

181 983 490 1045 nuper'acto
527 977 580 1028 in
614 978 740 1029 urbe
781 978 1006 1043 delectu,
1058 978 1303 1031 lasciviae
1340 985 1510 1045 sueta,
1547 980 1785 1032 >laborum
1823 981 2011 1033 intole-

179 1084 317 1135 ranS,
355 1069 614 1136 impellere
651 1074 938 1121 ceterorum
973 1069 1130 1121 rudes
1169 1070 1394 1121 animos:
1433 1071 1640 1122 venisse
1674 1077 1869 1137 tempus
1909 1087 2008 1139 quo

115 1214 118 1215 a
178 1161 407 1214 veterani
433 1165 678 1212 maturam
702 1160 1016 1224 missionem,
1049 1160 1261 1212 iuvenes
1288 1160 1516 1227 largiora
1538 1161 1807 1227 stipendia,
1843 1164 2010 1213 cuncti
2078 1204 2080 1206 .

177 1251 381 1303 modum
433 1251 752 1303 miseriarum
805 1255 1170 1317 exposcerent,
1237 1250 1603 1317 saevitiamque
1658 1252 2009 1305 centurionum
2030 1263 2075 1299 ιο

175 1342 561 1395 ulciscerentur.
633 1343 748 1394 Non
783 1356 912 1393 unus
949 1341 1107 1406 haec,
1158 1346 1212 1392 ut
1247 1341 1564 1393 Pannonicas
1605 1343 1739 1394 inter
1776 1343 2010 1411 legiones

175 1434 499 1499 PercenniuS,
543 1449 640 1485 nec
678 1434 809 1499 apud
843 1432 1070 1499 trepidas
1109 1432 1320 1483 militum
1359 1448 1527 1498 aureS,
1567 1434 1695 1486 alios
1732 1434 2009 1487 validiores

175 1525 428 1578 exercitus
465 1524 875 1592 respicientium,
934 1524 1027 1575 sed
1077 1524 1227 1575 multa
1264 1524 1533 1576 seditionis
1588 1540 1678 1576 ora
1717 1540 2005 1593 vocesque:

173 1632 265 1670 sua
301 1617 352 1669 in
389 1631 541 1668 manu
578 1619 724 1668 sitam
766 1631 875 1668 rem
911 1617 1189 1669 Romanam
1201 1633 1214 1678 3
1270 1616 1376 1668 suis
1414 1616 1646 1668 victoriis
1681 1617 1860 1684 augeri
1900 1632 2009 1668 rem

991 1758 1031 1799 7.
1067 1755 1223 1798 dilectu
1253 1756 1308 1798 M.

906 1817 1088 1858 venisset
1125 1828 1176 1870 pr
1216 1815 1271 1856 M.
1398 1815 1440 1858 9.

1382 1763 1534 1798 suaeta
1566 1756 1620 1798 M.
1711 1757 1754 1799 8.
1787 1756 2008 1812 impellere

289 1761 330 1802 4.
365 1770 525 1813 quoque
556 1758 814 1800 auicessima
844 1757 899 1798 M.

1485 1817 1909 1859 veterandmaturam
1948 1817 2004 1859 M.

172 1817 422 1860 Acidalius:
464 1817 506 1861 M
545 1816 738 1873 implere.

177 1879 245 1922 12.
277 1883 382 1935 aput
411 1876 467 1919 M.

177 2019 367 2062 Caecina
397 2019 450 2060 ad
483 2018 667 2062 hiberna
699 2025 839 2062 castra
871 2020 1046 2062 reduxit

176 2082 240 2133 (c.
258 2077 494 2135 37)„1nde
521 2079 736 2136 colligere
753 2079 861 2122 licet
877 2081 1046 2122 aestiva

175 2138 254 2179 illa
292 2139 407 2178 inter
460 2142 690 2193 utrumque
738 2139 944 2192 oppidum
992 2139 1045 2180 ad

174 2198 311 2252 ripam
343 2196 485 2238 Rheni
529 2199 590 2251 (c.
625 2198 706 2241 32:
741 2198 960 2239 exanimos
990 2223 1045 2230 --

172 2258 219 2297 in
249 2269 415 2297 amnem
438 2254 634 2297 Rhenum
643 2257 880 2314 proiciunt)
903 2258 1044 2299 inter-

172 2316 287 2358 iecta
319 2314 471 2357 fuisse.

259 2388 396 2430 nuper
446 2380 541 2415 acto
592 2373 640 2414 in
696 2373 800 2415 urbe
850 2373 1041 2415 delectu.-

173 2433 369 2475 delectus
416 2432 494 2474 ille
541 2432 715 2484 habitus
770 2438 861 2475 erat
909 2434 1041 2488 quin-

173 2493 364 2547 quennio
404 2498 528 2544 ante,
573 2505 670 2533 cum
710 2497 798 2534 tres
839 2492 1041 2549 legiones

174 2553 217 2592 in
269 2551 526 2594 Germaniae
594 2550 718 2593 silvis
781 2565 879 2593 cum
926 2552 1039 2593 Varo

174 2611 357 2653 amissae
401 2616 576 2652 essent:
638 2610 721 2652 Dio
760 2610 855 2652 LVI
894 2612 952 2653 23
999 2616 1042 2652 et

173 2669 286 2711 LVII
307 2671 348 2713 5.
398 2670 633 2711 Suetonius
656 2670 771 2726 Aug.
791 2670 873 2714 25:
907 2669 1041 2711 liber-

175 2730 262 2770 tino
291 2728 424 2770 milite
459 2728 520 2770 bis
549 2743 649 2771 usus
688 2736 776 2782 est,
827 2729 956 2771 semel
984 2730 1043 2771 acl

170 2788 434 2843 praesidium
496 2788 764 2830 coloniarum
820 2788 1043 2842 Illyricum

176 2848 530 2901 confirmantium,
570 2848 723 2888 iterum
770 2847 828 2888 acl
871 2848 1044 2889 tutelam

177 2905 319 2947 Rheni
346 2906 543 2960 [luminis.
589 2905 761 2947 'l‘acitus
784 2905 919 2961 igitur
940 2921 1042 2948 ver..

178 2963 380 3004 naculum
417 2963 724 3005 multitudinem
769 2964 879 3005 dixit
930 2979 1042 3020 quae

177 3027 267 3063 tota
278 3027 351 3063 aut
363 3021 456 3065 fere
469 3028 557 3064 tota
570 3023 786 3065 libertinis
801 3024 1040 3067 constabat.

263 3080 479 3138 impellere
511 3089 748 3125 ceterorum
781 3083 908 3125 rudes
939 3087 1042 3126 ani.

173 3154 289 3182 mos.-
321 3141 437 3196 quod
468 3141 607 3183 codex
638 3142 678 3184 Μ
710 3142 838 3184 offert
866 3143 1043 3199 implere

177 3201 362 3252 (omissa
392 3199 536 3241 media
573 3200 744 3254 syllaba
774 3201 1040 3260 impellere),

177 3257 219 3298 id
252 3257 295 3298 b.
329 3258 358 3299 l.
390 3270 478 3299 non
496 3264 643 3312 aptum
677 3265 743 3301 est
775 3265 819 3300 et
849 3261 1040 3302 alienum

177 3329 201 3357 a
251 3316 567 3359 consuetudine
613 3320 826 3360 sermonis
873 3319 1040 3361 Latini:

176 3388 271 3415 nam
290 3374 465 3430 implere
496 3375 660 3417 animos
679 3377 852 3418 nonnisi
869 3377 1040 3419 adiecto

177 3447 231 3475 eo
264 3446 350 3489 quo
384 3433 633 3487 implentur,
666 3434 866 3476 dicimus,
919 3435 1041 3477 Nude

176 3492 315 3534 Latini
348 3505 433 3534 non
458 3493 595 3548 magis
619 3491 769 3534 dicunt
797 3494 972 3549 implere
1002 3509 1039 3535 r.

177 3554 341 3594 animos
371 3565 422 3594 ac
453 3564 533 3593 nos
565 3552 764 3594 Germani
796 3554 857 3594 sie
887 3552 1040 3607 erfull-

179 3618 249 3652 ten
303 3612 371 3654 die
427 3611 750 3667 aner-salirenen
799 3612 1039 3655 Gemutlier.

178 3669 328 3727 Neque
366 3669 540 3727 implere
581 3684 660 3728 per
700 3684 748 3715 se
790 3672 930 3716 solum
962 3684 1039 3713 us-

1132 2033 1261 2076 quam
1296 2025 1362 2061 est
1393 2020 1652 2074 inquinare,
1695 2022 1896 2076 inficere,
1931 2024 2009 2066 sed

1133 2086 1198 2122 est
1223 2079 1403 2132 satiare,
1437 2080 1553 2134 quod
1585 2080 1637 2121 ab
1656 2080 1740 2122 hoc
1772 2082 1871 2122 loco
1893 2082 2007 2125 alie-

1131 2139 1371 2180 nissimum.
1424 2139 1496 2180 Sic
1530 2152 1567 2179 c.
1602 2141 1683 2182 22:
1717 2140 1896 2195 implere
1929 2142 2009 2182 do-

1131 2198 1265 2239 lorem
1295 2196 1471 2250 osculis,
1517 2197 1722 2239 lacrimis.
1787 2198 1839 2240 H.
1872 2199 1890 2240 Ι
1923 2200 2003 2244 90:

1129 2271 1262 2312 qenus
1282 2257 1579 2298 orandi—ad
1608 2257 1846 2312 implendas
1878 2273 2006 2302 aures

1129 2316 1263 2358 latum
1295 2323 1334 2357 et
1364 2329 1538 2357 sonans.
1602 2317 1721 2358 Alibi
1744 2324 1810 2359 est
1825 2319 2006 2373 satisfa-

1130 2390 1240 2427 cere,
1266 2376 1397 2416 etiam
1419 2376 1642 2430 perlicere,
1670 2389 1814 2432 neque
1843 2391 1922 2420 eae
1940 2379 2004 2420 si-

1127 2434 1436 2491 gnificationes
1460 2435 1618 2475 nostris
1651 2437 1798 2477 verbis
1834 2448 2003 2479 conve-

1127 2496 1266 2535 niunt.
1318 2492 1478 2534 Contra
1499 2494 1661 2549 impelli
1683 2495 1885 2536 homines
1908 2497 2005 2538 sive

1126 2554 1259 2594 animi
1290 2559 1380 2593 tum
1406 2553 1623 2604 dicuntur,
1643 2566 1741 2595 cum
1774 2561 1875 2595 ante
1907 2568 2003 2596 am-

1126 2613 1248 2668 bigui
1282 2612 1524 2654 accedente
1555 2619 1776 2654 momento
1796 2614 1841 2654 in
1874 2627 2003 2655 unam

1126 2677 1291 2725 partem
1324 2670 1559 2722 inclinant,
1610 2673 1802 2728 imagine
1834 2680 2006 2727 sumpta

1126 2731 1312 2772 alance.
1376 2729 1605 2772 Terentius
1638 2732 1771 2774 Andr.
1805 2731 1823 2772 I
1856 2733 1881 2774 5
1917 2734 2001 2775 31:

1126 2790 1222 2831 dum
1250 2790 1298 2830 in
1319 2789 1443 2831 dubio
1469 2797 1529 2831 est
1551 2791 1733 2844 animus,
1759 2791 1888 2846 paulo
1911 2806 2004 2832 mo-

1124 2855 1262 2890 mento
1299 2849 1382 2889 hue
1412 2849 1480 2890 vel
1494 2849 1599 2890 illuc
1631 2851 1878 2906 impellitur.
1931 2851 2003 2892 Sic

1126 2909 1256 2949 etiam
1294 2906 1366 2948 hic
1397 2908 1582 2950 nosterl
1608 2909 1683 2952 16:
1717 2911 1753 2951 is
1785 2911 2003 2966 imperitos

1125 2969 1290 3008 animos
1322 2973 1362 3008 et
1402 2981 1612 3022 quaenam
1639 2976 1736 3025 post
1765 2969 2002 3024 Auqustum

1124 3027 1304 3069 militiae
1329 3027 1515 3070 conditio
1547 3029 1824 3083 ambiyentes‚
1845 3028 1998 3083 impel-

1125 3086 1215 3127 lere
1240 3085 1467 3143 paulatim.
1532 3087 1612 3128 XV
1645 3088 1725 3129 51:
1758 3088 1794 3129 is
1812 3113 1866 3120 —
1884 3102 1999 3142 spem

1126 3145 1240 3187 dedit
1273 3158 1398 3200 posse
1426 3145 1600 3201 impelli.
1659 3146 1709 3186 II.
1743 3146 1761 3186 I
1795 3147 1845 3187 7:
1873 3152 1995 3200 post-

1125 3217 1251 3257 quam
1282 3203 1498 3258 impellere
1530 3204 1812 3257 nequiverint.
1877 3204 1928 3244 H.
1959 3202 1997 3243 II

1124 3262 1205 3304 63:
1255 3261 1441 3302 Sabinus
1482 3289 1538 3296 -—
1578 3261 1745 3316 impulit
1787 3268 1994 3302 ruentem.

1126 3321 1206 3362 75:
1235 3319 1410 3374 facilius
1438 3321 1660 3360 universos
1680 3319 1841 3375 impelli
1871 3333 1996 3373 quam

1123 3378 1312 3433 sinqulos
1332 3379 1477 3419 vitari.
1532 3378 1581 3418 ΙΙ.
1604 3377 1659 3417 111
1680 3379 1759 3419 57:
1793 3392 1821 3418 a
1845 3379 1993 3432 quibus

1122 3437 1357 3490 municipia
1425 3436 1699 3490 coloniaeque
1769 3433 1988 3493 impulsae.

1122 3495 1188 3535 Ad
1222 3495 1336 3536 liunc
1379 3508 1502 3536 usum
1538 3495 1669 3537 verba
1711 3495 1765 3538 (le
1798 3508 1884 3551 quo
1919 3496 1990 3537 lo-

1124 3552 1543 3608 quimur'l‘heodisce
1563 3555 1855 3597 convertenda
1871 3562 1991 3597 sunt:

1123 3614 1183 3654 sie
1220 3615 1383 3655 reissen
1425 3614 1491 3656 die
1534 3615 1858 3670 unerfakrenen
1907 3615 1993 3658 Ge-

1125 3673 1290 3716 mittlier
1322 3673 1398 3716 der
1436 3672 1645 3730 Uebriqen
1676 3676 1749 3716 mit
1779 3677 1880 3730 fort.
