2280 4004
252 266 280 327 a
309 280 359 328 o.
396 278 469 330 26.-
800 280 965 327 mssa
995 265 1069 328 13¹.
1132 267 1242 326 cst.
1275 264 1466 325 isa—55.
1977 261 2074 324 'zeb

253 449 362 515 pari
407 448 711 513 ambitione,
766 446 959 499 viribus
1021 446 1273 499 diversae.
1368 444 1544 511 Neque
1586 436 1790 495 multum
1837 437 2076 495 distantia

256 540 387 591 inter
422 555 478 591 se
515 538 862 590 memorabant
902 538 965 590 de
999 541 1248 590 vetustate
1285 534 1510 604 generis,
1547 533 1714 587 studio
1751 532 1803 584 in
1839 533 2075 600 populum

254 632 531 683 Romanum
583 645 674 696 per
724 627 855 681 bella
892 612 1031 680 Persi
1092 633 1141 680 et
1178 626 1460 679 Aristonici
1521 626 1833 692 aliorumque
1879 640 2074 693 regum.

254 721 437 772 Verum
462 720 752 787 Hypaepeni
777 718 1115 785 Trallianique
1145 717 1455 796 Laeetanis„
1469 715 2093 790 .„a.9..ll1aaeatii3¹2¹-S.maiia&„

254 811 474 882 tramissi
511 815 565 861 ut
596 813 771 876 parum
806 809 978 861 validi.
1051 809 1126 862 Ne
1161 809 1372 861 Ilienses
1415 809 1633 875 quidem,
1672 824 1782 860 cum
1815 812 2114 875 parentems

252 898 391 953 urbis
431 901 622 954 Romae
663 900 863 952 Troiam
903 899 1178 965 referrent,
1225 900 1326 952 nisi
1367 900 1673 966 antiquitatis
1711 898 1876 967 gloria
1912 898 2078 966 polle-

252 987 389 1042 bant.
443 978 647 1042 Paulum
674 989 1035 1061 addubitatum,
1076 990 1209 1056 quod
1236 990 1602 1042 Halicarnassii
1630 990 1764 1042 mille
1802 995 1851 1041 et
1882 991 2079 1042 ducen-

251 1087 332 1134 tos
367 1082 460 1148 pei·
496 1095 656 1133 annos
692 1081 827 1132 nullo
865 1086 1002 1132 motu
1037 1085 1207 1133 terrae
1245 1066 1506 1132 nutavisse
1542 1079 1694 1133 sedes
1733 1095 1882 1145 suas,
1926 1081 2078 1132 vivo-

252 1186 349 1238 que
382 1165 441 1222 in'
473 1186 599 1224 saxo
642 1171 968 1224 fundamenta
1003 1171 1174 1238 templi
1213 1171 1660 1224 adseveraverant.
1734 1170 2075 1239 Pergamenos
2114 1238 2116 1240 .

252 1268 341 1326 (eo
378 1262 488 1330 ipso
525 1263 839 1330 nitebantur)
877 1263 1006 1315 aede
1042 1262 1275 1330 Augusto
1310 1263 1381 1314 ibi
1422 1262 1517 1314 sita
1551 1260 1674 1314 satis
1710 1256 1920 1328 adeptos
1959 1278 2139 1318 cre-¹0

252 1355 422 1407 ditum.
479 1344 687 1421 Ephesii
710 1354 1012 1421 Milesiique,
1051 1354 1103 1406 hi
1133 1353 1404 1421 Apollinis,
1444 1354 1515 1405 illi
1539 1354 1734 1407 Dianae
1765 1354 2075 1406 caerimonia

253 1446 586 1512 occupavisse
622 1445 853 1497 civitates
883 1446 997 1498 visi.
1072 1445 1144 1498 Ita
1180 1445 1461 1498 Sardianos
1500 1445 1633 1498 inter
1668 1440 2076 1513 Zmyrnaeosque

253 1535 600 1588 deliberatum.
674 1535 908 1589 Sardiani
963 1518 1223 1588 decretum
1263 1519 1498 1588 Etruriae
1534 1537 1820 1589 recitavere
1857 1541 1911 1587 ut
1949 1551 2079 1588 con-

253 1627 549 1694 sanguinei:
599 1642 714 1678 nam
753 1625 1064 1694 Tyrrhenum
1101 1626 1392 1695 Lydumque
1431 1627 1563 1694 Atye
1597 1627 1724 1696 rege
1768 1627 1971 1696 genitos
2010 1626 2074 1678 oh

251 1717 615 1769 multitudinem
654 1716 892 1769 divisisse
929 1722 1158 1785 gentem3
1212 1716 1404 1784 Lydum
1438 1717 1614 1784 patriis
1649 1718 1702 1769 in
1738 1715 1890 1770 terris
1927 1733 2073 1769 rese-
2093 1731 2139 1768 ιε

254 1808 425 1873 disse,
480 1796 740 1875 Tyrrheno
781 1807 949 1860 datum
985 1811 1146 1860 novas
1194 1813 1248 1859 ut
1299 1808 1546 1860 conderet
1580 1807 1756 1872 sedes;
1809 1814 1857 1861 et
1894 1809 2076 1860 ducum

253 1916 282 1951 e
311 1897 600 1951 nominibus
650 1898 807 1952 indita
853 1899 1100 1952 vocabula
1150 1892 1249 1951 illis
1301 1915 1395 1966 per
1427 1896 1633 1966 Asiam,
1697 1898 1777 1952 his
1820 1900 1872 1951 in
1907 1900 2079 1964 Italia;

398 2053 442 2094 4.
486 2051 623 2107 hypae
666 2053 875 2109 pertiti-ali
930 2053 1101 2106 tanique
1158 2054 1269 2110 (non
1326 2051 1485 2094 Furiae
1523 2054 1628 2109 'peni
1677 2052 1974 2111 ‘tv-abitumque)
2019 2053 2074 2095 Μ.

253 2111 294 2153 5.
328 2110 555 2152 mellienses
585 2111 641 2152 M.
723 2112 763 2153 7.
799 2111 1059 2154 alicarnasii
1089 2111 1143 2153 M.
1235 2111 1278 2153 8.
1314 2112 1544 2165 nutavisse,
1583 2124 1670 2153 non
1707 2112 1901 2155 Oberlini
1933 2119 2077 2154 muta-

251 2172 374 2212 visse.
442 2169 509 2213 10.
544 2169 649 2211 aede
682 2179 778 2211 cum
809 2170 887 2213 lin.
919 2170 973 2212 M.
1036 2171 1162 2212 sitam
1183 2165 1249 2211 M:
1284 2171 1475 2212 correxit
1493 2170 1681 2226 Lipsius.
1749 2168 1816 2213 1'1.
1852 2172 1998 2212 cerim.
2018 2171 2073 2213 M.

256 2229 325 2270 15.
361 2229 492 2270 divise
522 2228 588 2270 M:
622 2228 819 2284 explevit
849 2223 1105 2272 Beroaldus.
1203 2227 1271 2271 16.
1308 2241 1440 2272 novos
1470 2219 1525 2272 M.
1623 2230 1690 2272 17.
1726 2230 1859 2272 Italia
1892 2231 1955 2285 Μ,
1989 2242 2077 2271 non

252 2286 455 2329 Beroaldi
489 2286 676 2330 Italiam.

340 2409 621 2465 Hypaepeni.-
661 2409 834 2453 incolae
881 2410 999 2452 urbis
1031 2410 1121 2464 Ly-

1293 2412 1467 2466 m'voq'ue
1499 2412 1547 2452 in
1577 2424 1709 2463 saxo,
1755 2411 1799 2453 h.
1836 2424 1874 2452 e.
1909 2412 2073 2465 natiyp,

253 2465 351 2509 diae
383 2468 635 2522 Hypaepae,
668 2468 722 2510 de
755 2483 838 2524 qua
857 2469 1123 2512 StraboXIII
1207 2469 1430 2511 hominum
1487 2482 1622 2523 opera
1680 2469 1795 2511 haud
1845 2463 2072 2526 cofi'g'eSto.

251 2525 280 2568 4
311 2527 356 2578 δ.
391 2527 415 2569 7
450 2539 491 2580 p.
526 2526 626 2571 627.
693 2528 900 2582 stephan.
934 2527 1118 2582 Byzant.

251 2597 286 2626 s.
314 2598 357 2626 v.
407 2585 634 2641 Magnetes
655 2589 852 2641 proxime
874 2589 1120 2630 nominatos

253 2655 349 2685 esse
401 2643 627 2700 Magnetes
671 2659 694 2687 a
742 2646 893 2700 Sipylo
936 2645 997 2702 (ΙΙ
1037 2646 1118 2704 47)

254 2702 620 2761 existimaverim:
668 2716 767 2746 nam
808 2702 1035 2762 Magnetes
1068 2706 1121 2747 ad

253 2760 553 2814 Maeandrum,
605 2771 627 2804 a
670 2764 876 2817 Scipione
923 2769 966 2806 et
999 2765 1119 2806 Sulla

252 2825 428 2873 propter
460 2821 661 2862 eximiam
686 2822 813 2863 fidem
843 2829 887 2864 et
912 2825 1118 2865 virtutem

254 2877 460 2919 adversus
482 2878 747 2921 Antiochum
770 2887 811 2922 et
827 2880 1118 2924 Mithridatem

253 2936 415 2990 popul‘o
460 2933 652 2994 Romano
687 2939 908 2993 probatam
941 2941 1118 2994 publice

255 2993 446 3036 decorati
482 2989 563 3050 (HI
594 2996 691 3053 62),
721 3005 768 3039 ut
796 3008 952 3054 parum
982 2998 1121 3042 validi

253 3065 339 3094 non
372 3055 476 3095 satis
498 3060 619 3096 recte
646 3055 992 3113 designarentur.
1041 3057 1118 3099 In-

255 3118 398 3211 cerltlus
421 3110 747 3156 estBoeckhius
771 3115 899 3171 Corp.
920 3118 1115 3172 inscript.

254 3175 283 3210 t.
421 3202 430 3212 .
464 3171 564 3214 581.

339 3183 457 3288 magle,
508 3237 547 3270 et
589 3230 788 3273 ducentos
820 3247 902 3288 per
946 3247 1115 3277 annos:

255 3285 600 3340 complectuntur
626 3295 765 3331 totum
797 3295 967 3345 tempus
1003 3292 1118 3346 quod

255 3345 408 3386 civitas
429 3344 845 3389 Halicarnassiorum
865 3349 1005 3391 adhuc
1024 3356 1118 3391 ste-

255 3407 387 3455 terat;
421 3402 748 3446 Halicarnassus
780 3408 893 3447 enim
927 3407 980 3448 ad
1005 3407 1117 3448 Era-

253 3462 467 3503 tosthenis
518 3462 710 3503 calculos
766 3476 878 3504 anno
926 3478 965 3507 a.
1015 3465 1114 3507 Chr.

257 3520 370 3563 1194
401 3519 473 3561 vel
502 3521 614 3563 1214
637 3534 660 3562 a
681 3521 912 3563 Telamone
945 3523 1118 3564 condita

256 3584 345 3619 est:
378 3592 420 3620 v.
444 3576 656 3620 Boeckhii
691 3586 837 3622 annot.
871 3581 922 3622 ad
944 3580 1115 3622 titulum

255 3635 368 3680 2655
401 3638 445 3679 in
464 3635 593 3693 Corp.
631 3640 826 3694 inscript.
848 3645 878 3682 t.
899 3638 935 3681 11
957 3640 1114 3695 p.451.

1209 2528 1332 2584 Virg.
1386 2530 1497 2572 Aen.
1549 2528 1566 2569 Ι
1613 2529 1718 2571 167:
1766 2529 1880 2570 intus
1937 2542 2074 2582 aquae

1208 2587 1349 2629 dulces
1379 2589 1554 2643 vivoque
1585 2587 1739 2638 sedilia
1769 2601 1890 2629 saxo.
1933 2587 2074 2629 Nimi-

1204 2659 1299 2687 rum
1325 2646 1477 2688 dixere
1503 2646 1639 2702 legati
1653 2646 2074 2688 Halicarnassiorum

1205 2705 1357 2760 templi
1374 2706 1564 2761 ponendi
1587 2704 1869 2747 fundamenta
1885 2711 1932 2746 ut
1958 2711 2074 2746 terra

1205 2764 1426 2807 laboriose
1474 2760 1631 2807 effossa
1669 2765 1919 2806 iacerentur
1959 2763 2073 2818 apud

1205 2826 1324 2876 ipsos
1340 2836 1426 2864 non
1445 2824 1624 2879 requiri,
1651 2824 1729 2865 sed
1750 2824 1898 2865 vivum
1922 2835 2073 2864 saxum

1205 2882 1584 2924 fundamentorum
1626 2884 1725 2924 vice
1759 2882 1882 2939 fungi
1924 2894 2069 2936 posse.

1316 2942 1578 2997 Tyrrhenum
1627 2941 1898 2997 Lydumque.-
1955 2940 2071 2982 conf.

1205 2999 1359 3042 Strabo
1404 2997 1441 3042 V
1472 3003 1501 3045 2
1543 3002 1588 3053 δ.
1623 3002 1650 3044 2
1683 3007 1726 3042 et
1754 3001 1783 3043 4
1823 3013 1865 3054 p.
1901 3000 1987 3042 219
2029 3005 2073 3041 et

1205 3061 1304 3102 221.
1363 3058 1550 3113 Dionys.
1596 3059 1717 3103 127.
1784 3058 1943 3099 Vellei.
1978 3058 1993 3099 1
2031 3060 2068 3099 1.

1203 3117 1382 3159 TertulL
1417 3118 1470 3158 de
1504 3118 1702 3171 Spectac.
1764 3118 1815 3158 5:
1849 3116 1987 3169 Lydos
2018 3129 2072 3156 ex

1202 3176 1312 3217 Asia
1343 3183 1605 3217 transvectos
1647 3177 1694 3215 in
1727 3173 1912 3215 Etruria
1963 3187 2070 3215 con..

1203 3234 1359 3275 sedisse
1407 3234 1596 3274 Timaeus
1638 3235 1773 3287 refert
1816 3233 1920 3273 duce
1964 3232 2069 3286 Tyr-

1204 3291 1363 3343 rheno,
1409 3292 1480 3345 qui
1509 3292 1642 3345 fratri
1681 3297 1942 3332 successerat
1975 3290 2069 3345 (le-

1206 3350 1392 3404 gendum
1428 3363 1523 3390 cum
1542 3349 1687 3403 Lipsio
1722 3353 1925 3407 cesserat)
1946 3351 2070 3404 requi

1205 3409 1487 3449 contentione.
1609 3421 1637 3448 a
1663 3407 1840 3463 Pelope:
1872 3407 2068 3450 Sardiani

1204 3465 1370 3518 Lydum
1422 3478 1518 3507 esse
1565 3472 1608 3506 et
1649 3466 1900 3520 popularem
1943 3478 2068 3507 suum

1206 3523 1409 3578 Pelopem
1442 3529 1650 3578 statuunt,
1683 3531 1728 3566 ut
1759 3524 1993 3566 Pausanias
2028 3524 2066 3566 V

1207 3584 1227 3623 1
1263 3583 1304 3634 5,
1338 3594 1423 3623 non
1457 3585 1501 3624 in
1522 3582 1713 3640 Phrygia
1729 3590 1865 3626 ortum
1890 3583 2066 3640 (Strabo

1208 3640 1286 3683 Vll
1321 3642 1343 3684 7
1379 3643 1422 3697 ὃ.
1466 3643 1528 3699 1).
