2280 4004
225 311 251 341 a
282 297 331 342 G.
363 299 436 344 65.
782 297 945 340 LIBER
976 300 1070 343 XV.
1140 299 1244 343 CAP·
1277 300 1466 345 58-60,
1962 303 2050 345 297

228 442 425 504 Quanto
461 441 762 492 laudabilius
800 441 1090 506 periturum,
1131 442 1245 491 dum
1287 441 1601 507 amplectitur
1636 457 1743 493 rem
1779 441 2048 507 publicam,

228 532 342 583 dum
382 533 566 583 auxilia
604 532 822 583 libertati
861 532 1089 582 invocat!
1148 533 1292 583 Miles
1331 533 1496 598 potius
1539 533 1743 584 deesset
1786 538 1835 584 et
1874 532 2049 599 plebes

229 624 520 688 desereret,
561 624 677 674 dum
713 623 822 689 ipse
859 623 1162 687 maioribus,
1203 623 1317 673 dum
1352 624 1588 688 posteris,
1630 625 1672 674 si
1712 624 2052 689 vita'praeri-

227 721 455 782 peretur,
511 720 723 766 mortem
780 714 1100 780 adprobaret.
1178 715 1412 764 immotus
1468 715 1545 765 his
1601 720 1650 766 et
1699 715 1948 781 paululum
2000 715 2052 765 in

226 806 429 873 publico
465 812 726 871 versatUS,
765 810 880 871 post
920 805 1054 856 domi
1093 811 1346 868 secretUS,
1397 806 1921 869 animum-adversum
1963 821 2092 858 su—⁵

225 912 397 963 prema
440 897 693 962 firmabat,
752 897 916 948 donec
963 912 1138 948 manus
1175 897 1383 947 militum
1421 897 1709 961 adveniret,
1752 912 1877 963 quos
1916 898 2051 949 Nero

227 988 420 1039 tirones
471 994 554 1039 aut
601 988 864 1054 stipendiis
909 994 1141 1039 recentes
1200 988 1494 1055 delegerat:
1547 1004 1662 1039 nam
1714 993 1857 1039 vetus
1911 988 2052 1040 miles

227 1079 495 1137 timebatur
522 1094 817 1146 quamquam
861 1079 1038 1130 favore
1076 1080 1311 1130 imbutus.
1374 1079 1513 1132 Obiit
1550 1079 1772 1146 abruptis
1812 1080 2056 1130 brachio-

227 1186 335 1220 rum
371 1171 532 1222 venis.
607 1172 974 1222 Testamentum
1014 1171 1178 1221 foedis
1221 1170 1466 1221 adversus
1503 1172 1758 1222 Neronem
1799 1170 2052 1221 adulatio-

227 1261 374 1312 nibus
410 1261 569 1311 amori
606 1261 780 1312 uxoris
820 1261 985 1324 dedit,
1046 1275 1191 1327 quam
1233 1261 1541 1328 degenerem
1575 1267 1623 1312 et
1663 1261 1774 1311 sola
1816 1262 2047 1326 corporis
2077 1273 2122 1307 ιο

228 1339 389 1404 forma
453 1352 850 1403 commendatam
917 1352 1064 1403 amici
1125 1352 1445 1403 matrimonio
1501 1351 1789 1403 abstulerat.
1862 1353 2057 1404 Nomen

228 1444 452 1496 mulieris
489 1444 632 1495 Atria
672 1444 842 1509 Galla,
896 1445 1054 1510 priori
1093 1444 1272 1495 marito
1312 1443 1559 1494 Domitius
1599 1444 1762 1495 Silus:
1826 1443 1908 1494 hic
1967 1459 2058 1508 pa-

143 1536 432 1600 60tientia,
485 1535 569 1586 illa
612 1536 922 1601 impudicitia
960 1535 1156 1586 Pisonis
1195 1535 1454 1585 infamiam
1489 1549 1857 1602 propagavere.
1932 1534 2059 1584 Pro-

227 1628 412 1679 ximam
451 1641 628 1677 necem
648 1626 823 1677 Plautii
851 1627 1085 1678 Laterani
1113 1625 1336 1676 consulis
1368 1625 1619 1692 designati
1644 1626 1779 1676 Nero
1806 1624 2050 1691 adiungit,

227 1717 358 1769 adeo
394 1732 612 1783 propere
648 1722 701 1767 ut
736 1732 839 1768 non
873 1717 1138 1782 complecti
1178 1716 1386 1779 liberOS,
1430 1731 1533 1766 non
1564 1715 1685 1766 illud
1723 1716 1881 1766 breve
1919 1716 2122 1774 inor-15

226 1809 290 1860 tis
332 1808 591 1859 arbitrium
625 1809 950 1874 permitteret.
1025 1810 1211 1874 Raptus
1251 1808 1301 1857 in
1339 1808 1504 1858 locum
1560 1806 1829 1858 servilibus
1877 1807 2056 1872 poenis

229 1899 504 1965 sepositum
556 1915 706 1950 manu
760 1900 902 1952 Statii
936 1900 1141 1950 *tribuni
1192 1899 1501 1964 trucidatur,
1547 1898 1724 1964 plenus
1778 1899 2056 1949 constantis

230 1990 434 2055 silentii,
475 2006 572 2042 nec
610 1992 810 2042 tribuno
849 1991 1079 2042 obiciens
1116 1990 1330 2042 eandem
1372 1989 1753 2041 conscientiam.

374 2083 609 2150 Sequitur
645 2083 830 2134 caedes
853 2083 1050 2134 Annaei
1087 2084 1333 2147 Senecae,
1372 2081 1647 2133 laetissima
1684 2080 1917 2148 principi,
1957 2094 2058 2129 non
2078 2109 2125 2143 20

320 2244 357 2284 1.
391 2256 542 2298 remp.
564 2242 642 2286 Ma.
707 2244 748 2286 5.
781 2235 941 2300 suy'i'md
975 2242 1054 2285 Ma.
1129 2243 1172 2286 6.
1202 2244 1402 2297 firmabat
1435 2241 1514 2296 Ma,
1543 2245 1688 2297 firmat
1722 2241 1809 2283 BG.
1887 2255 1931 2295 qs
1965 2254 2060 2282 cum

229 2302 307 2343 lin.
343 2307 589 2345 transversa
623 2304 668 2343 in
701 2302 784 2345 litt.
819 2318 843 2358 q
873 2302 959 2355 Ma,
1006 2303 1048 2344 h.
1084 2317 1122 2345 e.
1158 2306 1274 2357 quis,
1315 2309 1363 2343 ut
1397 2304 1439 2343 in
1474 2302 1534 2344 G:
1577 2303 1767 2344 correxit
1799 2299 2058 2343 Beroaldus,

228 2361 272 2403 8.
307 2361 559 2417 quanqum.
635 2362 722 2403 inb.
756 2362 837 2404 Ma.
917 2363 957 2405 9.
991 2363 1131 2417 saedis
1152 2361 1234 2403 Ma.
1303 2365 1369 2405 11.
1404 2368 1501 2416 post
1534 2375 1575 2404 v.
1608 2360 1879 2402 matrimonio
1916 2359 2060 2400 hiatus

230 2421 273 2461 in
316 2419 402 2473 Ma,
452 2434 538 2462 non
572 2422 615 2461 in
649 2434 821 2473 rasura,
868 2421 944 2462 sed
978 2428 1155 2476 propter
1186 2422 1492 2463 membranam.
1586 2420 1819 2462 abstulerat
1854 2417 1940 2470 illa,
1975 2431 2061 2460 non

230 2478 388 2522 Furiae
419 2481 696 2522 abstulerant.
782 2483 850 2523 12.
887 2479 1001 2521 Silus
1033 2480 1113 2533 Ma,
1147 2481 1266 2522 silius
1300 2480 1333 2522 G
1366 2487 1408 2522 et
1441 2480 1531 2522 alii.
1620 2481 1686 2523 13.
1721 2481 1809 2534 inp.
1838 2476 1917 2520 Ma.
1990 2477 2057 2523 14.

232 2539 416 2580 consulis
447 2539 659 2595 designati
688 2540 888 2580 omnibus
922 2539 1080 2581 litteris
1113 2539 1190 2581 Ma.
1258 2540 1326 2582 15.
1359 2540 1496 2591 breve,
1530 2541 1677 2580 mortis
1711 2538 1908 2579 distinxit
1939 2534 2061 2578 Doe-

230 2597 415 2641 derlein.
513 2599 578 2643 16.
609 2600 762 2654 paenis
798 2597 876 2641 Ma.
964 2599 1029 2641 17.
1063 2613 1214 2640 manus
1248 2600 1344 2640 tatii
1379 2598 1457 2643 illa.
1553 2599 1625 2645 20.
1663 2598 1785 2641 cedes
1817 2596 1949 2641 ammi
1979 2595 2059 2641 Ma.

1186 2758 1282 2800 bus.
1345 2757 1462 2800 Atria·
1507 2764 1803 2799 memorantur
1846 2761 1889 2799 in
1923 2759 2061 2800 titulis

1188 2820 1416 2868 veterum,
1436 2824 1478 2859 et
1511 2817 1684 2871 quidem
1719 2823 1923 2872 quattuor
1949 2818 2062 2872 apud

230 2759 346 2796 erat:
394 2767 490 2796 nam
540 2755 609 2797 his
652 2759 865 2811 pessimus
915 2760 1101 2814 quisque

230 2814 436 2854 maiorem
475 2813 602 2855 fidem
645 2816 776 2858 habet
808 2831 934 2872 quam
966 2818 1100 2873 longo

230 2885 308 2912 usu
342 2872 562 2926 probatis,
610 2875 686 2916 sed
727 2876 883 2931 quibus
917 2890 994 2917 sua
1031 2877 1100 2917 fa-

230 2932 379 2972 cinora
425 2933 605 2988 cognita
649 2947 745 2975 esse
789 2941 831 2976 et
873 2941 1101 2989 perspecta

230 2991 462 3044 putaverit.
496 2991 606 3033 Hinc
630 2992 742 3034 idem
766 2995 967 3048 princeps
991 2994 1101 3036 Ger-

229 3051 366 3090 manis
399 3057 613 3104 tamquam
642 3055 828 3094 externis
855 3053 988 3095 fidere
1010 3060 1100 3094 tra-

229 3108 344 3149 ditur
396 3122 433 3151 c.
493 3110 563 3152 58.
640 3111 686 3152 ld
744 3125 829 3153 non
883 3113 1102 3155 intellexit

229 3167 479 3220 Rhenanus,
514 3182 609 3211 cum
641 3183 719 3211 suo
753 3172 915 3212 iudicio
950 3186 1100 3226 quam-

230 3240 354 3280 quam
395 3229 578 3269 mutavit
626 3231 667 3269 in
703 3237 928 3285 tanquam,
973 3245 1099 3286 quam

231 3287 525 3326 coniecturam
588 3290 716 3329 etiam
781 3290 854 3331 alii
911 3290 1099 3331 editores

229 3344 508 3398 adoptarunt,
562 3348 604 3386 in
659 3347 724 3387 his
777 3348 1005 3390 Bekkerus
1058 3356 1100 3389 et

229 3402 504 3455 Waltherus,
538 3405 732 3446 favorem
777 3407 961 3448 militum
997 3421 1101 3463 erga

229 3463 429 3502 Pisonem
465 3464 736 3518 cogitantes,
784 3466 836 3506 de
869 3479 953 3520 quo
990 3467 1098 3507 nihil

232 3527 415 3562 constat.

315 3580 445 3622 Atria
479 3578 632 3620 Galla:
664 3582 826 3633 primus
860 3581 1098 3624 Beroaldus

230 3638 376 3682 intulit
407 3651 565 3680 nomen
591 3640 727 3693 magis
762 3641 983 3694 cognitum
1008 3641 1098 3683 Ar-

230 3697 324 3750 ria,
364 3697 537 3753 scriptis
578 3695 699 3739 libris
733 3709 817 3740 non
854 3696 1100 3742 addicenti-

1188 2877 1440 2928 Gruterum,
1490 2876 1574 2916 duo
1616 2876 1729 2929 apud
1762 2878 2060 2929 Muratorium,

1187 2941 1233 2975 ut
1264 2937 1431 2976 monuit
1465 2935 1670 2977 OrelliuS.

1291 2993 1395 3048 Cap.
1446 2995 1518 3038 60.
1585 2995 1770 3036 consulis
1826 2996 2058 3050 desiynatt':

1188 3053 1303 3108 quod
1334 3054 1418 3094 iam
1453 3053 1568 3095 c.49
1586 3060 1804 3094 narratum
1837 3060 1917 3105 est,
1953 3067 2061 3095 con-

1186 3113 1325 3154 sulem
1347 3112 1620 3168 designatum
1635 3114 1772 3154 fuisse
1787 3112 2060 3164 Lateranum,

1187 3185 1302 3212 nunc
1333 3173 1569 3224 repetitur,
1603 3177 1650 3211 ut
1680 3172 1916 3226 indignitas
1952 3184 2060 3225 sup-

1187 3231 1310 3284 plicii
1344 3231 1387 3270 in
1422 3231 1515 3283 ipso
1550 3231 1653 3270 iussi
1680 3236 1722 3270 et
1747 3232 1899 3284 patrati
1922 3233 2059 3285 magis

1187 3295 1456 3330 nosceretur.
1783 3328 1787 3332 .

1273 3347 1381 3388 illud
1435 3349 1557 3388 breve
1609 3348 1755 3388 mortis
1808 3347 2055 3388 arbitrium:

1186 3408 1364 3449 Sueton.
1414 3407 1514 3448 Ner.
1568 3420 1604 3446 c.
1649 3407 1729 3447 37:
1786 3407 1896 3446 mori
1942 3407 2062 3447 iussit

1185 3480 1271 3505 non
1301 3465 1481 3520 amplius
1502 3478 1626 3518 quam
1651 3465 1856 3506 horarum
1879 3466 2061 3519 spatium

1186 3525 1327 3565 (labat.
1395 3523 1459 3564 Dc
1493 3525 1735 3564 constantia
1770 3523 1969 3564 Laterani
2001 3524 2056 3565 cs.

1186 3584 1357 3623 Arrian.
1392 3582 1580 3636 Epictet.
1618 3582 1633 3622 l
1674 3584 1692 3623 1
1737 3582 1806 3624 19.

1273 3641 1411 3682 locum
1442 3640 1663 3682 servilibus
1702 3641 1853 3696 poenis
1894 3641 2056 3696 seposi-

1185 3705 1296 3742 tum.-
1342 3698 1463 3742 locus
1509 3700 1601 3753 ipse
1636 3699 1678 3740 in
1712 3709 1862 3756 campo
1895 3697 2057 3756 Esqui-
