2280 4004
260 270 294 312 ί
323 265 372 311 G.
404 267 481 313 m.
505 303 509 306 ⁴
877 266 1042 311 LIBER
1069 267 1144 312 XI.
1207 267 1315 313 CAR
1346 269 1481 314 4—6.
2054 272 2087 317 ’ἵ

264 413 648 481 fflradringentis
706 427 1020 464 nummorum
1089 412 1289 464 milibus
1346 413 1522 466 Suillio
1593 413 1723 466 datis
1779 419 1829 466 et
1879 415 2085 482 cognita

260 505 702 572 praevaricatione
739 505 879 556 ferro
931 505 983 554 in
1030 505 1180 556 domo
1227 506 1335 556 eius
1382 505 1683 557 incubuerit.
1755 505 1915 573 Igitur
1952 507 2087 557 inci-

261 596 431 662 piente
482 596 607 648 Gaio
660 596 783 648 Silio
837 596 1046 647 consule
1099 596 1399 664 designatO,
1459 597 1600 648 cuius
1657 597 1722 648 de
1767 597 1992 664 potentia
2037 604 2088 649 et

264 689 419 740 exitio
455 688 506 738 in
545 693 770 753 tempore
818 687 1143 752 memorabo,
1202 694 1517 755 consurgunt
1564 693 1759 755 patreS,
1818 689 2086 757 legemque

264 779 487 831 Cinciam
523 778 767 845 flagitant,
806 792 901 844 qua
943 784 1150 829 cavetur
1185 780 1485 845 antiquitus,
1523 795 1588 831 ne
1624 780 1738 846 quis
1774 780 1839 831 ob
1881 795 2122 834 eausams

211 869 505 922 Gorandam
544 869 809 935 pecuniam
844 869 1098 921 donumve
1135 870 1367 936 accipiat.
1439 871 1637 922 Deinde
1676 871 2084 938 obstrepentibus

261 961 344 1012 iis‘
385 960 563 1027 quibus
620 975 681 1010 ea
739 960 1041 1011 contumelia
1099 961 1400 1026 parabatur,
1462 961 1661 1013 discors
1715 963 1889 1014 Suillio
1935 962 2086 1015 Silius

254 1051 449 1108 acriter
497 1049 751 1114 incubuit,
807 1055 1033 1101 veterum
1088 1056 1346 1102 oratorum
1400 1053 1628 1118 exempla
1685 1053 1944 1118 referenS,
2002 1054 2087 1120 qui

259 1142 442 1194 famam
483 1146 533 1193 et
565 1146 804 1207 posteros
836 1141 1062 1207 praemia
1091 1141 1412 1207 eloquentiae
1448 1142 1816 1210 cogitavissent
1845 1144 2087 1211 pulcher-

257 1233 401 1285 rima.
474 1232 716 1299 Alioquin
756 1233 1086 1284 et-bonarum
1126 1233 1306 1284 artium
1355 1234 1633 1301 principem
1675 1235 1900 1287 sordidis
1934 1236 2150 1300 mini—io

191 1331 193 1333 ’
258 1323 426 1376 steriis
464 1324 661 1375 foedari
675 1342 689 1388 ;
747 1340 811 1376 ne
851 1324 1000 1376 fidem
1043 1325 1245 1391 quidem
1280 1325 1530 1393 integram
1572 1341 1804 1391 manere,
1854 1327 1941 1377 ubi
1975 1343 2086 1379 ma-

258 1413 470 1482 gnitudo
510 1404 804 1481 quaestuum
857 1420 1130 1481 spectetur,
1233 1415 1427 1477 Quodsi
1475 1415 1527 1467 in
1563 1416 1749 1471 nullius
1796 1419 2085 1471 mercedem

257 1506 464 1573 negotia
502 1511 644 1571 eant,
697 1506 939 1572 pauciora
988 1506 1127 1565 fore:
1183 1521 1322 1558 nunc
1361 1507 1654 1559 inimicitias
1707 1510 2081 1575 accusationeS‚

257 1596 376 1649 odia
427 1601 476 1648 et
522 1597 734 1649 iniurias
787 1598 981 1663 foveri,
1036 1603 1090 1648 ut
1137 1581 1392 1664 quomodo
1445 1599 1524 1651 vis
1576 1599 1868 1652 morborum
1921 1601 2083 1667 pretia

369 1750 413 1793 3.
449 1750 498 1792 G.
533 1752 657 1807 (nota
688 1755 831 1792 tamen
865 1751 979 1792 inter
1001 1750 1036 1792 C
1061 1757 1103 1793 et
1126 1751 1161 1794 G
1194 1752 1417 1808 ambigua)
1438 1750 1519 1794 Ma.
1613 1759 1652 1794 et
1683 1765 1752 1794 om
1775 1752 1867 1795 Ma:
1899 1754 2085 1809 supple-

255 1815 345 1851 tum
378 1814 443 1851 est
477 1810 522 1851 in
557 1808 604 1851 G.
725 1811 766 1852 5.
803 1811 959 1852 eiciam
989 1809 1070 1853 Ma.
1178 1811 1239 1854 ,6.
1282 1817 1383 1853 ante
1416 1812 1630 1854 orandam
1660 1813 1706 1853 in
1737 1811 1804 1854 Ma
1835 1813 1983 1855 littera
2014 1819 2082 1855 est

256 1881 394 1911 erasa.
499 1869 678 1925 obstrep.
711 1870 766 1910 iis
799 1867 857 1911 G:
891 1870 1071 1926 obstrep.
1104 1872 1141 1912 si
1172 1870 1239 1911 his
1269 1869 1350 1913 Ma.

255 1928 271 1970 l
301 1928 512 1984 distingui
544 1930 620 1969 vix
651 1934 846 1983 possunt.

258 1989 327 2030 11.
359 1987 505 2042 sedari
535 1986 616 2029 Ma.

1454 1872 1494 1913 7.
1528 1871 1648 1914 sillus
1683 1870 1764 1924 Ma,
1798 1873 1843 1913 in
1876 1885 1962 1928 quo
1994 1873 2012 1914 i
2043 1879 2087 1914 et

854 1983 859 1985 ἰ
940 1929 980 1972 9.
1017 1933 1075 1986 et]
1109 1929 1167 1970 ad
1197 1927 1263 1972 Ma
1295 1930 1339 1971 in
1372 1931 1585 1987 margine.
1679 1932 1981 1986 copitabissent
2001 1931 2081 1974 Ma.

705 2001 759 2029 ne
796 1987 888 2030 Ma:
921 2002 1002 2029 nec
1033 1989 1084 2030 B.
1197 1990 1264 2032 12.
1299 1996 1580 2045 spectectetur
1610 1989 1691 2033 Ma.
1809 1992 1876 2034 13.
1910 1992 2085 2047 περσεία

255 2053 356 2087 eant
397 2045 430 2087 I.
463 2046 533 2088 Fr.
568 2046 839 2089 Gronovius:
878 2050 1099 2103 neyotiant
1143 2060 1266 2089 erasa
1307 2054 1405 2102 post
1437 2049 1609 2091 tfinale
1639 2049 1788 2090 littera
1819 2050 1967 2105 aliqua
1998 2050 2079 2103 Ma,

254 2106 428 2160 negotia
473 2113 674 2148 tueantur
706 2105 765 2158 G,
813 2120 909 2162 neq.
951 2108 1060 2161 fiant
1105 2107 1460 2164 Bezzenberger.
1614 2108 1682 2151 14.
1722 2109 1819 2164 ptia
1862 2122 1960 2151 cum
2003 2109 2081 2152 lin.

256 2166 466 2222 (praetia)
498 2163 579 2206 Ma.

259 2298 356 2329 esse
398 2287 541 2341 posito
590 2292 802 2328 commate
848 2287 1123 2345 significavi:

256 2358 354 2387 nam
401 2346 530 2388 huius
579 2352 824 2387 structurae
869 2360 921 2388 ea
972 2353 1125 2389 natura

258 2410 342 2457 est,
372 2411 419 2446 ut
435 2405 520 2447 duo
547 2406 771 2447 nominum
791 2404 864 2446 vel
892 2406 1125 2448 verborum

256 2465 379 2518 paria
422 2466 483 2507 ita
523 2471 867 2519 componantur,
915 2471 963 2506 ut
1003 2468 1124 2520 prius

258 2528 405 2565 careat
435 2523 651 2578 particula
682 2529 987 2578 connectente,
1010 2525 1126 2567 alte-

256 2594 350 2625 rum
382 2595 434 2624 ea
464 2596 577 2626 voce
608 2584 867 2624 instructum
905 2586 980 2636 sit,
1012 2598 1125 2639 quae

256 2642 457 2683 iunctura
506 2641 687 2684 multum
736 2642 868 2684 hahet
921 2644 1025 2684 artis
1083 2650 1126 2684 et

258 2700 428 2742 decoris
469 2715 520 2743 ac
561 2701 708 2743 Tacito
757 2715 889 2755 saepe
941 2702 1123 2756 placuit.

258 2758 324 2802 ef.
371 2760 389 2801 l
424 2761 503 2802 11:
543 2774 681 2816 reyna
718 2762 997 2815 provinciae,
1042 2762 1125 2802 tri-

257 2817 357 2859 buta
396 2825 470 2860 aut
510 2820 756 2874 vectigalia.
822 2821 907 2862 13:
957 2821 1127 2862 divitem

252 2884 516 2932 promptum,
549 2878 712 2919 artibus
746 2879 927 2932 egreyiis
958 2886 996 2920 et
1022 2882 1127 2935 pari

257 2937 379 2988 sama
405 2935 589 2990 publice.
644 2939 727 2980 21:
757 2937 966 2980 invidiam
995 2939 1124 2980 mise-

259 2993 518 3047 ricordiam,
557 3002 710 3037 metum
753 3003 792 3037 et
833 2996 938 3039 iras.
1002 2997 1040 3038 11
1071 2999 1125 3040 5.-

259 3052 402 3094 iuvari
431 3052 547 3095 silvis
564 3055 806 3110 paludibus,
825 3055 943 3098 brevi
963 3064 1124 3101 aestate

257 3117 299 3154 et
339 3120 624 3166 praematura
653 3114 803 3157 hieme.
868 3115 954 3159 60:
989 3115 1125 3171 Libya

259 3170 514 3226 Aethiopia,
564 3173 782 3227 Medisque
825 3181 865 3215 et
895 3174 1035 3216 Persis
1068 3201 1123 3208 --

255 3230 447 3285 potitum.
506 3229 565 3272 lll
602 3234 650 3274 1:
693 3246 827 3286 neque
858 3233 1124 3275 discerneres

255 3289 474 3343 proximos
504 3289 683 3342 alienos,
715 3292 906 3334 virorum
935 3293 1124 3347 semina-

257 3361 402 3388 rumoe
433 3348 646 3403 planctus.
709 3349 794 3392 26:
845 3352 937 3391 sine
965 3351 1124 3406 probro

258 3407 433 3457 scelere,
468 3419 595 3460 eoque
627 3408 718 3448 sine
740 3421 881 3463 poena
900 3416 974 3450 aut
997 3415 1124 3450 coer-

258 3466 496 3509 citionibus.
555 3466 608 3507 v1
650 3466 727 3508 19.-
763 3467 965 3508 inlustres
995 3471 1123 3521 iquo-

258 3525 376 3576 biles,
410 3525 590 3580 dispersi
620 3532 693 3566 aut
722 3527 934 3580 a99erati.
983 3525 1038 3567 XI
1070 3527 1122 3568 6:

258 3582 402 3626 Asinii
451 3584 690 3637 Messalae,
742 3599 796 3626 ac
842 3587 1126 3628 recentiorum

259 3639 459 3686 Arruntii
491 3651 529 3686 et
569 3644 814 3687 Aesernini.
880 3644 959 3688 16.-
1010 3644 1123 3688 cele-

1213 2288 1336 2330 brari
1368 2288 1466 2340 coli,
1500 2288 1621 2329 modo
1647 2289 1888 2332 comitatem
1906 2316 1962 2323 —
1985 2305 2085 2334 sae-

1205 2348 1303 2404 pius
1322 2347 1601 2390 vinolentiam
1623 2362 1851 2404 usurpans.
1889 2349 1967 2392 18:
1993 2358 2086 2393 sta-

1212 2408 1348 2448 tiones
1379 2407 1570 2461 viqiliae,
1597 2408 1755 2448 diurna
1790 2416 2085 2466 nocturnaque

1210 2467 1371 2508 munia.
1418 2465 1498 2507 Xll
1531 2467 1615 2508 17:
1647 2480 1773 2508 arma
1806 2469 2082 2523 munimenta,

1209 2525 1402 2582 impediti
1450 2525 1518 2567 vel
1563 2526 1794 2567 eminentes
1841 2526 1939 2570 loci.
2003 2530 2082 2572 39:

1211 2585 1262 2625 ob
1298 2586 1412 2626 iram
1444 2585 1494 2626 ob
1522 2585 1747 2640 praedam,
1781 2586 1898 2628 iussu
1930 2593 1970 2628 et
1997 2587 2084 2629 ali-

1210 2644 1378 2698 quando
1427 2644 1597 2700 iynaris
1636 2643 1827 2686 ducibus.
1888 2646 1983 2688 Xln
2031 2649 2083 2690 3:

1210 2703 1386 2745 caelare
1403 2705 1600 2760 pinqere,
1628 2711 1779 2745 cantus
1799 2710 1873 2745 aut
1893 2706 2085 2760 regimen

1210 2775 1412 2816 equorum
1436 2777 1653 2804 exercere.
1702 2763 1786 2806 46:
1820 2764 2086 2806 nobilitatem

1203 2821 1596 2877 pulchritudinem,
1656 2829 1757 2863 vota
1804 2825 1992 2865 omnium
2044 2832 2083 2866 et

1209 2881 1372 2936 gaudia
1382 2881 1587 2936 felicium.
1609 2881 1687 2923 XV
1699 2882 1754 2925 27
1768 2896 1778 2922 :
1794 2881 1932 2937 plana
1953 2881 2083 2936 edita,

1209 2939 1374 2982 validos
1405 2940 1715 2995 invalidosque.
1780 2941 1831 2983 H.
1865 2941 1883 2983 I
1916 2945 1970 2986 2:
2001 2956 2085 2983 no-

1211 2999 1353 3040 bilitas
1375 3013 1488 3055 opes,
1511 3000 1655 3042 omissi
1677 3001 1864 3055 gestique
1885 3001 2082 3042 bonores.

1211 3058 1262 3100 H.
1307 3058 1343 3099 ΙΙ
1383 3060 1464 3100 11:
1508 3059 1704 3115 pedester
1745 3059 1969 3112 horridus,
2011 3061 2083 3100 in-

1211 3124 1397 3173 comptus
1436 3121 1664 3172 famaeque
1706 3117 1934 3159 dissimilis.
1999 3119 2077 3160 42:

1211 3177 1444 3217 comminus
1465 3178 1641 3227 eminus,
1657 3176 1840 3216 catervis
1860 3183 1899 3217 et
1920 3177 2079 3218 cuneis.

1210 3234 1261 3275 Η.
1311 3234 1370 3274 111
1415 3234 1500 3275 84:
1551 3234 1800 3276 testudinem
1851 3241 2077 3288 tormenta,

1210 3306 1389 3348 aqyeres
1420 3295 1634 3346 facesque.
1696 3292 1780 3335 86:
1815 3293 2081 3335 consulatum

1209 3351 1476 3403 sacerdotia,
1517 3365 1672 3391 nomen
1719 3351 1936 3405 locumque
1966 3354 2081 3393 inter

1207 3411 1431 3465 primores.
1494 3410 1545 3450 A.
1587 3410 1639 3452 9:
1690 3411 1835 3465 yravis
1876 3412 2077 3462 intentus,

1209 3483 1380 3510 severus
1412 3482 1465 3508 ac
1496 3469 1665 3524 saepius
1704 3470 1962 3511 misericors.
2028 3470 2075 3511 G.

1209 3527 1297 3570 46:
1329 3541 1523 3568 sermone
1554 3528 1692 3580 cultu,
1725 3528 1822 3570 sede
1855 3543 1909 3570 ac
1939 3529 2076 3569 domi-

1210 3585 1334 3628 ciliis.
1381 3585 1536 3628 Cetera
1571 3587 1773 3642 exempla
1806 3588 1961 3631 lectori
1995 3587 2078 3630 ob-

1209 3645 1421 3688 servanda
1451 3646 1684 3702 relinquo„
