2280 4004
212 277 240 321 i
269 275 318 321 (3.
356 278 425 320 15.

827 275 993 323 Lmen
1020 275 1054 319 1.
1117 274 1224 320 cir.
1259 273 1449 320 59—60.
1576 259 1578 261 ’
1975 279 2035 324 aa,

210 418 273 470 Et
307 433 373 470 ne
408 417 594 470 bellum
626 417 760 469 mole
792 432 893 470 una
921 417 1201 485 ingrueret,
1241 416 1511 467 Caecinam
1551 430 1662 466 cum
1698 414 2033 483 quadraginta

214 508 507 560 cohortibus
530 508 771 561 Romanis
797 507 1126 560 distrahendo
1163 507 1298 558 hosti
1332 522 1424 573 per
1445 505 1717 558 Bructeros
1755 506 1818 557 ad
1848 506 2034 558 flumen

210 599 455 650 Amisiam
480 599 642 664 mittit,
671 598 888 664 equitem
908 598 1044 651 Pedo
1064 597 1354 664 praefectus
1375 597 1556 649 finibus
1579 597 1854 648 Frisiorum
1879 597 2031 649 ducit.
2075 639 2085 644 ,
2122 595 2212 650 ⁴2³2...
2239 638 2245 643 ,

214 664 471 675 νψν-..--

212 689 325 755 Ipse
373 689 634 755 impositas
686 688 900 740 navibus
962 693 1196 754 quattuor
1249 687 1482 754 legiones
1539 703 1631 754 per
1671 687 1812 739 lacus
1862 688 2032 751 vexit3

209 779 458 845 simulque
493 779 653 846 pedes
705 794 860 845 eques
906 778 1085 830 classis
1134 778 1265 844 apud
1299 778 1615 844 praedictum
1664 793 1860 830 amnem
1907 793 2073 830 con-5

208 885 414 923 vellere.

508 870 698 922 Chauci
745 886 857 921 cum
906 870 1092 922 auxilia
1142 869 1528 935 pollicerentur,
1586 870 1639 920 in
1690 870 2034 920 commilitium

210 962 391 1015 adsciti
426 966 557 1013 sunt.
620 961 892 1013 Bructeros
929 977 1020 1013 sua
1049 961 1243 1012 urentis
1269 961 1502 1027 expedita
1541 977 1651 1012 cum
1677 976 1827 1012 manu
1851 962 2034 1012 Lucius

210 1053 476 1106 Stertinius
511 1053 669 1104 missu
698 1051 985 1104 Germanici
1026 1051 1153 1103 fudit
1163 1069 1177 1115 ;
1219 1051 1451 1117 interque
1481 1051 1687 1102 caedem
1715 1057 1763 1102 et
1793 1052 2036 1117 praedam

210 1146 434 1212 repperit
479 1144 894 1196 undevicesimae
930 1143 1151 1211 legionis
1193 1143 1409 1208 aquilam
1438 1158 1570 1200 >cum
1604 1144 1739 1194 Varo
1779 1143 2032 1194 amissam.

209 1237 421 1293 Ductum
469 1236 589 1288 inde
650 1250 831 1303 agmen
886 1235 950 1286 ad
997 1234 1200 1285 ultimos
1241 1234 1621 1298 Bructerorum,
1699 1240 2035 1300 quantumque
2053 1246 2101 1283 ιο

210 1328 454 1380 Amisiam
479 1333 528 1379 et
553 1327 759 1393 Lupiam
783 1341 956 1379 amnes
981 1327 1129 1391 inter,
1170 1329 1435 1391 vastatum,
1473 1325 1607 1376 haud
1644 1325 1822 1390 procul
1850 1326 2039 1377 Teuto-

327 1482 370 1522 4.
406 1479 495 1580 ἔφηὸ.
522 1478 580 1579 ML

213 1544 315 1594 aput
344 1537 400 1580 Μ.
630 1537 684 1579 Μ.

213 1678 290 1721 sed
340 1679 454 1734 apud
504 1678 773 1736 legionarios
820 1680 1081 1735 Hispanicus

213 1738 286 1793 qui
319 1739 490 1791 dicitur,
525 1737 567 1779 h.
603 1753 641 1782 e.
676 1740 720 1780 in
753 1753 1004 1782 mucronem
1039 1747 1083 1783 et

212 1799 430 1852 utrimque
463 1804 642 1850 acutuS,
677 1799 791 1852 apud
822 1801 967 1841 socios
1000 1814 1081 1854 pa-

212 1857 320 1897 trius
348 1859 523 1913 cuique.
571 1857 699 1912 Apud
719 1858 920 1914 legiones
943 1859 1078 1901 duces

215 1922 337 1957 erant
367 1915 526 1972 legati,
557 1917 747 1969 tribuni,
783 1920 1078 1972 centuriones,

213 1974 329 2029 apud
361 1977 505 2017 socios
537 1988 680 2031 neque
727 1976 889 2018 tribuni
922 1985 1080 2020 centu-

211 2035 416 2076 rionesve
434 2047 579 2089 neque
598 2034 750 2091 legati,
763 2035 841 2077 sed
866 2038 1079 2091 praefecti

213 2092 471 2146 cohortium,
498 2093 859 2148 quemadmodum
887 2097 932 2136 in
951 2098 1080 2152 equi-

212 2157 304 2193 tatu
357 2154 574 2195 sociorum
625 2155 842 2208 praefecti
882 2153 1078 2197 alarum.-

213 2224 309 2252 nam
341 2212 439 2254 alae
471 2223 645 2267 quoque
685 2213 858 2254 nonnisi
891 2215 1080 2257 sociales

213 2270 361 2324 fuere3
395 2272 439 2312 in
463 2270 715 2326 legionibus
741 2272 914 2327 aquilae
933 2279 975 2314 et
996 2287 1079 2316 ve-

211 2328 338 2383 xilla,
385 2332 426 2371 in
462 2330 678 2383 expeditis
709 2331 922 2373 militibus
953 2334 1080 2389 signa

212 2394 376 2430 tantum
411 2389 670 2432 cohortium.
744 2390 855 2432 Dum
889 2391 1080 2433 Caecina

212 2454 414 2504 quattuor
434 2448 635 2505 legiones
668 2462 746 2504 per
766 2449 1000 2493 Bructeros
1026 2452 1080 2493 ad

210 2507 417 2550 Amisiam
451 2507 594 2559 ducit,
638 2508 860 2551 inferioris
893 2512 1078 2564 provin-

213 2567 307 2608 ciae
351 2567 509 2610 militia
557 2567 734 2609 socialis
798 2569 852 2611 ad
901 2571 1080 2612 tutanda

213 2624 396 2668 hiberna
442 2629 664 2669 remansit.
726 2627 774 2668 In
815 2630 1012 2671 exercitu
1057 2643 1081 2671 a

214 2683 470 2728 Germanico
504 2699 557 2727 ex
588 2688 817 2741 superiore
849 2690 1080 2743 provincia

214 2743 257 2784 in
298 2743 445 2787 hostes
483 2745 637 2787 Rheno
688 2745 866 2790 flumine
917 2754 960 2790 et
1001 2761 1079 2803 per

215 2799 334 2844 lacus
381 2803 435 2845 ad
474 2804 682 2846 Amisiam
736 2806 922 2849 deducto
969 2809 1078 2849 socii

214 2872 299 2901 non
334 2862 543 2915 defuere,
576 2870 624 2904 ut
655 2870 775 2918 patet
808 2879 862 2907 ex
896 2879 989 2920 cap.
1022 2867 1080 2909 63

216 2919 516 2975 (subsidiariae
549 2923 776 2980 cohortes).

290 2979 442 3030 finibus
457 2980 715 3022 Frisiorum.-
737 2982 953 3024 ablativus
975 2982 1078 3035 loci,

215 3035 336 3079 nulla
356 3038 500 3080 addita
531 3041 871 3094 praepositione,
902 3049 1080 3096 propter

214 3095 463 3139 adiunctum
482 3110 640 3141 nomen
656 3101 889 3143 Frisiorum
911 3101 1079 3143 admitti

214 3156 382 3207 potuit:
434 3158 647 3200 eiusmodi
701 3161 815 3200 enim
858 3162 1078 3215 genitivus

216 3214 357 3256 vicem
404 3215 611 3258 adiectivi
664 3219 851 3259 nominis
903 3219 1078 3272 implet,

216 3273 330 3327 quod
369 3272 441 3314 ubi
486 3275 649 3317 nomini
692 3276 966 3318 substantivo
1000 3278 1080 3318 ad-

215 3329 350 3372 ditum
385 3337 463 3383 est,
497 3333 733 3375 ablativum
770 3335 855 3376 loci
888 3348 1079 3390 praepo-

215 3391 378 3432 sitione
413 3404 561 3434 carere
602 3405 731 3446 posse
764 3400 946 3436 constat.
1011 3394 1078 3435 Cf.

217 3462 254 3493 c.
287 3450 373 3493 63:
409 3448 532 3492 litore
563 3451 741 3492 Oceani.
803 3450 862 3491 IV
894 3451 976 3494 46:
1010 3455 1080 3506 qui

214 3509 415 3552 montium
447 3510 567 3551 editis
591 3537 645 3543 —
671 3510 935 3551 habitabant.
986 3510 1083 3551 XIV

220 3569 295 3612 10:
354 3568 508 3610 tumulo
548 3571 699 3611 matris
740 3571 810 3624 (ε.-
852 3573 1082 3627 materno).

219 3625 268 3670 Ο.
301 3629 386 3674 32τ
427 3642 514 3670 uon
545 3629 763 3675 rhetorum
804 3628 878 3675 sed
907 3627 1083 3673 Acade-

304 3723 455 3760 'l'acuus
481 3725 508 3762 1.

669 1478 711 1521 5.
746 1491 868 1534 eques
896 1479 949 1532 M,
983 1490 1071 1519 non
1104 1491 1243 1533 equos.

1337 1477 1495 1520 classes
1527 1477 1590 1519 M:
1624 1478 1816 1518 correxit
1847 1476 2019 1532 Lipsius

1164 1681 1276 1722 miae
1298 1681 1462 1737 spatiis.
1514 1679 1623 1721 Ibid.
1645 1681 1700 1723 37
1718 1694 1728 1720 ε
1762 1681 2036 1735 antiquario..

1164 1754 1259 1781 rum
1288 1739 1564 1781 bibliothecis.
1615 1738 1733 1780 Idem
1755 1739 1848 1781 fieri
1875 1748 2034 1795 potest,

1164 1800 1199 1840 si
1232 1811 1473 1853 pronomen
1505 1798 1736 1840 relativum
1770 1813 1866 1840 cum
1897 1801 2035 1842 verbo

1163 1865 1261 1912 post
1286 1858 1526 1901 ablativum
1552 1860 1765 1913 sequitur,
1798 1865 1844 1899 ut
1865 1859 1940 1900 XII
1951 1861 2034 1902 36:

1162 1925 1313 1960 stetere
1345 1920 1391 1960 in
1418 1919 1550 1959 armis
1565 1919 1816 1973 praetoriae
1840 1919 2034 1960 cohortes

1164 1990 1311 2033 campo
1325 1979 1396 2032 qui
1417 1985 1562 2019 castra
1570 1979 1794 2032 praeiacet
1806 1981 1882 2034 (ι.-
1897 1984 2037 2020 castra

1162 2039 1483 2093 praeiacente).
1517 2035 1749 2077 Praeterea
1773 2035 1946 2078 locandi
1962 2038 2035 2079 vel

1162 2095 1335 2137 iacendi
1380 2095 1526 2137 verbis
1578 2094 1739 2135 nudum
1795 2094 2035 2137 ablativum

1163 2155 1380 2196 interdum
1415 2156 1600 2210 iungere
1634 2155 1693 2196 ita
1726 2167 1855 2195 ausus
1890 2161 1957 2196 est
1989 2161 2035 2196 ut

1162 2214 1315 2255 saltem
1350 2213 1434 2254 duo
1477 2215 1654 2254 nomina
1696 2226 1748 2254 eo
1791 2226 1893 2254 casu
1926 2215 2035 2255 sub-

1161 2279 1422 2328 sequantur,
1478 2279 1525 2313 ut
1572 2271 1669 2313 XIV
1702 2273 1784 2314 61:
1829 2272 2035 2315 Octaviae

1161 2333 1369 2387 ima9ines
1402 2339 1572 2388 qestant
1593 2331 1793 2383 humeris,
1827 2340 2037 2388 spargunt

1161 2392 1346 2445 floribus,
1382 2395 1560 2447 foroque
1582 2405 1636 2432 ac
1666 2390 1829 2445 templis
1861 2391 2035 2444 locant,-

1161 2450 1220 2491 IV
1255 2451 1335 2492 74:
1384 2465 1531 2506 campo
1565 2458 1640 2491 aut
1671 2450 2032 2493 litoreiacemes.

1163 2509 1290 2561 Quod
1322 2510 1511 2566 legimus
1545 2509 1642 2550 XIV
1675 2509 1734 2552 29
1765 2511 1922 2563 equites
1953 2524 2035 2551 va-

1162 2569 1214 2610 do
1248 2570 1395 2622 secuti,
1430 2570 1473 2610 in
1504 2581 1555 2610 eo
1593 2568 1701 2609 vado
1726 2568 2035 2621 adverbiascit‚

1161 2634 1209 2669 ut
1240 2629 1284 2669 in
1311 2629 1460 2685 plano,
1495 2642 1643 2683 aequo,
1675 2628 1846 2680 vicin05
1879 2627 1977 2670 XIV
2008 2627 2037 2670 8

1162 2688 1295 2729 aliam
1336 2690 1429 2743 fere
1483 2687 1607 2729 litore
1657 2688 1816 2741 faciem
1857 2687 2038 2743 vulgata

1161 2749 1323 2789 vitiosa
1365 2754 1454 2800 est3
1499 2747 1543 2787 in
1585 2745 1684 2789 XVI
1727 2747 1752 2787 5
1797 2746 1906 2787 diem
1952 2760 2035 2788 no-

1163 2814 1348 2861 ctemque
1371 2806 1570 2848 sedilibus
1595 2806 1847 2846 continuant
1880 2807 2035 2847 tertius

1164 2872 1229 2907 est
1264 2879 1416 2919 casus,
1450 2878 1538 2906 nou
1570 2871 1735 2916 sextuS,
1772 2870 1815 2905 et
1847 2864 1900 2907 H.
1939 2865 1975 2905 V
2008 2866 2034 2907 5

1161 2926 1339 2979 vitisque
1371 2939 1508 2966 aurea
1530 2924 1680 2980 templo
1712 2931 1884 2979 reperta
1905 2937 2035 2977 prae-

1163 2986 1325 3038 positio
1356 2985 1403 3025 ἐπ
1436 2990 1534 3038 post
1567 2997 1705 3024 aurea
1723 2982 1928 3037 absorpta
1953 2989 2032 3024 est.

1251 3051 1532 3098 quantumque
1554 3043 1764 3084 Amisiam
1792 3049 1829 3082 et
1854 3042 2038 3097 Lupiam

1163 3116 1308 3144 amnes
1339 3104 1452 3143 inter
1483 3108 1707 3153 vastatum,
1740 3100 1857 3141 haud
1884 3100 2036 3154 procul

1169 3161 1511 3216 Teutoburgiensi
1543 3159 1669 3211 saltu,
1702 3161 1747 3199 in
1779 3173 1856 3211 quo
1882 3183 1938 3190 —-
1965 3159 2034 3198 di-

1165 3220 1392 3260 cebantur:
1450 3220 1634 3273 insignis
1687 3217 1758 3258 hic
1803 3218 1925 3258 locus
1970 3223 2035 3257 est

1164 3280 1440 3332 maximeque
1493 3276 1743 3318 luculentus
1795 3275 1848 3316 de
1901 3288 2034 3315 scena
2092 3276 2101 3281 '

1165 3336 1300 3377 cladis
1352 3337 1583 3376 Varianae.
1679 3334 1843 3386 Nempe
1898 3333 2036 3375 ultimi

1164 3395 1470 3435 Bructerorum
1516 3395 1628 3435 inter
1677 3393 1822 3434 sontes
1869 3391 2035 3446 Lupiae

1172 3458 1214 3493 et
1235 3453 1427 3493 Amisiae
1449 3452 1719 3503 habitavere,
1743 3458 1786 3492 et
1810 3453 2035 3506 utriusque

1172 3512 1309 3553 amnis
1328 3511 1522 3552 fontibus
1544 3511 1761 3552 interiecti
1781 3517 1878 3551 sunt
1899 3511 2035 3552 saltus

1172 3568 1468 3625 Osningenses
1502 3569 1713 3627 (Osneyqe
1741 3569 1834 3611 sive
1854 3570 2034 3626 Osuiuy)

1171 3630 1283 3672 inter
1315 3629 1596 3688 Lippsprinqe
1640 3635 1683 3672 et
1716 3628 2036 3673 Haustenbeck:

1678 3711 1707 3762 5
