2280 4004
169 314 195 344 a
226 300 274 344 G.
311 302 384 345 65.
772 301 938 344 LIBER
968 301 1064 344 XV.
1127 300 1236 344 Cn.
1270 302 1459 348 50—52.

1905 306 1992 347 289

170 445 290 511 quid
329 461 552 496 manere.
627 446 728 498 Sed
781 447 1040 511 provisum
1093 461 1310 512 quonam
1361 446 1514 497 modo
1550 460 1743 512 poenas
1781 461 1993 497 eversae

168 536 246 587 rei
298 536 531 602 publicae
583 536 742 587 daret.
819 538 1192 604 Accingeretur
1241 537 1393 588 modo
1450 553 1640 589 navare
1688 552 1892 603 operam
1946 542 1996 588 et

169 626 379 677 militum
418 626 695 677 acerrimos
734 627 923 678 ducere
959 628 1011 677 in
1044 633 1230 693 partes,
1268 644 1328 679 ac
1353 629 1508 695 digna
1545 629 1706 694 pretia
1741 633 1986 694 expecta-

170 721 264 768 ret.
336 717 551 768 Nomina
584 722 751 769 tamen
793 719 1171 769 coniuratorum
1207 721 1424 770 reticuit.
1498 719 1641 770 Unde
1679 718 1875 770 Proculi
1914 719 1997 768 in-

171 807 358 858 dicium
397 809 597 859 inritum
639 809 755 873 suit,
817 810 1043 875 quamvis
1083 826 1141 860 ea
1189 825 1317 875 quae
1366 810 1596 861 audierat
1643 810 1705 861 ad
1741 811 2035 867 Neronem5

173 898 451 950 detulisset.
505 899 684 950 Accita
724 901 905 965 quippe
932 900 1212 965 Epicharis,
1253 906 1302 950 et
1343 916 1454 950 cum
1490 900 1659 951 indice
1698 900 1992 965 composita,

171 989 567 1040 nullis‘testibus
603 990 821 1041 innisum
864 991 1015 1041 facile
1042 991 1336 1041 confutavit.
1398 991 1498 1043 Sed
1534 992 1644 1056 ipsa
1683 991 1735 1040 in
1766 989 1996 1041 custodia

170 1085 365 1142 retenta
405 1085 512 1145 est,
569 1086 890 1146 suspectante
937 1082 1141 1132 Nerone
1191 1082 1324 1132 haud
1360 1081 1487 1132 salsa
1529 1093 1644 1132 esse
1684 1082 1833 1132 etiam
1870 1096 1998 1146 quae

86 1177 292 1224 52vera
356 1186 459 1222 non
518 1172 876 1237 probabantur.
956 1172 1243 1222 Coniuratis
1296 1177 1463 1223 tamen
1511 1177 1644 1223 metu
1693 1173 1997 1238 proditionis

169 1263 412 1328 permotis
447 1262 680 1327 placitum
721 1267 974 1312 maturare
1014 1262 1222 1313 caedem
1258 1263 1387 1328 apud
1426 1263 1575 1313 Baias
1613 1263 1665 1312 in
1701 1263 1998 1314 villa-Piso·
2017 1287 2061 1320 10

170 1354 285 1417 niS‚
347 1353 488 1403 cuius
530 1353 834 1403 amoenitate
877 1357 1049 1418 captus
1087 1353 1278 1404 Caesar
1316 1354 1498 1404 crebro
1539 1354 1846 1417 ventitabat,
1887 1354 2001 1404 bal-

171 1459 396 1510 neasque
454 1449 503 1495 et
549 1444 721 1510 epulas
778 1444 937 1494 inibat
984 1444 1185 1495 omissis
1236 1444 1465 1495 excubiis
1517 1449 1566 1495 et
1600 1445 1834 1495 fortunae
1876 1460 1999 1496 suae

171 1535 320 1586 mole.
395 1535 495 1586 Sed
539 1535 710 1585 abnuit
746 1535 879 1598 Piso,
921 1535 1161 1585 invidiam
1201 1535 1559 1600 praetendenS‚
1599 1536 1642 1586 si
1680 1551 1826 1586 sacra
1854 1551 2002 1586 men-

171 1641 260 1678 sae
309 1626 460 1691 dique
509 1625 785 1691 hospitales
844 1625 1004 1676 caede
1055 1626 1432 1691 qualiscumque
1479 1626 1721 1691 principis
1762 1631 2001 1676 cruenta-

169 1721 369 1767 rentur:
423 1716 600 1767 melius
661 1715 792 1781 apud
843 1716 1019 1766 urbem
1075 1716 1126 1764 in
1175 1715 1259 1767 illa
1307 1717 1472 1767 invisa
1513 1724 1562 1767 et
1600 1716 1776 1781 spoliis
1815 1717 2062 1772 civium15

169 1812 396 1859 extructa
436 1807 587 1859 domo
623 1807 705 1859 vel
745 1808 796 1857 in
830 1807 1033 1873 publico
1070 1813 1355 1873 patraturos
1398 1808 1534 1874 quod
1572 1824 1664 1874 pro
1704 1824 1760 1860 re
1796 1809 1997 1874 publica

168 1900 528 1965 suscepissent.
602 1900 742 1950 Haec
780 1899 831 1948 in
873 1914 1167 1964 commune,
1209 1905 1431 1951 ceterum
1469 1900 1649 1951 timore
1696 1901 1895 1951 occulto
1933 1916 1997 1952 ne

168 1990 351 2041 Lucius
408 1990 607 2042 Silanus
672 1989 857 2041 eximia
919 1990 1184 2041 nobilitate
1234 1991 1604 2056 disciplinaque
1663 1991 1754 2042 Gai
1817 1980 1998 2055 Cassii,

171 2081 301 2148 apud
325 2096 472 2147 quem
511 2081 753 2132 educatus
792 2086 916 2144 erat,
951 2081 1011 2131 ad
1041 2095 1239 2132 omnem
1266 2081 1614 2132 claritudinem
1650 2082 1875 2133 sublatus
1902 2083 2002 2131 im-

171 2173 365 2239 perium
407 2173 691 2236 invaderet,
735 2176 964 2237 prompte
1001 2172 1192 2223 daturis
1232 2173 1314 2237 qui
1356 2188 1383 2222 a
1424 2172 1775 2223 coniuratione
1815 2173 1998 2239 integri
2014 2192 2064 2228 20

171 2267 359 2327 essent,
403 2263 587 2329 quique
626 2262 990 2313 miserarentur
1007 2262 1261 2313 Neronem
1298 2267 1548 2328 tamquam
1582 2278 1673 2328 per
1713 2263 1880 2314 scelus
1918 2264 2002 2313 in-

262 2432 300 2472 1.
334 2430 433 2484 quid
455 2431 531 2472 AR
563 2436 606 2472 et
625 2431 860 2472 Vaticanus
890 2430 1052 2484 Lipsii:
1079 2429 1143 2472 Ma
1162 2430 1223 2492 qd
1247 2431 1409 2488 (quod),
1430 2430 1463 2472 G
1493 2441 1555 2485 ιη’
1578 2431 1622 2473 h.
1640 2445 1678 2473 e.
1714 2431 1836 2485 quod.
1870 2430 1998 2472 defe-

174 2495 266 2531 ctus
292 2496 396 2531 nota
420 2489 472 2530 ab
507 2488 676 2531 editore
709 2495 788 2531 est.
852 2504 1015 2543 paenas
1036 2488 1114 2532 Ma.
1185 2493 1227 2533 2.
1263 2493 1329 2531 rei
1353 2506 1406 2547 .p.
1441 2489 1517 2531 Ma.
1589 2492 1631 2533 3.
1664 2490 1838 2531 multum
1871 2489 1998 2532 Gilia:

174 2562 229 2590 ex
251 2549 284 2590 B
319 2549 509 2590 correxit
531 2549 780 2591 Rhenanus.
845 2551 944 2604 ’fitia
977 2548 1054 2590 Ma.
1122 2549 1189 2591 10.
1227 2550 1370 2591 cedem,
1402 2547 1481 2590 Ma·
1545 2551 1671 2590 naias
1695 2549 1784 2590 Ma:
1818 2547 1997 2590 haiasG.

178 2610 245 2650 11.
294 2621 463 2650 amaen.
498 2606 578 2651 Ma.
698 2607 960 2662 ualneasque
992 2606 1081 2659 Ma,
1126 2607 1303 2651 balneas
1338 2624 1414 2664 que
1450 2607 1497 2649 G.
1639 2607 1706 2649 14.
1742 2608 1880 2661 diique
1920 2607 1997 2650 Ma.

175 2667 390 2722 ospitiales
422 2665 501 2709 Ma.
586 2667 686 2708 cede
722 2666 806 2708 Ma.
881 2667 1156 2722 qualiscz'c'que
1190 2668 1268 2709 illa.
1365 2668 1432 2711 16.
1469 2680 1521 2708 rer
1551 2682 1605 2722 .p.
1641 2666 1716 2708 illa.
1795 2668 1861 2709 17.
1897 2681 2000 2708 cae-

174 2733 328 2829 {cesariem
330 2724 566 2840 AEa.ma18.
601 2726 651 2768 L.
680 2727 760 2769 Ma.
843 2727 892 2769 G.
928 2726 1007 2768 Ma.
1099 2727 1170 2770 20.
1207 2727 1372 2769 datm-is
1404 2725 1503 2769 Ma:
1534 2726 1567 2768 G
1603 2726 1779 2768 daturus
1811 2740 1998 2782 operam.

177 2903 264 2959 (ibi
296 2910 421 2945 erant
442 2903 653 2961 nav-chus)
687 2904 832 2946 littera
863 2918 893 2945 n
918 2904 1047 2946 aber-

1131 2906 1176 2945 in
1208 2904 1471 2946 infinitivum
1504 2903 1626 2945 verbi
1659 2902 1886 2958 desinens,
1919 2918 2002 2947 ve-

175 2964 290 3004 ravit
320 2964 362 3004 in
396 2963 576 3005 verbum
610 2971 728 3016 erat,
774 2978 802 3005 α
845 2963 1047 3018 absorpta

1133 2962 1213 3004 luti
1250 2965 1297 3005 in
1327 2965 1429 3004 iura
1460 2970 1500 3004 et
1529 2965 1659 3004 vitam
1690 2965 1842 3005 civium
1872 2965 2002 3006 inva-

177 3028 244 3064 est
277 3036 302 3063 a
329 3022 625 3078 subsequente
648 3037 689 3064 u.
734 3023 798 3065 De
816 3023 1046 3065 navarchis

178 3082 234 3123 cf.
275 3081 566 3123 Forcellinius
623 3088 666 3124 et
703 3083 903 3136 inscript.
954 3083 1045 3124 Lat.

176 3140 291 3194 apud
324 3139 533 3183 Orellium
567 3154 609 3182 n.
643 3142 775 3185 3615.
815 3142 946 3185 3634.

262 3212 384 3254 posse
414 3199 601 3254 impelli:
627 3200 668 3242 h.
707 3213 746 3242 e.
781 3213 834 3241 eo
871 3212 1048 3255 permo-

178 3258 273 3299 veri
305 3264 350 3298 ut
381 3271 406 3299 a
433 3258 606 3300 Nerone
638 3259 861 3312 deficeret,
893 3261 1049 3301 coniu-

178 3323 367 3358 ratorum
398 3317 619 3370 inceptum
652 3318 868 3371 probaret.
921 3318 1047 3359 Conf.

179 3381 327 3417 annot.
361 3374 413 3417 ad
445 3375 463 3416 1
495 3377 566 3418 31.

279 3435 430 3491 plura:
485 3434 526 3475 h.
573 3446 611 3475 e.
660 3433 783 3488 plura
838 3433 1050 3488 loquitur,-

182 3494 276 3535 eius
310 3493 430 3535 verbi
467 3494 586 3533 notio
623 3494 737 3534 inest
768 3493 1049 3548 subsequenti

181 3553 361 3595 orditur.
464 3566 597 3606 neque
628 3554 797 3593 senatui
827 3552 926 3606 quid
955 3565 1052 3593 ma-

180 3624 311 3652 nere:
349 3611 472 3653 locus
505 3623 591 3651 non
625 3617 691 3652 est
720 3617 945 3664 corruptus
975 3610 1052 3652 sed

181 3669 384 3724 mutilus;
409 3669 572 3713 excidit
597 3671 810 3713 sermonis
837 3670 1052 3724 particula

268 3765 418 3802 Tacitus
447 3767 493 3802 11.

1132 3023 1246 3064 dere.
1293 3022 1574 3064 Emendando
1590 3022 1701 3063 nihil
1723 3023 2000 3076 proficietur3

1132 3081 1411 3123 Heinischius
1443 3083 1626 3123 tentavit
1657 3095 1790 3134 neque
1821 3096 1909 3123 esse
1930 3085 2004 3123 in.-

1132 3148 1289 3182 tactum
1307 3140 1416 3194 quod
1434 3147 1640 3191 maneret,
1666 3139 2004 3196 Bezzenberger

1131 3212 1265 3253 neque
1298 3214 1319 3239 e
1350 3206 1501 3240 senatu
1533 3198 1631 3252 quid
1661 3211 1850 3251 manere,
1888 3199 2004 3253 quod

1133 3260 1442 3310 interpretatur
1472 3257 1596 3298 ‘nihil
1613 3257 1664 3298 ab
1688 3265 1840 3298 senatu
1870 3272 2003 3313 expe-

1135 3317 1247 3358 ctari
1272 3315 1423 3372 posse?

1219 3375 1322 3429 Gap.
1346 3376 1416 3418 52.
1463 3375 1546 3416 Gai
1567 3374 1729 3416 Cassii:
1763 3375 1819 3416 cf.
1854 3380 2000 3415 annot.

1136 3434 1188 3475 ad
1243 3433 1314 3475 &ll
1368 3435 1432 3475 11.
1573 3440 1763 3488 prompte
1811 3433 2002 3475 daturis:

1136 3492 1399 3548 intelligitur
1432 3505 1486 3533 ex
1528 3493 1734 3545 proximis
1765 3493 2000 3546 imperium.

1135 3551 1260 3605 Apud
1283 3551 1567 3592 Puteolanum
1601 3564 1787 3606 operam,
1821 3557 1868 3590 ut
1889 3552 1931 3591 in
1954 3548 2002 3603 G,

1138 3616 1302 3652 temere
1335 3609 1582 3664 suppletum
1617 3616 1683 3651 est
1713 3616 1756 3650 et
1777 3615 2003 3663 acceptum

1137 3669 1189 3711 ab
1222 3668 1415 3722 Orelli03
1458 3681 1602 3724 neque
1649 3681 1758 3723 opus
1791 3674 1856 3711 est
1886 3668 2004 3712 Bez-

1641 3750 1703 3802 19
