2222 4022
931 280 1078 325 GArvr
1108 280 1298 327 25-26.
1812 273 2027 322 xxxvu·

185 426 269 475 aut
311 422 569 491 cognovit.
647 422 784 475 Unus
817 421 901 474 ille
941 420 1032 472 fuit
1066 420 1382 485 Ruodolqu,
1455 419 1694 472 coenobii
1746 418 2015 472 Fuldensis

184 514 449 581 presbyter
482 519 534 565 et
568 513 847 564 monachus
883 512 1057 564 seculo
1094 526 1264 576 non0,
1322 512 1403 562 vir
1457 511 1541 562 illa
1593 516 1758 562 aetate
1787 511 2018 579 'egregie

184 605 380 670 doctuS,
405 605 488 670 qui
503 603 772 655 Annalium
788 603 1107 655 Fuldensium
1137 620 1164 654 a
1201 603 1426 669 pluribus
1450 602 1741 654 auctoribus
1782 603 2018 654 conscri-

182 700 377 762 ptorum
423 700 615 760 partem
666 696 812 746 annis
860 695 1165 748 838-863
1214 694 1515 746 destinatam
1569 693 1793 745 confecit
1847 698 1896 744 et
1951 693 2016 745 ad

182 800 364 838 annum
414 785 518 837 852
567 785 695 837 haec
732 786 936 851 scripsit
984 790 1059 847 (v.
1114 785 1296 836 Pertzii
1344 785 1665 836 Monumenta
1715 782 2016 835 Germaniae

181 875 423 927 historica
462 876 562 927 vol.
600 877 620 928 I
655 891 701 942 p.
739 876 896 941 368);
939 876 1089 943 iqitur
1125 875 1178 925 in
1211 875 1321 926 loco
1361 875 1449 941 qui
1489 875 1779 941 appellatur
1809 873 2017 926 Mimida

183 967 456 1034 (Minden)‚
492 983 650 1033 super
683 983 893 1030 amnem,
932 984 1077 1034 quem
1110 968 1376 1019 Cornelius
1419 967 1638 1031 Tacitus,
1670 966 1894 1032 scriptor
1928 982 2015 1018 re-

181 1076 294 1121 rum
330 1076 364 1112 a
391 1059 631 1111 Romanis
669 1059 721 1108 in
759 1073 821 1109 ea
856 1064 999 1124 pente
1029 1063 1303 1124 qestarum‚
1338 1057 1599 1124 Visuryim,
1636 1057 1863 1108 moderni
1892 1071 2015 1107 vero

193 1158 464 1210 Wisaraha
500 1161 706 1221 vocant,
750 1155 919 1207 habito
961 1155 1190 1222 yenerali
1233 1160 1480 1206 conventu
1524 1160 1619 1207 cet.
1692 1155 1832 1206 Haec
1870 1155 2012 1207 Ruo-

182 1250 348 1302 dolsus
399 1264 503 1300 non
539 1249 636 1301 nisi
678 1265 742 1301 ex
779 1249 910 1300 libro
950 1248 1112 1314 primo
1163 1248 1492 1313 secundoque
1536 1246 1806 1298 Annalium
1857 1246 2015 1297 Taciti

179 1341 466 1393 resciscere
501 1340 676 1407 potuit.
750 1340 823 1391 Ibi
862 1340 993 1390 enim
1031 1341 1370 1391 Romanorum
1410 1339 1474 1390 ad
1511 1338 1766 1406 Visurgim
1803 1338 2018 1404 expedi-

179 1433 344 1484 tiones
383 1433 623 1496 narravit,
656 1432 707 1482 in
731 1432 915 1483 ceteris
951 1431 1094 1482 libris
1134 1431 1259 1482 nihil
1298 1431 1362 1482 de
1399 1430 1478 1481 his
1517 1430 1672 1481 rebus
1712 1429 1918 1494 rettulit,
1954 1445 2015 1480 ac

180 1539 246 1576 ne
283 1524 514 1591 Visurgis
558 1523 758 1590 quidem
796 1538 980 1574 nomen
1017 1522 1200 1588 posuit.
1275 1521 1374 1574 Sed
1431 1520 1713 1573 Ruodolfus
1767 1520 1853 1571 ille
1902 1534 2014 1570 cum

181 1615 259 1667 sui
297 1615 538 1682 temporis
577 1630 661 1666 res
702 1614 1066 1680 conscripserit
1107 1618 1157 1664 et
1191 1614 1317 1664 VIII.
1358 1613 1471 1664 idus
1510 1613 1716 1664 Martias
1754 1612 1872 1663 anni
1910 1611 2012 1664 865

182 1710 406 1757 mortuus
441 1706 522 1771 sit,
565 1705 723 1757 altera
759 1705 919 1756 seculi
956 1709 1071 1771 post
1109 1703 1358 1755 Christum
1395 1703 1517 1754 noni
1553 1707 1696 1768 parte
1736 1702 1789 1752 in
1831 1717 2014 1753 mona-

184 1798 340 1849 sterio
369 1797 605 1849 Fuldensi
643 1796 874 1848 codicem
905 1795 1101 1861 prioris
1129 1793 1398 1845 Annalium
1417 1794 1587 1860 partis
1626 1793 1852 1846 adfuisse
1892 1794 2011 1846 inde

184 1889 473 1941 edocemur.
531 1889 578 1939 Is
622 1893 787 1939 autem
823 1892 928 1938 toto
964 1892 1213 1939 terrarum
1252 1887 1378 1938 orbe
1414 1901 1543 1939 unus
1580 1886 1745 1938 adhuc
1779 1886 2012 1954 cognitus

184 1986 276 2046 est,
318 1996 382 2032 ex
419 1979 728 2031 monasterio
764 1978 1069 2043 Corbeiensi,
1105 1983 1160 2029 ut
1198 1978 1353 2045 vulgo
1393 1979 1569 2043 fertur,
1594 1979 1803 2031 Romam
1844 1983 2017 2029 trans-

183 2071 330 2135 latus,
370 2086 486 2122 mox
520 2070 825 2122 Florentiam
866 2070 1141 2136 profectus.
1218 2069 1313 2130 Qui
1356 2084 1652 2135 quamquam
1691 2084 1718 2119 a
1763 2068 2013 2119 Bandinio

184 2162 358 2214 seculo
397 2161 687 2225 undecimO,
728 2177 755 2212 a
793 2165 969 2212 nostro
1006 2162 1360 2213 Maassmanno
1403 2160 1613 2225 (Annal.
1659 2159 1780 2211 artis
1819 2159 1929 2211 crit.
1966 2175 2011 2210 a.

186 2252 315 2305 1841
352 2257 385 2302 t.
429 2253 472 2303 II
508 2268 556 2302 n.
599 2251 694 2318 89)
733 2251 931 2302 decimo
968 2251 1249 2318 delegatur,
1286 2252 1429 2303 testis
1466 2256 1635 2302 tamen
1672 2255 1788 2303 ante
1818 2251 2013 2317 produ-

182 2348 290 2396 ctus
326 2343 541 2395 eundem
574 2357 710 2394 nono
747 2342 913 2408 potius
939 2341 1236 2407 vindicabit,
1280 2357 1343 2393 eo
1379 2343 1542 2410 magis
1569 2342 1704 2409 quod
1734 2343 1867 2394 inter
1890 2342 2011 2394 noni

182 2439 232 2486 et
270 2434 451 2486 decimi
491 2433 846 2500 undecimique
883 2433 1043 2486 seculi
1083 2434 1292 2485 codices
1330 2434 1537 2485 Latinos
1574 2433 1710 2485 nullo
1749 2439 1888 2485 certo
1931 2433 2014 2483 iu-

182 2525 316 2577 dicio
355 2526 708 2593 distinguitur,
765 2530 819 2575 ut
866 2529 1079 2576 testatur
1125 2524 1419 2576 BandiniuS.
1494 2525 1603 2576 Hoc
1641 2526 1775 2576 enim
1820 2525 2010 2576 rectius

181 2621 230 2669 et
264 2617 540 2683 simplicius
578 2616 856 2668 existimari
893 2616 1123 2681 videtur,
1181 2616 1412 2668 codicem
1456 2617 1738 2669 Mediceum
1788 2616 2010 2683 priorem

178 2707 339 2774 ipsum
377 2707 535 2759 fuisse
570 2706 871 2759 Fuldensem
905 2706 1071 2772 illum,
1120 2722 1266 2773 quam
1310 2723 1374 2759 ex
1408 2707 1647 2759 Fuldensi
1703 2707 2010 2773 descriptum

183 2861 544 2914 Sarisberiensis,
591 2873 850 2917 quamquam
894 2873 1051 2903 nomen

182 2921 276 2962 eius
309 2932 395 2961 non
428 2920 683 2976 ignorabat,
731 2926 775 2961 ut
821 2920 1055 2962 ostendunt

181 2979 316 3021 verba
333 2980 377 3020 in
396 2979 658 3022 Policratico
679 2981 838 3034 scripta
851 2979 950 3021 Vlll
974 2980 1053 3027 18:

182 3052 289 3094 quae
330 3039 368 3080 si
411 3040 502 3094 quis
550 3040 793 3095 diligentius
836 3040 1056 3081 recenseri

181 3098 388 3150 voluerit,
449 3098 563 3154 leyat
626 3113 678 3140 ea
731 3113 838 3153 quae
897 3099 1054 3154 Trogus

182 3158 416 3214 Pompeius,
437 3158 653 3214 Iosephus,
671 3158 711 3201 E
714 3159 924 3215 gesippus,
941 3159 1054 3200 Sue-

182 3218 346 3268 tonius,
379 3217 428 3269 Q.
465 3218 661 3269 Curtius,
708 3218 933 3260 Cornelius
970 3217 1054 3258 Ta-

186 3277 309 3326 citus,
349 3275 389 3317 T.
427 3275 585 3328 Livius,
616 3278 804 3319 Serenus
838 3284 877 3318 et
913 3276 1053 3318 Tran-

185 3334 359 3390 quillus,
405 3341 444 3375 et
474 3335 554 3376 alii
583 3336 778 3377 historici
809 3350 910 3390 quos
941 3350 1050 3377 enu-

183 3407 352 3434 merare
395 3393 565 3449 lonqum
604 3402 687 3446 est,
730 3396 815 3436 suis
858 3409 1053 3450 compre-

184 3452 422 3494 henderunt
454 3453 656 3495 historiis.
719 3452 854 3494 Taciti
895 3465 1053 3493 nomen

187 3525 242 3554 ex
277 3511 431 3554 Orosio
467 3513 665 3566 accepit:
699 3513 860 3565 scripta
895 3512 935 3552 ei
967 3524 1053 3552 non

187 3577 407 3624 comperta
455 3571 591 3613 fuisse
643 3571 745 3613 hinc
787 3572 1052 3626 agnoscitur,

189 3629 308 3686 quod
338 3630 383 3673 in
416 3630 469 3674 iis
501 3642 614 3688 quae
645 3629 698 3673 de
731 3629 935 3674 Romanis
970 3630 1054 3672 im-

1138 2860 1413 2916 peratoribus
1446 2860 1636 2914 tradidit,
1669 2861 1843 2902 nonnisi
1866 2859 2010 2904 Orosii

1139 2927 1183 2962 et
1217 2921 1415 2963 Suetonii
1447 2922 1638 2978 vestigia
1669 2920 2011 2976 deprehendun-

1138 2986 1220 3022 tur.
1282 2980 1402 3037 Lege
1445 2981 1540 3024 VIII
1587 2981 1664 3024 18:
1711 2981 1780 3036 (de
1825 2980 2010 3021 moribus

1141 3040 1189 3081 G.
1244 3039 1468 3096 Caliyulae
1515 3047 1554 3082 et
1607 3040 1794 3082 Neronis
1846 3041 2010 3095 nepotis

1139 3099 1227 3141 eius
1258 3106 1296 3141 et
1328 3102 1444 3142 exitu
1483 3100 1720 3155 utriusque)
1764 3105 1807 3141 et
1851 3098 1904 3141 19
1940 3099 2010 3154 (de

1138 3165 1273 3200 morte
1323 3159 1427 3202 Iulii
1478 3159 1682 3202 Caesaris
1740 3165 1780 3200 et
1825 3157 2010 3199 aliorum

1138 3218 1359 3272 yentilium
1409 3220 1727 3274 tyrannorum),
1770 3215 1807 3257 11
1845 3217 1898 3259 10
1941 3217 2010 3273 (de

1150 3277 1407 3333 Vespasiano
1440 3280 1511 3333 qui-
1537 3277 1735 3319 claudum
1767 3282 1805 3316 et
1836 3288 2011 3318 caecum

1140 3350 1313 3377 curasse
1345 3338 1535 3393 legitur).
1599 3335 1664 3378 De
1699 3334 1767 3378 his
1808 3333 2008 3376 omnibus

1139 3396 1276 3451 magis
1295 3395 1593 3437 memorabilia
1609 3394 1781 3436 Tacitus
1800 3395 2007 3447 narravit,

1139 3453 1215 3494 sed
1245 3453 1353 3495 nihil
1393 3468 1445 3496 ex
1479 3454 1546 3495 bis
1581 3467 1691 3509 quae
1723 3452 1871 3496 Tacito
1904 3465 2009 3508 pro-

1139 3513 1232 3565 pria
1265 3520 1380 3566 sunt,
1414 3512 1467 3556 ad
1487 3513 1682 3556 notitiam
1710 3513 1884 3557 loannis
1905 3525 2009 3568 per-

1142 3570 1276 3614 venit.
