2280 4004
999 297 1001 299 ’
1058 246 1362 331 ANNALIVM
1870 300 1910 331 a.
1942 298 1993 337 R
2018 287 2134 335 815«

299 292 388 337 mo

298 435 516 503 petenda
542 430 785 485 Armenia
823 434 873 482 et
906 427 1149 480 firmanda
1169 442 1296 494 pace
1329 428 1621 495 respondet.
1692 428 1939 481 Monesen
1976 429 2132 483 emit-

298 532 408 579 tere
442 526 809 591 Tigranocerta
846 520 984 572 iubet
1003 537 1017 584 3
1056 520 1165 586 ipse
1198 524 1337 572 retro
1374 521 1627 573 concedit.
1701 521 1841 573 Haec
1871 520 2047 588 plum
2075 525 2181 577 ulffi

300 615 572 669 formidine
627 613 769 681 regis
827 616 875 664 et
923 611 1227 663 Corbulonis
1283 611 1432 663 minis
1488 616 1682 678 patrata
1739 627 1802 664 ac
1836 611 2140 681 'magnifica

301 705 626 758 extollebant.
699 703 810 756 Alii
830 703 1031 755 occulte
1057 703 1317 772 pepigisse
1347 703 1824 770 interpretabantur,
1849 709 1905 756 ut
1940 703 2137 758 omiSso‘

263 799 550 866 sutrimque
587 797 722 850 bello
762 802 810 850 et
849 796 1066 848 abeunte
1101 777 1360 863 Vologese
1380 796 1626 863 Tigranes
1664 811 1864 864 quoque
1889 796 2135 849 Armenia

302 890 622 943 abscederet.
721 889 822 940 Cur
871 887 1005 939 enim
1058 887 1334 939 exercitum
1371 887 1650 939 Romanum
1684 904 1714 940 a
1752 887 2138 956 Tigranocertis

303 982 616 1035 deductum?
715 980 816 1031 Cur
854 980 1057 1031 deserta
1093 994 1185 1045 per
1224 979 1380 1029 otium
1417 993 1546 1045 quae
1583 979 1720 1031 bello
1754 979 2092 1032 defenderant
2106 979 2138 1031 2.

299 1073 384 1125 An
416 1072 595 1124 melius
632 1071 986 1123 hibernavisse
1022 1071 1075 1121 in
1107 1075 1331 1122 extrema
1357 1071 1696 1138 Cappadocia,
1735 1071 1923 1139 raptim
1949 1071 2138 1126 erectis

301 1164 544 1232 tuguriis,
592 1178 740 1230 quam
777 1163 829 1213 in
877 1162 1002 1214 sede
1040 1161 1188 1229 regni
1242 1161 1395 1213 modo
1433 1163 1654 1215 retenti?
1724 1163 1889 1216 Dilata
1923 1175 2136 1231 prorsus

240 1268 474 1321 marma,
526 1260 580 1306 ut
617 1255 902 1322 Vologeses
943 1269 1055 1305 cum
1093 1254 1195 1305 alio
1234 1268 1380 1320 quam
1418 1270 1530 1306 cum
1570 1255 1863 1308 Corbulone
1898 1261 2134 1323 certaret,

303 1346 524 1399 Corbulo
565 1346 777 1398 meritae
827 1350 902 1397 tot
955 1360 1048 1411 per
1081 1359 1243 1396 annos
1285 1345 1484 1413 gloriae
1534 1361 1639 1397 non
1667 1346 1806 1398 ultra
1854 1346 2136 1413 perieulum

300 1439 511 1490 faceret.
585 1438 727 1502 Nam,
769 1441 823 1487 ut
860 1436 1046 1501 rettuli,
1085 1436 1344 1502 proprium
1385 1436 1564 1488 ducem
1601 1437 1822 1489 tuendae
1857 1437 2136 1493 Armeniae

298 1533 623 1596 poposcerat,
663 1533 712 1579 et
748 1527 1026 1579 adventare
1055 1518 1368 1580 Caesennius
1402 1528 1579 1580 Paetus
1616 1528 1966 1581 audiebatur.¹
2003 1530 2139 1583 Iam-

302 1635 399 1687 que
433 1620 626 1684 aderat,
668 1619 831 1686 copiis
867 1619 935 1671 ita
966 1619 1144 1671 divisis
1182 1625 1235 1671 ut
1265 1625 1440 1686 quarta
1481 1625 1530 1672 et
1558 1620 1862 1674 duodecima
1897 1621 2132 1689 legiones

240 1712 474 1764 :saddita
517 1712 714 1778 quinta,
760 1726 889 1777 quae
927 1726 1111 1763 recens
1151 1727 1179 1763 e
1217 1712 1406 1764 Moesis
1448 1712 1614 1764 excita
1654 1717 1780 1778 erat,
1819 1713 2138 1788 simnl3Pon-

299 1803 402 1855 tica
453 1808 504 1855 et
538 1802 828 1855 Galatarum
867 1803 1325 1870 Cappadocumque
1376 1804 1563 1855 auxilia
1616 1804 1767 1856 Paeto
1816 1805 2137 1870 oboedirent,

300 1895 448 1947 teriia
486 1899 536 1946 et
571 1900 714 1947 sexta
751 1899 800 1945 et
842 1894 1054 1947 decuma
1079 1895 1312 1963 legiones
1335 1896 1579 1963 priorque
1606 1896 1785 1964 Syriae
1825 1897 1968 1949 miles
2004 1896 2136 1964 apud

303 1986 643 2039 Corbulonem
683 1991 979 2051 manerent3
1035 1992 1206 2039 ceter-a
1256 2003 1321 2040 ex
1374 2004 1542 2040 rerum
1582 2003 1678 2040 usu
1716 1989 1977 2042 sociarent
2013 2003 2136 2057 par-

302 2078 600 2131 tirenturve.
684 2078 785 2131 Sed
835 2093 1003 2146 neque
1054 2079 1276 2132 Corbulo
1329 2079 1513 2132 aemuli
1557 2080 1786 2148 patienS,
1845 2085 1895 2133 et
1938 2081 2134 2148 PaetuS‚

425 2271 464 2312 1.
502 2271 694 2313 omittere
727 2270 844 2325 Gala,
877 2272 1072 2314 amittere
1105 2270 1152 2313 C.

304 2336 439 2372 certa.
532 2330 611 2372 hec
641 2330 722 2373 Ma.
813 2335 856 2375 4.
886 2332 1244 2387 inter-fitabantur
1275 2329 1355 2373 Ma.

303 2389 346 2432 6.
381 2390 596 2432 exercitiis
629 2390 707 2433 Ma.
809 2398 917 2448 tyqr.
952 2390 1032 2434 Ma.

302 2462 366 2502 re,
398 2448 478 2492 Ma.
606 2452 674 2495 12.
707 2450 837 2493 retuli
867 2449 948 2493 Ma.

305 2507 526 2551 obedirent
558 2509 605 2552 G.

415 2667 520 2723 Cap.
551 2669 597 2712 6.
684 2672 948 2714 Caesennius
996 2673 1179 2715 Paetus:

304 2729 548 2782 imperante
590 2728 860 2783 Vespasiano
901 2733 1057 2774 iterum
1095 2733 1181 2787 Sy-

304 2789 396 2829 riae
429 2789 704 2842 praepositus
737 2797 817 2844 est,
852 2791 905 2833 de
939 2803 1026 2847 quo
1054 2791 1180 2834 Iose-

304 2846 418 2902 phus
439 2847 489 2890 Β.
518 2847 610 2890 lud.
640 2849 718 2890 vn
753 2851 777 2893 7
812 2853 857 2903 δ.
884 2853 1010 2894 1-3.
1045 2851 1180 2894 Prae-

305 2917 466 2947 nomen
501 2908 595 2949 eius
630 2908 808 2951 Lucium
844 2912 966 2963 ponit
993 2910 1077 2952 Dio
1110 2925 1178 2965 ap.

305 2965 473 3018 xiphil.
516 2966 627 3008 LXII
670 2969 741 3011 20.
805 2969 930 3011 Alius
963 2977 1029 3011 cst
1065 2972 1180 3012 Cae-

308 3026 453 3066 senius
493 3025 647 3067 Paetus
701 3028 853 3069 consul
902 3030 1023 3083 (xlv
1072 3031 1179 3088 29):

312 3082 584 3127 Caesennius
619 3086 663 3126 in
694 3087 889 3129 suffectis
919 3089 1077 3132 fuerat.

410 3173 615 3228 priorque
656 3174 810 3229 Syriae
854 3176 999 3218 miles:
1050 3176 1094 3219 h.
1140 3191 1178 3220 e.

312 3243 512 3286 quaeque
554 3234 674 3286 prius
718 3234 873 3277 militia
912 3238 1176 3293 (sociorum)

309 3296 483 3343 praeter
504 3291 705 3348 legiones
727 3300 827 3336 ante
859 3298 1101 3337 nominatas
1135 3298 1177 3336 in

310 3349 434 3402 Syria
468 3351 636 3404 suerat3
681 3354 735 3395 cf.
773 3368 809 3395 c.
845 3355 871 3397 9
905 3362 946 3397 et
983 3359 1031 3398 11
1068 3362 1176 3398 extr.

428 3441 497 3481 cm·
538 3443 643 3482 satis
683 3442 740 3482 ad
777 3443 962 3497 {storiam
1010 3451 1102 3485 erat
1144 3445 1180 3485 si

303 3499 526 3553 proximus
549 3500 805 3542 haberetur:
843 3505 957 3544 inest
990 3504 1056 3545 his
1078 3516 1181 3545 ver-

312 3556 379 3597 bis
413 3559 549 3611 ipsius
571 3560 795 3614 scriptoris
822 3563 1055 3606 iudicium:
1089 3571 1183 3604 erat

314 3615 429 3657 idem
462 3618 574 3672 quod
611 3615 664 3672 ἢν
702 3619 776 3666 ἄν.
842 3621 970 3666 Conf.
1006 3634 1099 3677 cap.
1133 3624 1185 3666 10

308 3684 391 3727 qua
423 3700 478 3707 —
505 3683 689 3732 poterat.

1073 2450 1139 2494 16.
1173 2451 1547 2507 cappadacumque
1580 2449 1659 2494 illa.

703 2511 771 2553 17.
803 2513 948 2566 syriae
979 2509 1060 2564 Ma,
1097 2522 1183 2551 non
1216 2512 1389 2555 Suriae.

1276 2273 1317 2315 2.
1355 2278 1702 2328 tyqranocertam
1732 2269 1829 2314 Ma:
1863 2270 1898 2314 G
1929 2278 2138 2328 tygrane-

1450 2332 1491 2374 5.
1524 2333 1722 2387 utrinque
1749 2331 1819 2374 Or.
1913 2338 2022 2388 lyqr.
2055 2330 2135 2375 Ma.

1135 2391 1177 2434 9.
1213 2391 1422 2444 con-tenti,
1466 2404 1684 2446 superscr.
1727 2391 1782 2435 ab
1825 2391 1977 2434 eadem
2009 2404 2138 2434 manu

1779 2450 2026 2494 oboedirent
2055 2449 2137 2506 Ma,

1378 2670 1482 2727 Cap.
1517 2673 1558 2715 7.
1640 2672 1898 2715 memoravi.-
1941 2684 1985 2714 v.
2034 2685 2072 2714 c.
2110 2673 2138 2716 5

1266 2736 1375 2775 extr.
1410 2731 1708 2774 Funisulanus
1749 2731 2050 2778 Vettonianus.-
2084 2731 2138 2774 de

1266 2791 1350 2834 hoc
1412 2791 1601 2845 amplum
1663 2791 1836 2833 titulum
1897 2791 2140 2846 publicavit

1264 2850 1513 2904 Broterius,
1558 2850 1688 2905 paulo
1721 2857 1823 2893 ante
1859 2851 2049 2904 Romae,
2090 2856 2137 2892 ut

1266 2911 1387 2963 dicit,
1413 2917 1648 2965 repertum,
1681 2910 1759 2953 sed
1791 2910 2036 2952 obnoxium
2058 2923 2138 2952 su-

1266 2971 1480 3024 spicioni,
1516 2971 1557 3011 id
1591 2970 1706 3025 quod
1739 2969 1935 3012 modeste
1970 2971 2138 3012 monuit

1269 3029 1473 3071 Orellius.
1563 3029 1765 3072 Calavius
1783 3030 1994 3072 Sabinas.-
2019 3030 2134 3085 quod

1266 3089 1466 3131 Baiterus
1499 3090 1692 3131 coniecit
1722 3089 1773 3131 C.
1800 3087 1973 3131 Flavius
2004 3089 2135 3131 Sabi-

1266 3163 1375 3201 nus,
1409 3149 1453 3190 id
1485 3148 1695 3190 adversus
1726 3148 1860 3191 Taciti
1893 3160 2018 3190 usum
2050 3161 2136 3203 pu-

1267 3214 1385 3263 gnat,
1418 3209 1660 3263 expositum
1694 3221 1717 3250 a
1749 3221 1819 3250 me
1849 3208 1902 3250 ad
1933 3206 2032 3249 xm
2059 3207 2133 3251 30.

1267 3266 1432 3309 Calavii
1468 3274 1555 3309 tres
1592 3273 1884 3309 memorantur
1917 3268 1962 3309 in
1995 3265 2134 3308 titulis

1266 3341 1287 3367 a
1308 3327 1539 3368 llluralorio
1563 3327 1706 3379 editis,
1726 3332 1932 3369 monente
1951 3324 2130 3368 Orellio.

1265 3386 1390 3439 Apud
1423 3388 1592 3429 Livium
1621 3387 1752 3429 XXlll
1782 3389 1809 3429 2
1839 3392 1904 3428 est
1925 3385 2132 3427 Pacuvius

1268 3446 1471 3488 Calavius
1504 3452 1547 3487 et
1567 3446 1702 3487 XXVI
1727 3447 1781 3489 27
1818 3446 2132 3501 Campanorum

1269 3506 1546 3547 Calaviorum
1578 3521 1736 3548 servus.

1358 3579 1485 3620 equus
1517 3566 1588 3620 qni
1619 3591 1674 3598 —-
1707 3565 1866 3606 evasit:
1899 3562 2017 3604 aliud
2050 3575 2131 3605 au-

1270 3628 1441 3680 gurium
1475 3637 1587 3679 equo
1619 3624 1850 3666 indicatum
1883 3627 1950 3664 est
1974 3621 2131 3665 Crasso

1271 3686 1314 3725 in
1350 3685 1532 3726 transitu
1550 3682 1796 3738 Euphratis,
1830 3680 1884 3723 de
1916 3692 2002 3738 qno
2023 3681 2130 3726 Plu..
