2280 4004
275 302 367 347 1⁵78
1051 298 1350 348 amntvn
1840 318 1895 351 as
1909 298 1960 352 ἰ.
1987 300 2095 355 8123

273 447 398 500 Nam
434 444 664 514 pluribus
693 444 1033 510 sermonibUS,
1073 445 1228 498 modo
1265 445 1605 502 familiaritate
1640 446 1850 500 iuvenili
1876 447 2015 502 Nero
2053 452 2105 502 et

271 551 449 590 rursus
487 536 772 602 adductuS,
811 536 956 603 quasi
993 536 1130 589 ser-ia
1174 537 1524 605 consociaret,
1583 543 1746 592 tracto
1791 539 1845 590 in
1894 539 2102 608 longum

273 627 526 693 convictu,
564 627 891 695 prosequitur
925 627 1225 694 abeuntem,
1266 628 1425 680 artius
1459 629 1622 682 oculis
1659 634 1710 682 et
1741 633 1938 697 pectori
1973 631 2104 684 hae-

268 733 418 784 renS,
457 718 568 771 sive
607 719 856 786 explenda
894 711 1249 785 simulatione,
1290 734 1382 772 seu
1415 721 1674 787 periturae
1707 721 1884 774 matris
1919 735 2103 790 supre-

228 823 379 865 zmus
419 816 655 879 aspectus
696 812 924 879 quamvis
963 812 1124 864 serum
1166 812 1385 865 animum
1423 813 1690 866 retinebat.
1774 815 1989 868 Noctem
2025 815 2151 868 sii-5

269 904 478 957 deribus
504 904 765 957 inlustrem
793 909 843 956 et
870 904 1075 971 placido
1103 905 1230 957 mari
1258 905 1494 972 quietam,
1523 906 1666 972 quasi
1694 906 2099 960 convincendum

266 996 333 1048 ad
373 996 569 1062 scelus,
630 996 680 1048 di
717 996 1016 1063 praebuere.
1090 997 1197 1049 Nec
1233 997 1438 1049 multum
1474 1001 1585 1050 erat
1617 1012 1896 1066 progressa
1934 998 2098 1065 navi-S,

269 1087 466 1140 duobus
523 1104 552 1140 e
599 1103 812 1141 numero
851 1088 1175 1140 familiarium
1209 1088 1541 1157 Agrippinam
1593 1089 1983 1156 comitantibus,
2035 1105 2101 1143 ex

268 1179 380 1246 quis
438 1180 743 1247 Crepereius
793 1180 964 1232 Gallus
1030 1180 1164 1232 haud
1222 1180 1401 1247 procul
1463 1180 1829 1248 gubernaculis
1883 1181 2097 1247 astabat,

200 1282 253 1319 so
267 1269 555 1322 Acerronia
592 1286 746 1338 super
782 1271 940 1338 pedes
980 1271 1251 1322 cubitantis
1285 1270 1493 1323 reclinis
1527 1271 1887 1338 paenitentiam
1926 1271 2015 1324 filii
2049 1275 2100 1324 et

264 1367 614 1428 recuperatam
671 1362 846 1415 matris
893 1361 1110 1430 gratiam
1157 1376 1251 1429 per
1298 1361 1538 1430 gaudium
1586 1362 1928 1428 memorabat,
1985 1375 2098 1414 eum

267 1453 386 1504 dato
417 1453 569 1521 signo
603 1469 757 1506 ruere
784 1458 971 1506 tectum
999 1453 1101 1505 loci
1131 1452 1286 1504 mult-o
1325 1453 1529 1520 plumbo
1561 1468 1749 1521 grave3
1784 1466 2096 1521 pressusque

265 1542 566 1609 Crepereius
605 1549 656 1596 et
691 1545 859 1596 statim
891 1545 1211 1597 exanimatus
1245 1549 1338 1597 est.
1413 1543 1695 1613 Agrippina
1737 1550 1789 1598 et
1811 1544 2100 1598 Acerronia

264 1635 600 1688 eminentibus
658 1636 777 1689 lecti
823 1637 1129 1703 parietibUS,
1192 1652 1254 1688 ac
1302 1637 1435 1689 forte
1487 1636 1824 1689 validioribus
1862 1629 2010 1704 quam
2045 1642 2101 1689 ut

195 1736 247 1779 υ
265 1728 410 1779 oneri
449 1728 708 1794 cederent,
744 1733 1010 1795 protectae
1039 1733 1170 1781 sunt.
1244 1729 1351 1781 Nec
1389 1728 1654 1780 dissolutio
1683 1728 1881 1797 navigii·
1909 1742 2100 1796 seque—

262 1818 442 1884 batur,
483 1819 697 1871 turbatis
738 1819 999 1885 omnibUS,
1058 1824 1108 1871 et
1143 1818 1279 1885 quod
1312 1818 1542 1890 plerique
1579 1819 1747 1886 ignari
1781 1819 1931 1871 etiam
1969 1833 2099 1871 con-

263 1909 403 1962 scios
459 1909 818 1978 impediebant.
893 1910 1067 1962 Visum
1121 1909 1306 1961 dehinc
1362 1909 1641 1978 remigibus
1679 1925 1834 1963 unum
1867 1909 1921 1965 in
1964 1909 2096 1967 latus

2275 1690 2280 1757 εἰ

381 2065 423 2108 2.
457 2063 604 2106 malim
635 2065 874 2108 adductius.
1803 2060 1986 2121 suff-tus
2012 2061 2094 2109 Ψ.

267 2123 308 2165 5.
342 2123 562 2178 syderibus
596 2122 678 2167 Ma.
741 2124 783 2167 6.
802 2124 865 2167 ill.
890 2123 961 2167 Or.
995 2123 1109 2166 idem
1148 2125 1188 2167 7.
1223 2125 1297 2167 dii.
1366 2124 1434 2167 10.
1469 2124 1752 2180 penitentiam
1773 2122 1854 2166 MK
1920 2125 1989 2166 1=1.
2020 2137 2097 2171 n-

263 2190 514 2239 cuperatam
543 2182 624 2237 Ma,
660 2196 747 2224 non
777 2185 1082 2240 reciperatam.
1178 2183 1247 2227 14.
1281 2182 1381 2225 lecti
1410 2183 1479 2226 Ma
1509 2190 1616 2241 (non
1646 2184 1779 2242 tecti).
1871 2196 1999 2240 quam
2026 2185 2093 2242 ut]

264 2243 418 2296 quouis
450 2240 516 2284 Ma
550 2256 646 2284 cum
681 2245 866 2285 ceteris:
901 2243 1154 2286 emendavit
1184 2243 1392 2286 Pichena.
1490 2245 1558 2286 15.
1592 2242 1746 2285 honen·
1777 2241 1858 2286 MR.
1943 2249 2096 2304 prote-

262 2308 330 2343 cte
361 2300 442 2344 Ma.
537 2302 606 2346 16.
641 2304 810 2345 consios
841 2301 922 2346 Ma.

981 2064 1026 2108 4.
1055 2071 1236 2120 poturae
1267 2062 1360 2108 Ma:
1399 2063 1434 2106 G
1456 2064 1694 2121 periturae.

262 2443 374 2486 falso
426 2443 587 2486 Baulos
643 2446 871 2500 praebent.
936 2445 1041 2488 Nam
1101 2447 1137 2488 si

260 2502 412 2545 Baulis
458 2503 615 2558 epulae
657 2511 834 2559 paratae
868 2511 1040 2558 essent,
1083 2506 1136 2547 ab

260 2564 356 2616 ipsa
386 2563 631 2619 Agrippina
679 2566 725 2605 in
761 2578 838 2606 sua
870 2565 978 2606 villa
1011 2565 1136 2606 datae

261 2621 431 2662 forent:
472 2621 550 2663 sed
594 2625 854 2664 contrarium
904 2637 958 2665 ex
1000 2623 1135 2666 Taciti

260 2679 409 2722 verbis
443 2687 487 2722 et
520 2694 574 2722 ex
607 2681 818 2724 Suetonio
853 2682 1005 2737 liquet.

363 2753 466 2781 nam
514 2739 709 2796 pluribus
759 2742 1023 2783 sermonibus
1077 2766 1133 2773 --

260 2804 402 2841 tracto
431 2799 478 2839 in
510 2798 682 2856 longum
715 2802 938 2843 convictu:
989 2800 1057 2842 his
1090 2806 1135 2842 et

259 2871 371 2913 quae
388 2864 631 2914 sequuntur
650 2862 924 2916 prosequitur
949 2885 1005 2893 -
1022 2859 1131 2902 hae-

258 2931 359 2958 rens
390 2924 589 2959 narrator
618 2919 728 2961 illud
759 2934 884 2962 suum
915 2920 976 2962 ibi
1003 2919 1132 2962 blau-

261 2977 492 3019 elimentum
528 2979 761 3021 sublevavit
797 2987 951 3022 metum
987 2979 1132 3035 expli-

260 3037 376 3090 cuit,
425 3042 472 3077 ut
524 3038 740 3092 particula
787 3053 890 3080 nam
943 3050 1031 3080 non
1079 3038 1132 3080 ad

257 3097 470 3150 proxima,
502 3096 581 3140 sed
605 3098 658 3140 ad
680 3099 879 3154 proxime
903 3098 1132 3154 superiora

257 3155 489 3199 referatur.

345 3229 497 3258 rursus
539 3216 775 3258 adductus.-
820 3214 875 3258 de
912 3227 1129 3267 sermone,

258 3275 469 3329 imperio,
516 3277 700 3318 servitio
746 3280 831 3319 cet.
866 3274 952 3317 dici
985 3281 1132 3330 potest

258 3335 465 3376 adductus
499 3335 581 3391 (cf.
615 3335 693 3377 Xll
724 3335 791 3391 7),
825 3335 1018 3392 imagine
1050 3334 1131 3376 de-

255 3393 372 3435 lecta
406 3393 458 3434 ab
494 3393 678 3437 habenis
712 3406 936 3449 equorum,
970 3394 1023 3436 de
1046 3393 1130 3435 ho-

256 3453 446 3494 rninibus
484 3466 586 3495 num
625 3454 793 3495 dicatur
827 3453 1009 3495 multum
1044 3452 1127 3494 du-

254 3512 364 3553 bito.
407 3510 540 3553 Immo
575 3515 778 3568 quotiens
809 3513 861 3554 ad
881 3513 963 3555 hos
983 3519 1127 3554 trans-

255 3570 415 3624 fertur,
465 3571 662 3614 adverbii
713 3572 895 3613 formam
953 3572 1125 3614 Tacitus

255 3636 444 3683 excepto
479 3630 564 3672 hoc
595 3631 696 3672 loco
722 3644 808 3672 non
833 3633 933 3674 sine
954 3632 1125 3674 ratione

254 3690 497 3745 usurpavit.
560 3690 627 3733 Cf.
661 3690 713 3734 H.
739 3690 870 3735 1117:
905 3691 1123 3736 Minucius

1224 2444 1365 2486 Iustus
1407 2470 1489 2497 —,
1543 2444 1644 2499 quia
1691 2443 1917 2489 adductius
1968 2458 2094 2505 quam

1223 2503 1345 2545 oivite·
1377 2503 1484 2545 bello
1515 2504 1814 2563 imperitabat,
1853 2505 2094 2551 sublmen&

1220 2563 1401 2605 militum
1447 2564 1543 2604 irae
1589 2570 1663 2605 est.
1730 2562 1778 2606 G.
1830 2564 1915 2608 43:
1969 2571 2094 2607 tram

1222 2622 1379 2677 Lyqios
1420 2622 1603 2663 Gotones
1648 2629 1911 2677 regnantur,
1958 2622 2092 2680 pau&

1220 2682 1308 2721 iam
1337 2681 1561 2722 adductius
1606 2694 1732 2739 quam
1773 2688 1944 2724 ceterae
1975 2683 2090 2724 Ger..

1220 2753 1447 2780 manorum
1476 2746 1637 2795 qenoes.
1701 2740 1910 2782 Nimirum
1944 2739 2090 2783 honit-

1218 2811 1297 2841 nes
1328 2798 1503 2842 adducti
1531 2800 1708 2853 proprie
1751 2799 1901 2842 forent
1931 2799 2090 2856 quibus

1218 2858 1272 2899 ab
1305 2857 1403 2900 aliis
1443 2859 1659 2901 severitas
1694 2858 1831 2904 indm
1873 2864 1964 2913 est,
2011 2859 2091 2902 sed

1216 2916 1333 2960 Nero
1383 2918 1480 2972 ipse
1533 2930 1779 2960 sermonem
1832 2919 2090 2977 vultu-qu·

1218 2975 1451 3019 adductum
1483 2976 1696 3020 adhibuit.

1302 3037 1574 3092 prosequitur
1614 3037 1870 3079 abeuntem-³
1905 3050 1931 3079 a
1969 3036 2089 3080 Baiis

1215 3094 1409 3137 reditura
1441 3102 1533 3137 era-t
1553 3095 1716 3138 Baulos
1732 3097 1937 3152 (Sueten.
1952 3094 1982 3139 t.
2006 3100 2087 3155 a),

1217 3161 1350 3210 atque
1382 3155 1425 3196 in
1459 3155 1572 3198 hanc
1613 3156 1764 3199 villam
1808 3155 2087 3212 naufragium

1216 3214 1367 3269 elapsa
1398 3214 1485 3256 lata
1519 3221 1599 3258 est.
1665 3215 1734 3258 Eo·
1771 3215 1921 3257 minus·
1955 3213 2087 3258 dubt-

1215 3273 1370 3315 tationi
1413 3273 1650 3316 obnoxium
1695 3279 1762 3317 est
1806 3275 1911 3330 quin
1952 3273 2085 3328 pudo
2176 3283 2178 3286 ’

1217 3339 1317 3376 ante
1348 3333 1611 3376 vocabulum
1653 3334 1789 3377 Baias
1818 3345 1896 3388 pro
1936 3331 2086 3386 Μ

1215 3406 1322 3436 vere
1352 3395 1591 3448 repositum
1627 3395 1707 3446 sit,
1740 3393 1797 3436 de
1827 3405 1920 3449 quo·
1951 3389 2084 3434 nt·-

1213 3452 1626 3508 Bezzenbergerum
1659 3452 1858 3494 dubitare
1895 3455 1945 3494 et
1969 3458 2083 3492 oon-

1211 3513 1390 3554 trarium
1422 3512 1638 3553 affirmare
1669 3513 1867 3566 potuisse
1896 3508 2045 3552 minor.

1300 3578 1341 3613 et
1377 3573 1545 3628 pectori
1583 3571 1790 3612 haerens.-
1843 3568 2080 3612 Suetonius

1208 3639 1288 3673 suo
1346 3643 1468 3672 more
1517 3630 1706 3687 diligens
1753 3628 1783 3671 l.
1835 3640 1874 3671 c.
1926 3626 2082 3670 scribit

1207 3691 1352 3734 hilare
1376 3696 1627 3748 prosecutus
1660 3694 1785 3745 aeque
1815 3687 1862 3731 in
1885 3686 2081 3749 dignen
