2280 4004
235 257 329 299 ³8ss

989 263 992 265 ·
1014 242 1304 301 ΑΝΝλιινΜ

1812 277 1852 308 a.
1874 265 1930 310 Ἦ.
1962 265 2066 311 786.

227 388 299 446 ‘et
334 399 401 460 tu,
442 396 616 459 Galba,
657 395 960 461 quandoque
988 396 1285 463 degustabis
1315 397 1614 464 imperium,'
1646 413 1821 470 seram⁴
1849 403 2070 458 aebre-

235 501 347 537 vem
384 485 657 551 potentiam
697 485 1022 551 significans,
1067 487 1277 539 scientia
1320 488 2066 558 Chal‹taeorum=artis,mus

234 574 542 641 apiscendae
582 575 735 626 otium
766 575 894 642 apud
923 576 1171 643 Rhodum,
1208 580 1502 645 magistrum
1527 581 1839 635 Thrasullum
1875 583 2066 651 habuit,

233 671 461 736 peritiam
509 671 615 721 eius
665 671 764 722 hoc
802 671 955 722 modo
1009 658 1261 737 expiemus.

196 762 374 828 sgotio
415 761 753 826 consultaret,
813 763 947 814 edita
1003 763 1182 815 domus
1232 769 1374 830 parte
1427 781 1486 816 ac
1530 765 1697 818 liberti
1747 767 1899 819 unius
1937 782 2068 820 con-

234 854 448 905 scientia
487 854 736 905 utebatur.
813 855 859 905 ls
896 842 1176 906 litterarum
1215 855 1447 922 ignarus,
1490 871 1708 924 corpore
1744 858 1934 925 valido,
1973 873 2067 926 per

232 943 346 995 avia
384 959 445 995 ac
492 945 702 1010 derupta
755 950 896 1007 (nam
949 946 1088 997 saxis
1137 946 1315 998 domus
1368 947 1619 1014 imminet)
1663 949 1895 1014 praeibat
1930 964 2063 1013 eum,

233 1035 375 1087 euius
413 1041 570 1087 artem
621 1037 841 1103 experiri
882 1020 1427 1103 'l'iberius'statuisseh
1472 1045 1520 1091 et
1560 1039 1970 1107 regredientem,
2020 1042 2062 1093 si

230 1127 466 1179 vanitatis
506 1132 588 1180 aut
631 1128 863 1179 fraudum
902 1129 1128 1194 suspicio
1174 1129 1472 1195 incesserat,
1514 1131 1564 1181 in
1606 1131 1888 1184 subiectum
1925 1147 2065 1184 mare

169 1218 625 1285 inpraecipitabat,
678 1235 742 1271 ne
796 1220 950 1271 index
1002 1221 1175 1272 arcani
1230 1222 1488 1274 existeret.

1580 1223 1739 1290 Igitur
1773 1222 2064 1276 Thrasullus

230 1310 390 1362 isdem
429 1311 634 1377 rupibus
684 1311 918 1363 inductus
969 1317 1233 1378 postquam
1281 1318 1662 1378 percontantem
1702 1319 2063 1378 commoverat,

232 1402 493 1466 imperium
534 1403 628 1468 ipsi
669 1407 717 1453 et
754 1403 917 1454 sutura
957 1403 1195 1455 sollerter
1231 1404 1575 1470 patefacienS,
1618 1405 1964 1473 interrogatur
2001 1420 2065 1456 an

232 1507 372 1543 suam
411 1508 612 1559 quoque
638 1493 911 1561 genitalem
951 1494 1127 1545 horam
1157 1495 1514 1561 comperisset:
1553 1511 1698 1562 quem
1731 1501 1832 1548 tum
1861 1512 2064 1562 annum,

230 1583 425 1648 qualem
467 1584 597 1635 diem
637 1584 865 1636 haberet.

943 1585 1029 1636 Ille
1065 1586 1261 1651 positus
1304 1586 1527 1639 siderum
1570 1594 1630 1639 ac
1664 1588 1825 1654 spatia
1864 1588 2066 1640 dimen-

166 1689 212 1726 15
229 1689 331 1739 sus,
363 1675 579 1728 haerere
615 1676 797 1742 primO,
841 1676 957 1727 dein
997 1693 1278 1743 pavescens
1306 1683 1370 1742 et,
1413 1684 1647 1751 quantum
1687 1679 2065 1746 introspiceret,

229 1768 391 1834 tnagis
436 1784 495 1818 ac
553 1768 716 1834 magis
769 1768 992 1834 trepidus
1045 1769 1398 1833 admirationis
1449 1776 1502 1833 vet
1555 1776 1750 1842 metus,
1804 1776 2060 1838 postremo

229 1858 480 1910 exclamat
518 1842 812 1926 ambiguum
847 1861 944 1911 sibi
987 1876 1046 1910 ac
1084 1876 1242 1927 prope
1278 1862 1500 1913 ultimum
1541 1862 1817 1915 discrimen
1852 1864 2059 1915 instare.

228 1946 347 2000 Tum
400 1949 689 2016 complexus
743 1966 854 2002 eum
897 1951 1129 2003 Tiberius
1180 1952 1464 2018 praescium
1511 1953 1851 2020 periculorum
1895 1959 1945 2006 et
1981 1954 2063 2005 in·-

231 2040 477 2092 columem
506 2041 615 2092 sore
639 2046 895 2107 gratatur3
936 2057 1167 2109 quaeque
1193 2043 1407 2109 dixerat,
1438 2045 1594 2095 oracli
1634 2045 1748 2097 vice
1783 2045 2061 2112 accipienS,

164 2132 362 2187 aointer
401 2133 601 2185 intimos
646 2133 923 2185 amicorum
962 2139 1114 2186 tenet.

344 2330 386 2370 3.
422 2336 522 2385 aput
543 2329 598 2372 M.

222 2394 348 2443 perta
380 2389 445 2430 M:
481 2389 731 2431 emendavit
767 2389 972 2434 Pichena.

232 2447 297 2490 14.
332 2449 481 2504 spacia
515 2449 567 2491 M.

221 2520 468 2562 pavescere.
598 2509 662 2550 19.
698 2510 786 2551 rici
818 2510 872 2551 M.

225 2689 318 2730 lloc
372 2697 430 2731 est
473 2695 546 2731 aut
595 2696 770 2745 propter
825 2704 1014 2747 sequens
1063 2700 1101 2734 et

226 2748 520 2790 oblitteratum
553 2756 618 2790 est
651 2757 724 2791 aut
756 2751 810 2791 ob
843 2753 1099 2805 scripturam

225 2808 497 2867 ιῖρχειὺπου
547 2809 786 2851 adlocutuse
830 2810 1098 2866 neglectum.

334 2875 371 2908 et
404 2875 447 2908 lu
482 2893 534 2899 —-
579 2869 818 2923 degustabis
852 2871 1099 2925 imperium:

225 2926 354 2968 aliter
390 2927 622 2967 Suetonius
658 2929 698 2968 in
735 2928 868 2970 Galba
900 2933 960 2971 4.-
994 2944 1100 2970 con..

223 2993 307 3027 stat
355 2986 587 3041 Auyvtstunt
624 3001 757 3042 puero
798 2988 939 3029 adlmc
977 2988 1098 3030 salu-

223 3046 334 3086 tanti
365 3059 409 3086 se
442 3047 555 3086 iuter
587 3046 787 3100 aequales
827 3047 1097 3103 adprehensa

224 3104 403 3146 buccula
425 3105 581 3146 dixisse
602 3111 679 3149 καὶ
712 3107 784 3158 σύ,
816 3111 990 3157 τέκνον,
1023 3109 1098 3161 τῆς

223 3163 376 3220 ἀρχῆς
434 3166 568 3221 ἡμῶν
620 3168 903 3223 παραιραίξῃ
965 3165 1099 3221 (lege

222 3224 563 3281 παριιτριόξει).
607 3223 659 3266 Ut
679 3224 961 3277 Tacitus,Di0
986 3224 1098 3268 Lvll

228 3284 281 3326 19
321 3289 363 3324 et
417 3283 517 3324 inde
567 3284 816 3338 Xiphilinus
871 3284 1003 3326 Lx1v
1061 3288 1097 3337 1,

225 3344 355 3383 etiam
391 3342 601 3396 Iosephus
633 3344 733 3385 Ant.
762 3343 898 3386 XVlll
930 3343 957 3385 6
991 3346 1034 3395 §.
1054 3345 1095 3387 9.

310 3416 450 3443 seram
514 3416 567 3442 ac
627 3403 792 3445 brevem
839 3405 1098 3459 potentiam.-

223 3472 361 3502 seram
397 3461 665 3515 significavit
696 3476 807 3504 voce
848 3463 1097 3517 quandoque

225 3518 287 3573 (h.
308 3534 345 3561 e.
361 3521 742 3580 quandocumque),
764 3523 940 3563 brevem
964 3522 1097 3563 verbo

225 3576 477 3632 degustabis.
535 3578 708 3623 Frustra
741 3581 930 3625 adhunc
954 3580 1097 3625 locum

223 3634 366 3681 haesit
398 3637 642 3685 Ernestius.
943 3638 947 3641 “

700 2329 966 2373 Thrasullum
998 2332 1058 2384 M,
1094 2343 1180 2373 non
1220 2332 1498 2388 Thrasyllum.

1115 2394 1182 2434 11.
1215 2399 1435 2448 percunct.
1474 2391 1546 2434 Or.

666 2450 731 2491 15.
763 2464 996 2506 pavescens
1028 2450 1113 2494 Iac.
1150 2451 1422 2494 Gronovius:
1457 2451 1495 2494 Μ
1514 2457 1785 2507 parimente,
1818 2449 2060 2493 Beroaldus

1620 2332 1662 2375 4.
1696 2345 1825 2388 super
1854 2331 1952 2389 tati]
1986 2345 2062 2375 su-¹

1690 2393 1759 2435 12.
1793 2390 1975 2433 solerter
2006 2391 2060 2434 M.

1275 2693 1380 2747 Cap.
1432 2695 1503 2735 21.
1567 2694 1756 2747 quotiens
1803 2706 1931 2749 super
1981 2690 2061 2733 eali

1185 2753 1384 2807 neyotio:
1420 2752 1473 2794 de
1507 2751 1588 2793 hac
1612 2751 1771 2794 Tiberii
1804 2751 1987 2794 scientia
2015 2756 2057 2794 et

1186 2813 1395 2868 magistro
1438 2810 1665 2854 Thrasullo
1699 2809 1816 2854 conf.
1858 2810 1942 2854 Dio
1984 2810 2058 2852 LV

1192 2873 1266 2922 ll,
1300 2872 1535 2913 Suetonius
1568 2870 1658 2914 Tib.
1696 2871 1778 2923 14,
1812 2869 2059 2914 Scholiasta

1186 2929 1407 2972 luvenalis
1439 2931 1493 2971 Vl
1526 2930 1626 2973 576.
1690 2930 1830 2986 Super
1864 2929 1944 2973 tati
1975 2943 2056 2973 ne-

1184 2991 1297 3044 yote'o
1342 2996 1408 3031 est
1450 3003 1581 3043 super
1621 2990 1833 3031 eiusmodi
1879 2988 1933 3030 de
1970 3002 2056 3044 quo

1187 3047 1396 3090 Chaldaei
1431 3048 1796 3091 consultarentur.

1274 3181 1331 3209 au
1363 3181 1483 3208 suam
1516 3181 1674 3222 quoque
1717 3166 1944 3223 ycnilalem
1975 3166 2057 3208 lw-

1186 3240 1280 3268 ram
1333 3228 1633 3283 comperisset:
1695 3227 2058 3282 0111·.9ereiealem

1185 3287 1371 3327 horam?
1415 3288 1577 3342 quippe
1612 3286 1712 3327 hinc
1746 3292 1933 3328 ceteram
1971 3285 2055 3327 ho-

1183 3348 1311 3387 minis
1340 3352 1500 3387 sortem
1528 3345 1744 3400 explorari
1774 3358 1901 3400 posse
1919 3343 2054 3386 Chal-

1184 3405 1280 3446 daei
1321 3405 1571 3447 credebant.
1634 3405 1754 3456 Quae
1799 3408 2053 3460 sequuntur,

1185 3478 1304 3518 quem
1363 3468 1448 3519 (·.-:
1486 3463 1694 3520 qualem)
1745 3471 1830 3504 tum
1877 3474 2052 3510 annuum,

1185 3525 1352 3578 qualem
1385 3524 1495 3564 diem
1526 3523 1716 3574 haberet,
1749 3519 1922 3575 singula
1953 3524 2054 3560 sunt

1184 3596 1296 3638 quae
1331 3596 1384 3625 ex
1416 3582 1599 3638 genitali
1634 3580 1738 3621 hora
1769 3579 1986 3620 rescicere
2005 3590 2053 3620 se

1184 3655 1312 3701 posse
1367 3641 1576 3701 astrologi
1637 3638 1720 3685 sibi
1777 3636 2052 3684 videbantur.

1355 674 1601 735 Quot-‘iens
1647 690 1803 742 super
1848 675 1936 728 tali
1970 683 2147 731 tle—21
