2280 4004
245 288 338 335 208

1008 288 1082 332 AN
1087 286 1216 333 NALI
1221 286 1300 333 VM

1813 303 1854 336 a.
1885 284 1932 336 ιι.
1961 291 2068 339 814.

243 431 449 497 aberat,
509 430 736 497 petivere
780 446 808 481 a
858 429 982 481 Cato
1016 430 1244 483 Deciano
1285 436 1616 498 procuratore
1653 433 1911 488 auxilium.
1981 435 2073 490 me

243 522 378 575 haud
415 522 623 589 amplius
663 536 811 588 quam
850 522 1098 575 ducentos
1135 522 1247 576 sine
1284 523 1430 576 iustis
1461 525 1613 577 armis
1635 525 1793 592 misit3
1829 531 1880 580 et
1907 526 2085 580 inerat

242 614 443 666 modica
481 613 690 664 militum
732 628 925 665 manus,

1002 614 1176 667 Tutela
1211 615 1384 683 templi
1423 616 1556 684 freti,
1596 621 1646 670 et
1682 617 2072 686 impedientibus

243 705 328 771 qui
369 703 556 756 occulti
586 704 885 758 rebellionis
911 705 1107 780 conscii
1129 706 1344 759 consilia
1372 707 1656 774 turbabant,
1691 723 1859 776 neque
1880 709 2074 763 fossam

205 800 329 855 saut
379 795 564 848 vallum
626 796 1030 863 praeduxerunt,
1085 786 1252 866 neque
1304 799 1454 852 motis
1508 799 1717 853 senibus
1770 805 1821 853 et
1870 800 2074 854 feminis

241 888 473 941 iuventus
531 888 641 942 sola
694 889 904 942 restitit:
961 890 1106 957 quasi
1153 891 1319 943 media
1369 906 1498 959 pace
1533 891 1721 945 incauti
1758 892 2076 946 multitudine

238 980 576 1033 barbarorum
631 981 1109 1034 circumveniuntur.

1183 982 1246 1036 Et
1301 987 1472 1036 cetera
1527 983 1731 1051 quidem
1767 985 1955 1052 impetu
1991 984 2078 1038 di-

239 1077 384 1139 repta
421 1078 506 1125 aut
542 1072 753 1126 incensa
787 1079 934 1126 sunt:
972 1074 1235 1142 templum,
1283 1075 1337 1126 in
1373 1090 1471 1143 quo
1509 1091 1568 1129 se
1605 1076 1751 1130 miles
1789 1076 2076 1146 congloba-

240 1168 416 1230 verat,
457 1164 612 1216 biduo
656 1164 922 1218 obsessum
970 1171 1424 1234 expugnatumque.

1501 1168 1564 1219 Et
1598 1168 1767 1220 victor
1802 1167 2073 1222 Britannus

177 1254 416 1309 10Petilio
456 1255 641 1308 Ceriali
693 1256 864 1324 legato
904 1256 1125 1325 legionis
1163 1272 1331 1310 nonae
1369 1261 1422 1309 in
1458 1258 1738 1311 subsidium
1779 1259 2072 1313 adventanti

244 1347 426 1400 obvius
465 1347 593 1399 fudit
628 1347 923 1416 legionem,
964 1353 1014 1401 et
1051 1349 1187 1416 quod
1226 1349 1484 1416 peditum,
1523 1350 1806 1404 interfecit:
1855 1351 2071 1404 Cerialis

243 1454 356 1491 cum
408 1439 661 1506 equitibus
715 1440 879 1492 evasit
923 1440 976 1491 in
1026 1446 1194 1493 castra
1247 1446 1298 1493 et
1342 1442 1664 1495 munimentis
1699 1441 1942 1496 defensus
1977 1447 2072 1499 est.

243 1531 353 1593 Qua
391 1530 537 1583 clade
571 1535 621 1583 et
657 1531 792 1583 odiis
827 1532 1142 1599 provinciae,
1185 1547 1333 1600 quam
1357 1533 1569 1586 avaritia
1589 1538 1642 1586 in
1667 1533 1853 1587 bellum
1879 1537 2074 1603 egerat,

243 1622 470 1690 trepidus
506 1627 811 1690 procurator
854 1624 1005 1676 Catus
1057 1624 1112 1675 in
1159 1625 1372 1678 Galliam
1407 1616 1624 1679 transiit.

183 1725 231 1764 ιε
246 1715 374 1767 mira
423 1716 708 1769 constantia
747 1716 945 1770 medios
981 1717 1115 1770 inter
1148 1717 1324 1771 hostes
1365 1718 1667 1771 Londinium
1702 1719 1944 1787 perrexit,
1983 1733 2079 1772 co-

365 1871 404 1913 1.
438 1870 621 1913 haberat
652 1867 731 1914 Ma.

243 1929 386 2033 Icdaaltae
411 1930 445 1973 G
478 1937 521 1973 et
538 1930 826 1973 Oxonienses

249 2050 319 2094 13.
352 2052 570 2094 auaritiae
610 2049 705 2094 Ma:
739 2050 773 2094 G
804 2052 1012 2094 auaritia

249 2199 559 2237 veteranorum
584 2195 782 2249 proxime
812 2194 993 2237 verbum
1027 2202 1124 2237 tra-

251 2252 465 2296 hebantur
509 2257 652 2310 posita
694 2254 990 2297 subiectorum
1023 2254 1123 2297 loco

254 2327 352 2356 esse
406 2316 502 2357 visa
554 2321 668 2358 sunt.
732 2315 836 2356 Tum
896 2316 941 2357 in
988 2314 1126 2370 Lipsii

254 2375 469 2428 scriptura
531 2387 619 2416 non
681 2374 852 2431 liquet,
909 2375 1126 2430 quomodo

255 2442 431 2477 cruento
463 2442 658 2491 aspectus
688 2436 751 2476 sic
783 2433 951 2476 labente
986 2435 1030 2475 in
1063 2433 1130 2476 Ma

257 2509 312 2536 ex
345 2503 522 2536 cruento
556 2501 730 2551 aspectu
763 2494 977 2536 dilabente
1007 2495 1129 2536 nasci

255 2555 475 2609 potuerit:
509 2555 638 2595 immo
671 2560 771 2608 post
809 2567 963 2595 vocem
1002 2567 1130 2610 aspe-

259 2621 328 2655 ctu
375 2613 580 2667 absorpta
634 2620 700 2656 est
751 2614 1020 2668 praepositio
1066 2615 1128 2666 in,

258 2672 360 2714 dein
417 2673 638 2726 duplicata
685 2673 904 2714 sibilantis
953 2672 1129 2714 litterae

250 2732 399 2788 >figura
431 2738 474 2774 et
504 2738 728 2775 truncatus
760 2730 966 2773 vocabuli
1012 2732 1127 2773 sicco

259 2792 428 2845 exitus,
477 2792 594 2847 quod
635 2791 812 2835 facilius
843 2791 938 2832 fieri
970 2793 1126 2845 potuit,

259 2852 295 2894 si
344 2852 388 2893 in
439 2850 689 2912 ἀρχετύπῳ
733 2852 844 2893 ΐεὶῦο
903 2857 1126 2892 exaratum

260 2916 367 2953 erat.
432 2910 614 2953 Labitur
667 2912 798 2953 maris
855 2916 1029 2963 aestus,
1081 2916 1129 2952 ut

259 2971 433 3027 spiritus
469 2970 525 3011 Vl
559 2971 629 3024 50,
664 2972 813 3013 anima
847 2969 944 3011 XVI
982 2972 1048 3011 11.

336 3043 462 3085 quam
493 3032 684 3072 avaritia
704 3033 752 3073 in
777 3029 930 3070 bellum
954 3034 1128 3084 eqerat:

260 3101 352 3131 rem
403 3089 539 3143 ipsam
591 3090 675 3132 Dio
726 3094 872 3131 narrat
917 3087 1030 3130 LXlI
1075 3088 1128 3129 2:

260 3149 395 3221 πρόᾳ
404 3164 512 3197 ασις
541 3150 588 3194 δὲ
609 3151 690 3195 τοῦ
711 3151 918 3220 πολέμου
945 3150 1134 3219 ἐγένετο

263 3209 288 3263 ἦ
339 3205 563 3268 δῆιιευσις
617 3227 711 3256 των
757 3207 1046 3267 χρημάτων,
1101 3205 1134 3249 εἳ

261 3269 500 3318 Κλαύδιος
558 3277 657 3320 τοῖς
711 3269 918 3325 πρώτοις
976 3267 1134 3310 αὐτῶν

262 3328 496 3372 ἐδεδώκει·
533 3333 611 3373 καὶ
636 3329 731 3374 ἔδει
758 3332 838 3371 καὶ
867 3330 1042 3379 ἐκεῖνα,
1073 3324 1135 3375 ὥς

260 3401 315 3446 γε
355 3386 581 3435 (lemavos-
618 3388 777 3435 Κοῖτος
821 3386 844 3431 ὃ
875 3387 950 3440 τῆς
985 3385 1131 3440 νήσου

261 3445 589 3505 ἐπιτροπεύων
612 3450 784 3507 ἔλεγεν,
812 3445 1133 3507 ἀναπόμπιμοι

261 3512 503 3565 γενέσθαι.

353 3623 458 3678 Cap.
487 3626 559 3668 33.
625 3626 883 3667 Londinium
909 3626 1128 3682 perrexit:

262 3693 380 3726 nunc
413 3697 509 3727 cum
540 3685 726 3741 primum
757 3686 802 3729 in
831 3685 1015 3733 historia
1034 3698 1131 3728 me-

849 1872 892 1916 2.
923 1871 1098 1915 inherat
1128 1870 1210 1916 Ma.

953 1934 1075 1987 fossa
1106 1930 1186 1975 Ma.

428 1991 497 2035 10.
526 1991 642 2047 petio
677 1989 804 2033 GMa.
838 1991 1029 2033 correxit
1060 1991 1248 2048 Lipsius.

1328 1875 1372 1917 4.
1405 1872 1562 1916 occulti
1591 1871 1681 1916 Ma:

1280 1933 1321 1976 7.
1357 1941 1534 1975 caetera
1562 1932 1643 1977 Ma.

1362 1993 1586 2037 aduentati
1617 1991 1709 2036 Ma.

1713 1872 1877 1917 occulte
1905 1871 1967 1928 B,
2000 1887 2078 1917 oc..

1749 1933 1791 1977 9.
1826 1933 2080 1976 britiamnus

1743 1992 1778 2036 G
1809 1993 2078 2038 adventanti.

1207 2201 1399 2237 moratur
1435 2196 1607 2249 civitaS,
1639 2209 1752 2252 quae
1785 2197 1871 2239 iam
1899 2196 2016 2240 orbis
2037 2200 2081 2240 et

1210 2255 1356 2297 lumen
1391 2261 1434 2298 et
1466 2255 1600 2298 decus
1632 2269 1684 2298 ac
1706 2255 1835 2299 dulce
1864 2256 2081 2299 humanae

1210 2315 1425 2357 libertatis
1477 2315 1742 2370 praesidium
1797 2321 1889 2369 est,
1934 2316 2081 2359 futura
2141 2351 2145 2353 .

1212 2376 1307 2416 eius
1339 2375 1593 2432 magnitudo
1615 2376 1766 2430 paucis
1791 2375 1939 2418 verbis
1956 2376 2080 2432 quasi

1213 2440 1559 2489 praemonstrata
1579 2441 1659 2477 est.
1678 2434 1892 2478 Coloniae
1903 2447 2079 2488 nomen,

1214 2508 1326 2549 quae
1374 2501 1478 2536 tunc
1519 2495 1711 2536 nondum
1762 2495 1870 2548 suit,
1920 2494 2082 2538 adiecit

1214 2554 1373 2608 aliquis
1433 2567 1486 2595 ex
1540 2555 1750 2608 proximis
1804 2553 2079 2608 Caesaribus,

1212 2613 1401 2655 fortasse
1435 2614 1649 2655 Severus:
1681 2614 1936 2656 Ammianus
1964 2613 2080 2656 Mar-

1215 2672 1401 2713 cellinus
1443 2672 1602 2714 XXVII
1635 2672 1663 2715 8
1709 2675 1754 2724 §.
1790 2673 1838 2715 7:
1888 2686 2080 2730 eqressus

1214 2731 1470 2786 tendensque
1502 2731 1560 2773 ad
1581 2731 1843 2773 Lundinium
1860 2739 1979 2775 vetus
2000 2746 2080 2789 op-

1206 2791 1377 2849 pidum,
1420 2791 1530 2845 quod
1577 2790 1816 2848 Auyustam
1851 2792 2082 2849 posteritas

1213 2849 1458 2908 appellavit.

1289 2909 1541 2952 militarium
1552 2910 1665 2966 (τῶν
1682 2911 2052 2968 στρατιωτικῶν)
2063 2923 2079 2952 .·

1215 2967 1335 3010 aliud
1379 2969 1637 3026 ests—quod
1687 2969 1766 3012 XV
1815 2971 1870 3014 10
1919 2971 2081 3025 posuit,

1214 3029 1330 3069 viros
1360 3029 1583 3081 militares,
1617 3029 1721 3071 item
1754 3029 1832 3071 XV
1863 3029 1922 3073 26
1954 3036 1998 3072 et
2027 3029 2080 3072 H.

1217 3086 1254 3127 ΙΙ
1287 3088 1341 3130 75
1372 3089 1465 3129 viro
1497 3089 1693 3141 militari,
1725 3087 1855 3130 H.111
1877 3089 1934 3132 73
1950 3088 2085 3145 pauci

1216 3146 1467 3189 militarium
1497 3149 1702 3190 virorum.
1737 3147 1912 3190 Etenim
1928 3147 1994 3191 illi
2016 3147 2083 3190 rei

1217 3205 1418 3248 militaris
1459 3208 1587 3262 periti
1633 3212 1757 3249 sunt:
1807 3219 1925 3249 nunc
1963 3207 2082 3250 mili.

1218 3266 1389 3319 tarium,
1422 3279 1510 3307 non
1533 3266 1725 3319 militum,
1757 3265 1932 3309 videtur
1955 3265 2083 3310 dele-

1217 3326 1352 3380 gisse,
1384 3331 1431 3366 ut
1464 3332 1508 3368 et
1538 3325 1704 3367 milites
1740 3327 1814 3381 qui
1842 3325 1980 3384 vulgo
2010 3325 2082 3368 di-

1217 3391 1397 3438 cuntur,
1439 3384 1481 3428 h.
1517 3399 1556 3428 e.
1590 3385 1773 3427 Romani
1806 3387 1903 3428 sive
1934 3385 2081 3440 legio-

1215 3445 1351 3497 narii,
1397 3450 1440 3486 et
1482 3445 1637 3499 copiae
1681 3445 1916 3487 auxiliares
1952 3441 2081 3485 simul

1216 3502 1543 3546 ἀεηοιειιᾛεῃῑιιι·
1608 3502 1674 3546 Cf.
1721 3503 1780 3545 ΙΙΙ
1814 3506 1862 3545 12
1908 3502 2082 3543 intimum

1217 3564 1388 3617 quisque
1431 3565 1667 3605 amicorum
1708 3569 1748 3604 et
1773 3561 1966 3618 plerique
1995 3561 2081 3602 mi-

1217 3621 1379 3664 litares.
1444 3621 1628 3664 Perinde
1696 3629 1930 3674 equestres,
1991 3631 2080 3663 non

1216 3684 1388 3740 equites,
1419 3681 1497 3727 XII
1528 3681 1603 3737 60,
1638 3680 1735 3725 xlu
1771 3681 1840 3726 10.

1699 1627 1768 1678 At
1802 1626 2076 1681 Suetonius
2089 1634 2162 1686 33
