2280 4004
227 275 328 330 ‚ass
1003 270 1296 321 ANNALWM
1349 272 1388 277 ’·
1425 272 1429 276 ’
1456 273 1459 276 “
1814 287 1856 318 a.
1879 275 1934 320 af.
1966 274 2071 325 πω

237 420 502 488 perculsus
542 415 754 470 distrahi
792 413 1039 478 consiliis,
1080 413 1177 465 iret
1215 417 1392 465 contra
1430 427 1495 465 an
1528 413 1714 467 bellum
1751 418 2072 472 cunctatione

239 515 496 567 tractaret.
572 507 764 569 Quibus
802 505 1052 572 proelium
1090 509 1140 557 et
1178 503 1403 557 festinati
1441 519 1590 557 casus
1626 506 1924 573 placebant,
1961 508 2074 562 dis-

238 603 402 653 iectos
440 604 490 650 et
514 597 898 665 longinquitate
939 596 1136 647 itineris
1185 595 1355 648 fessos
1393 610 1458 648 ne
1494 596 1662 648 animo
1708 597 1911 663 quidem
1947 599 2072 651 satis
2132 600 2135 603 ’

242 691 307 741 ad
345 689 646 756 obsequium
685 688 941 741 coaluisse
977 687 1251 752 disserunt,
1279 686 1570 753 proditores
1599 703 1762 755 nuper
1796 688 2071 756 hostesque

203 803 226 839 ⁵
243 779 368 846 eiuS,
402 793 549 848 quem
574 794 774 832 rursum
809 779 1032 831 foveant.
1105 779 1292 830 Verum
1315 778 1653 847 Abdagaeses
1678 778 2078 853 regrediendum

240 873 294 924 in
316 870 733 939 Mesopotamiam
766 871 1025 936 censebat,
1062 875 1117 921 ut
1143 884 1291 923 amne
1321 871 1542 936 obiecto,
1578 871 1837 923 Armeniis
1873 871 2074 924 interim

239 962 598 1031 Elymaeisque
639 968 689 1014 est
726 962 912 1014 ceteris
942 978 971 1014 a
1006 967 1154 1029 tergo
1193 961 1392 1026 micitia,
1435 962 1569 1013 aucti
1595 962 1766 1028 copiis.
1795 961 2073 1014 socialibus

244 1059 294 1106 et
333 1068 457 1120 quas
497 1053 601 1106 dux
618 1054 876 1105 Romanus
908 1053 1132 1104 misisset
1164 1053 1417 1105 fortunam
1453 1057 1769 1119 temptarent.
1842 1053 1916 1105 Ea
1950 1066 2076 1104 sen-

186 1166 194 1223 J
242 1145 399 1196 tentia
447 1144 631 1209 valuit,
688 1144 804 1210 quia
854 1143 1068 1210 plurima
1116 1144 1392 1195 auctoritas
1422 1151 1598 1210 'penes
1641 1143 1986 1211 Abdagaesen
2025 1147 2076 1195 et

176 1224 229 1302 (ιο
243 1235 492 1287 Tiridates
519 1236 736 1303 ignavus
775 1235 838 1286 ad
865 1234 1092 1301 pericula
1130 1239 1254 1286 erat.
1329 1234 1433 1288 Sed
1469 1235 1623 1302 fugae
1659 1234 1833 1301 specie
1873 1234 2076 1287 disces-

241 1341 382 1390 sum3
420 1341 481 1377 ac
509 1325 758 1392 principio
797 1341 825 1377 a
854 1330 1007 1393 gente
1032 1326 1258 1378 Arabum
1297 1326 1432 1377 facto
1471 1325 1631 1377 ceteri
1671 1326 1851 1378 domos
1889 1325 2076 1378 abeunt

242 1417 326 1468 vel
363 1416 416 1467 in
453 1421 621 1468 castra
647 1416 916 1481 Artabani,
957 1416 1125 1468 donee
1149 1416 1401 1468 Tiridates
1438 1431 1550 1468 cum
1583 1415 1762 1483 paucis
1798 1415 1852 1469 in
1878 1415 2074 1483 Syriam

242 1511 479 1560 revectus
515 1507 714 1573 pudore
747 1506 1057 1586 proditionis
1089 1521 1267 1559 omnes
1304 1507 1512 1560 exolvit

383 1597 522 1651 Idem
564 1612 729 1650 annus
768 1599 917 1666 gravi
956 1598 1077 1667 igne
1117 1599 1296 1652 urbem
1323 1598 1512 1663 adficit,
1551 1597 1730 1652 deusta
1765 1601 1920 1665 parte
1947 1594 2160 1659 circi45

175 1699 374 1754 asquae
408 1689 666 1741 Aventino
720 1689 990 1756 contigua,
1050 1689 1265 1756 ipsoque
1304 1689 1578 1742 Aventino.
1615 1689 1802 1752 Quod
1836 1689 2075 1743 damnum

244 1779 436 1834 Caesar
462 1780 526 1834 ad
561 1779 777 1848 gloriam
801 1780 952 1831 vertit
978 1780 1195 1832 exolutis
1234 1781 1470 1833 domuum
1499 1786 1550 1833 et
1573 1781 1848 1834 insularum
1880 1782 2074 1848 pretiis.

364 1934 402 1975 1.
430 1947 659 1989 percussus
689 1934 755 1976 M:
796 1935 986 1975 correxit
1016 1933 1269 1984 Rhenanus,
1341 1936 1383 1979 2.
1411 1935 1630 1991 praelium
1660 1934 1703 1978 h.
1737 1934 1767 1977 l.
1801 1933 1856 1977 Μ.
1918 1936 1962 1978 3
1991 1904 2076 1977 ite...

241 1993 359 2034 neris
392 1991 445 2034 Μ.
546 1993 587 2035 5.
629 1992 886 2048 abdaqaesis
915 1990 971 2034 Μ.
1103 1993 1145 2036 7.
1179 1994 1431 2050 elymeisque
1461 1994 1518 2036 Μ.
1643 1995 1712 2038 10.
1745 1993 1988 2050 αῳενίσαῑα
2017 1993 2074 2037 Μ.

247 2053 316 2096 11.
350 2064 380 2093 α
408 2054 533 2107 yeme
563 2052 836 2098 Beroaldus·
868 2052 908 2095 Μ
940 2053 1101 2108 agenti.
1221 2056 1290 2099 12.
1321 2055 1371 2100 in
1397 2053 1567 2096 {rastra
1595 2053 1652 2097 M.
1758 2054 1827 2100 13.
1861 2067 1948 2096 oms
1977 2066 2076 2098 cum

243 2110 322 2152 lin.
357 2111 413 2153 M.
507 2125 593 2153 ems.
631 2111 703 2153 Or.
797 2107 865 2160 16.
901 2111 1031 2155 exsol.
1066 2110 1139 2155 Or.
1224 2113 1337 2169 pciis
1369 2126 1467 2155 cum
1498 2112 1576 2158 lin.
1609 2112 1665 2155 Μ.

363 2246 488 2273 amne
534 2232 724 2275 obiecto.-
805 2232 913 2274 dicit
954 2233 1117 2289 Tigrim
1202 2234 1310 2276 fecit
1335 2233 1427 2275 ‘die
1456 2234 1690 2291 Regionen
1722 2235 1801 2277 der
1819 2236 1938 2279 stadt
1954 2237 2076 2281 Rom'

245 2298 412 2332 amnem
429 2324 440 2344 ‚
505 2293 578 2346 qui
628 2300 726 2337 cum
755 2291 980 2346 Euphrate
1021 2293 1118 2335 Me-
1202 2306 1245 2348 p.
1266 2293 1340 2336 86.
1397 2293 1639 2337 Insularum
1659 2296 1824 2338 mentio
1845 2302 2077 2351 praeterea

243 2353 531 2404 sopotamiam
553 2351 818 2397 circumluit.
881 2351 988 2394 Nam
1010 2349 1119 2394 Cte-
1201 2352 1317 2406 apud
1334 2351 1450 2394 hunc
1469 2358 1666 2395 nostrum
1685 2354 1762 2395 XV
1781 2356 1855 2397 41.
1889 2356 1942 2397 H.
1963 2356 1979 2398 1
1999 2355 2073 2400 86.

243 2409 403 2462 siphon
429 2409 600 2463 imperii
633 2410 777 2462 sede5‚
809 2419 894 2465 quo
927 2415 1119 2455 conten-
1261 2424 1320 2452 ,ια
1345 2412 1662 2465 ηιαηίβσεηιίατ
1682 2413 2070 2458 Sueton.Tib.48:

245 2467 367 2509 derat
380 2468 591 2512 Tiridates
614 2471 678 2523 (e.
705 2468 803 2525 42),
827 2476 870 2513 ct
889 2468 1118 2512 castellum

239 2527 319 2567 ⁴ubi
353 2527 539 2580 pellices
570 2525 781 2570 Artabani
827 2535 872 2573 ot
913 2530 1117 2582 pecunia,

246 2586 330 2625 sita
362 2591 462 2625 sunt
505 2586 549 2626 in
582 2587 759 2627 sinistra
793 2585 980 2642 Tigridis
1013 2599 1116 2639 ora3

245 2643 347 2684 inde
381 2644 516 2698 igitur
548 2645 592 2684 in
626 2644 820 2686 dextram
853 2644 1117 2699 regredien-

245 2701 345 2743 dum
380 2715 478 2743 esse
512 2703 722 2749 censebat
752 2702 1054 2758 Abdagaeses.

328 2760 432 2814 Cap.
449 2761 522 2803 45.
571 2761 682 2807 idem
703 2775 868 2805 annus:
901 2774 945 2804 v.
966 2768 1113 2809 annot.

244 2818 299 2859 ad
331 2818 346 2860 l
382 2820 453 2862 53.
516 2819 600 2866 Dio
637 2821 819 2862 eandem
851 2832 943 2862 rem
965 2822 1115 2875 paucis

245 2877 438 2919 absolvit
478 2875 613 2923 Lvtll
654 2879 726 2925 26.
849 2880 1046 2924 domuum
1077 2887 1117 2923 'et

245 2935 484 2978 insularum
510 2938 688 2991 pretiis·
726 2937 780 2978 de
811 2938 1014 2980 domibus
1044 2939 1115 2981 di-

243 3000 360 3037 etum
383 2990 475 3036 adl
504 2996 578 3038 73.
642 2995 708 3039 De
728 2996 879 3039 insulis
911 3011 965 3039 ex
983 2997 1113 3040 Festo

244 3053 404 3101 Paulas
437 3054 549 3096 haec
577 3067 614 3097 s.
649 3068 717 3097 v..
765 3055 933 3098 insulae
973 3056 1115 3099 dictae

239 3113 416 3167 proprie
447 3113 590 3166 aedes,
625 3127 732 3168 quae
763 3128 851 3157 non
880 3115 1116 3170 incusantur

245 3172 532 3217 communibus
561 3173 798 3228 parietibus
820 3188 915 3217 cum
945 3175 1112 3227 vicinis,

244 3230 507 3285 circuituque
520 3231 691 3286 publico
717 3239 793 3274 aut
824 3233 995 3288 privato
1017 3234 1113 3275 cin-

241 3296 414 3342 quutur.
478 3290 585 3330 Sunt
607 3292 752 3346 magni
777 3290 964 3332 ambitus
989 3292 1115 3337 aedi-

243 3348 357 3398 licia,
379 3347 576 3400 pluribus
598 3345 802 3393 tabulatis
829 3352 926 3392 sive
948 3363 1113 3395 coena-

244 3405 353 3445 culis
388 3409 659 3460 composita,
707 3422 731 3449 a
762 3409 950 3449 dominis
989 3411 1113 3451 insu-

244 3463 379 3504 larum
423 3465 476 3505 ad
519 3466 747 3510 locandum
781 3467 1010 3509 aedificata
1042 3467 1112 3512 vel

247 3527 405 3574 empta,
439 3523 633 3566 habitata
652 3526 910 3581 plerumque
941 3538 966 3567 a
999 3528 1113 3570 civi-

246 3578 325 3619 bus
384 3580 677 3625 mediocribus
726 3589 770 3625 et
829 3586 1109 3638 pauperibus

247 3635 312 3676 Cf
339 3637 382 3676 l.
411 3638 578 3680 Preller
606 3641 649 3680 in
673 3640 783 3682 libro
817 3644 888 3683 cui
919 3643 1110 3689 indicem

1198 2469 1370 2525 publice
1414 2471 1751 2525 munificentiam
1793 2471 1855 2513 bis
1899 2475 2072 2515 omnino

1203 2529 1413 2582 exhibuit,
1451 2531 1671 2585 proposito
1711 2530 1850 2572 milies
1880 2534 2073 2575 sestertio

1201 2589 1391 2642 gratuito
1420 2590 1468 2630 in
1488 2589 1668 2629 triennii
1691 2596 1851 2645 tempus
1873 2590 1996 2645 (Tac.
2015 2592 2074 2635 Vi

1205 2646 1308 2702 17),
1357 2654 1397 2688 et
1434 2661 1583 2688 rursus
1616 2647 1862 2701 quibusdam
1893 2650 2075 2693 dominis

1200 2704 1442 2748 insularum
1486 2714 1596 2760 quae
1641 2707 1689 2748 in
1735 2714 1877 2750 ’nante
1925 2708 2074 2752 caelio

1201 2763 1549 2818 deaayraverant
1568 2767 1707 2821 pretio
1729 2767 1925 2810 restituto
1950 2767 2073 2824 (Tac.

1199 2822 1259 2864 IV
1305 2822 1405 2879 64).
1481 2824 1639 2877 Vides,
1691 2825 1854 2879 lector,
1901 2828 2074 2870 tertiam

1202 2879 1315 2925 hanc
1338 2880 1499 2928 'liberii
1531 2884 1874 2927 munificentiam
1909 2899 1935 2928 a
1962 2887 2076 2929 Sue-

1201 2941 1323 2982 tonio
1349 2941 1599 2996 neglectam
1623 2957 1722 2986 esse
1749 2950 1792 2986 et
1813 2945 2073 3000 ignorat-am.

1275 3000 1474 3055 templum
1487 3001 1675 3056 Augusto
1698 3010 1737 3044 et
1758 3016 1932 3045 scenam
1948 3004 2075 3046 Pom-

1195 3058 1348 3112 pedani
1377 3059 1559 3103 theou-i.-
1594 3060 1648 3102 de
1682 3060 1749 3102 his
1776 3065 2072 3104 monumentis

1207 3116 1403 3158 Velleius
1434 3130 1555 3160 more
1587 3130 1666 3159 suo
1691 3119 1727 3160 ΙΙ
1764 3121 1872 3163 130:
1911 3129 2076 3175 quanta

1199 3188 1275 3216 suo
1341 3190 1592 3231 suorumque
1652 3179 1823 3220 nomine
1887 3183 2076 3223 extruxit

1199 3235 1366 3289 opera?
1408 3249 1534 3288 quam
1561 3236 1639 3291 pia
1673 3237 1966 3292 mtenificento'a
1998 3254 2073 3282 su-

1194 3305 1355 3348 perque
1381 3293 1612 3336 humanam
1644 3303 1790 3338 evecta
1807 3297 1934 3350 fidem
1965 3304 2072 3339 tem-

1194 3350 1312 3406 plum
1328 3354 1447 3407 patri
1467 3354 1674 3395 molitur?
1705 3369 1830 3409 quam
1845 3358 2070 3411 maym‘fico

1199 3411 1335 3452 animi
1375 3418 1708 3467 temperamento
1743 3415 1881 3455 Gnaei
1911 3427 2070 3468 quoque

1199 3468 1386 3524 Pompeii
1415 3485 1597 3513 munera
1628 3473 1848 3527 absumpta
1878 3473 1972 3526 ὅρκι’
1994 3486 2069 3513 re-

1197 3528 1365 3570 stituit?
1456 3529 1531 3570 His
1593 3530 1798 3583 altipullis
1849 3532 2067 3572 contraria

1196 3587 1433 3629 Suetonius
1467 3588 1558 3630 Tib.
1579 3589 1662 3632 47:
1692 3588 1896 3642 princeps
1932 3602 2068 3643 neque

1196 3658 1328 3701 opera
1358 3644 1450 3688 ulla
1480 3647 1709 3701 magnifica
1737 3647 1843 3701 fecit
1873 3648 1992 3704 (nam
2026 3656 2067 3692 et
