2280 4004
1014 323 1310 372 Annum

258 331 348 375 114
1787 332 1791 335 “
1822 341 1863 373 ιι.
1894 339 1940 374 a.
1970 326 2074 377 807.

251 475 481 526 honestis
518 487 583 523 an
619 483 770 522 secus
810 467 987 520 amicis
1032 468 1287 533 uteretur,
1346 466 1390 518 si
1441 465 1620 519 ducem
1664 450 1840 521 'anuto
1885 467 2082 521 imm

253 565 545 633 egregium,
594 575 741 628 quam
780 559 824 612 si
877 559 1208 626 pecuniosum
1247 563 1297 610 et
1331 562 1496 626 gratia
1534 558 1802 612 subnixum
1837 574 1930 628 per
1967 570 2080 612 ain—

250 655 405 706 bitum
434 653 701 720 deligeret.
774 651 913 702 Haec
942 655 1090 717 atque
1116 650 1234 702 talia
1265 650 1606 718 vulgantibus,
1642 650 1782 704 Nero
1811 656 1862 703 et
1895 651 2128 704 iuven-'7

249 750 403 796 tutem
437 743 695 811 proximas
741 757 833 809 per
867 742 1158 808 provincias
1199 742 1478 808 quaesitam
1527 741 1818 809 supplendis
1856 741 2081 796 Orientis

212 835 539 903 slegionibus
593 834 898 899 admovere,
958 833 1294 900 legionesque
1350 833 1486 899 ipsas
1535 834 1741 901 propius
1784 833 2078 886 Armeniam

254 925 498 978 collocari
527 925 681 991 iubet,
723 925 951 991 duosque
976 929 1177 976 veteres
1205 939 1359 992 reges
1386 924 1662 992 Agrippam
1701 929 1753 977 et
1772 923 2081 976 Antiochum

250 1017 493 1085 expedire
535 1017 738 1083 copiaS‚
781 1015 891 1083 quis
928 1015 1224 1067 Parthorum
1262 1015 1388 1067 fines
1427 1015 1559 1068 ultro
1598 1016 1872 1080 intrarent3
1928 1014 2079 1067 simul

251 1115 432 1177 pontes
471 1124 563 1176 per
593 1124 789 1160 amnem
826 1108 1116 1175 Euphraten
1155 1108 1313 1175 iungi.
1402 1108 1464 1159 Et
1497 1108 1745 1160 minorem
1783 1107 2080 1160 Armeniam:

249 1201 574 1266 AristobulO,
630 1200 900 1268 regionem
959 1199 1230 1265 Sophenen
1276 1198 1527 1252 Sohaemo
1611 1214 1724 1251 cum
1787 1185 2075 1266 insignibus

185 1293 406 1361 noregiis
459 1292 676 1343 mandat.
780 1292 1100 1357 Exortusque
1155 1291 1207 1340 in
1265 1296 1492 1357 tempore
1561 1289 1787 1343 aemulus
1830 1289 2077 1357 Volagesi

244 1384 376 1436 filius
399 1383 691 1447 Vardanes3
721 1387 771 1434 et
807 1383 1109 1434 abscessere
1136 1381 1379 1433 Armenia
1405 1381 1587 1446 Parthi,
1616 1386 1867 1448 tamquam
1896 1379 2080 1434 differ-

245 1480 359 1527 rent
399 1475 599 1526 bellum.
691 1473 792 1527 Sed
829 1473 960 1540 apud
1013 1477 1243 1525 senatum
1293 1473 1465 1524 omnia
1515 1471 1568 1522 in
1618 1473 1780 1524 maius
1819 1470 2128 1527 celebrataS

244 1570 361 1620 sunt
399 1565 665 1619 sententiis
704 1579 879 1618 eorum
916 1563 998 1631 qui
1044 1563 1441 1631 supplicati-ones
1493 1568 1543 1616 et
1590 1563 1769 1616 diebus
1819 1562 2081 1631 supplim-

363 1722 404 1765 5.
437 1721 684 1778 reqionibus
712 1718 805 1763 Ma:
840 1719 874 1762 G
905 1719 1154 1775 leqionibus.
1258 1719 1477 1762 admoveri
1506 1718 1712 1762 Pichena.
1813 1719 1964 1776 proin&
1993 1716 2077 1762 Ma.

244 1781 287 1824 6.
319 1782 490 1823 iochum
522 1779 610 1823 Ma:
646 1780 836 1823 correxit
857 1779 1046 1834 Lipsius.
1136 1779 1180 1822 8.
1210 1779 1333 1821 iunlu
1352 1777 1443 1821 Ma:
1479 1778 1513 1821 G
1542 1780 1677 1834 iunqi.
1771 1778 1813 1822 9.
1849 1778 2076 1836 Sophenen

244 1839 326 1893 Ma,
359 1853 447 1882 non
479 1840 733 1896 Sophenem.
854 1839 1050 1881 sohoemo
1083 1838 1163 1881 Ma.
1286 1840 1353 1883 10.
1399 1838 1593 1894 Vologesi
1623 1837 1790 1880 editor:
1824 1837 1999 1880 codices
2033 1842 2078 1879 et

246 1899 342 1942 edd.
390 1899 604 1957 Voloqeso.

245 2047 284 2084 et
298 2041 491 2083 manibus
505 2057 519 2082 .·
551 2039 739 2095 simplex
756 2039 973 2094 particula
995 2053 1122 2095 quam

246 2114 323 2156 pro
362 2101 504 2157 potius
544 2113 670 2155 quam
711 2102 854 2154 posita
907 2105 995 2152 est,
1048 2100 1120 2142 lo-

246 2160 406 2217 quendi
442 2159 702 2213 compendio
727 2160 831 2202 huic
861 2166 1010 2201 nostro
1044 2173 1120 2202 so-

245 2221 340 2262 lito.
388 2219 455 2261 Cf.
482 2218 501 2260 I
533 2217 615 2261 58:
648 2232 802 2274 pacem
823 2232 948 2274 quam
969 2219 1122 2262 bellum

240 2279 493 2336 probabam.
557 2277 614 2318 Ill
644 2277 698 2320 8:
735 2293 856 2333 quem
885 2279 1118 2336 (Drusum)

245 2340 362 2380 haud
403 2338 560 2394 fratris
600 2338 778 2379 interitu
817 2345 978 2379 trucem
1012 2341 1120 2393 (po-

245 2400 355 2455 tius)
390 2411 515 2452 quam
546 2403 705 2438 remoto
741 2397 907 2439 aemulo
941 2399 1120 2452 aequio-

243 2472 334 2499 rem
365 2457 446 2499 sibi
485 2457 703 2512 sperabat.
772 2457 848 2499 17:
899 2458 1119 2499 miseratio

246 2518 439 2573 (potius)
489 2530 614 2570 quam
653 2515 821 2557 invidia
866 2516 1118 2572 au9ebatur.

243 2578 330 2619 32:
358 2583 569 2631 paternas
602 2576 642 2617 ei
672 2575 893 2630 anyustias
929 2583 968 2616 et
992 2576 1119 2617 nobi-

244 2634 406 2676 litatem
451 2635 543 2675 sine
577 2634 737 2689 probro
784 2641 926 2674 actam
965 2634 1122 2675 honori

246 2695 439 2750 (potius)
454 2706 579 2748 quam
595 2692 858 2748 iynominiae
879 2693 1120 2734 habendam

245 2753 438 2794 ducebat.
504 2752 564 2793 lv
596 2752 677 2794 61:
721 2751 854 2793 claris
885 2752 1120 2794 maioribus

244 2826 368 2866 quam
399 2813 585 2853 vetustis.
653 2811 689 2853 V
721 2810 773 2853 6:
813 2825 887 2853 vos
920 2812 1118 2864 obtestor,

242 2886 296 2912 ne
328 2872 577 2913 memoriam
607 2871 745 2912 nostri
772 2884 853 2926 per
878 2884 1120 2913 maerorem

245 2932 440 2988 (potius)
476 2943 601 2984 quam
633 2929 736 2971 laeti
766 2931 1004 2972 retineatis.
1064 2930 1115 2972 H.

242 2989 299 3030 111
328 2990 410 3034 60:
447 2988 641 3045 praedae
674 3002 799 3043 quam
827 2989 1119 3045 periculorum

242 3051 397 3091 socius.
461 3048 587 3090 Adde
620 3049 671 3090 H.
705 3046 761 3089 Ill
795 3049 866 3101 70,
898 3048 957 3089 lv
991 3048 1046 3091 76
1075 3055 1118 3090 et

244 3108 316 3160 83,
357 3108 392 3150 V
427 3109 468 3151 5.
512 3107 559 3150 G.
591 3107 633 3150 6.
675 3106 752 3149 Est
781 3119 886 3149 usus
923 3106 1117 3149 Graeco-

243 3179 336 3208 rum
372 3165 396 3221 ἢ
428 3167 685 3221 ponentium
717 3178 796 3222 pro
825 3167 1002 3226 μᾶλλον
1036 3167 1074 3222 ἢ.

335 3225 438 3279 Cap.
475 3227 515 3268 7.
567 3226 683 3267 Nero
720 3234 759 3268 et
788 3227 1117 3268 iuventutem—-

244 3285 484 3337 admovere,
520 3285 788 3340 leyionesque
820 3310 876 3318 -—
909 3284 1118 3328 collocari

243 3345 384 3386 iubet.-
418 3343 509 3385 noli
545 3344 724 3386 credere
748 3345 929 3386 verbum
963 3345 1117 3386 admo..

242 3415 348 3445 vere
393 3416 447 3444 ex
497 3410 712 3458 sequente
743 3403 864 3446 iubet
896 3404 1117 3459 pendere:

241 3463 371 3503 immo
397 3462 481 3502 duo
511 3462 720 3504 habemus
747 3465 958 3505 orationis
979 3477 1119 3506 mem-

241 3519 317 3561 bra
356 3534 434 3574 per
475 3521 713 3574 particulas
745 3529 785 3563 et
806 3548 860 3555 —-
891 3533 967 3578 que
999 3524 1120 3564 iuxta

240 3580 398 3631 posita,
432 3579 621 3621 alterum
647 3581 869 3623 infinitivo
891 3582 1117 3635 historico,

238 3637 424 3678 alterum
480 3639 617 3680 verbo
668 3639 791 3681 finito
847 3642 1118 3682 instructum.

235 3693 287 3741 ln
319 3697 469 3758 priore
499 3697 556 3743 acl
586 3698 730 3757 ipsum
761 3706 985 3745 auctorem
1005 3713 1116 3760 ope-

729 1901 798 1942 11.
842 1899 1065 1942 Vardanes
1106 1898 1304 1954 Lipsius=
1347 1898 1559 1940 uardanis
1603 1895 1720 1940 Gala.

1847 1905 1965 1955 tanq.
1995 1895 2077 1940 Ma.

1204 2039 1264 2080 ris
1299 2037 1491 2081 refertur
1521 2038 1641 2094 quod·
1673 2041 1711 2082 is
1744 2052 1822 2094 per
1852 2041 2074 2083 ministros

1205 2098 1454 2140 faciendum
1499 2100 1682 2142 curavit.
1747 2099 1834 2141 Cur
1879 2105 2079 2155 coeptam

1205 2158 1411 2200 infinitivi
1445 2157 1642 2200 historici
1663 2164 1928 2210 structuram
1946 2159 2077 2216 paulo

1206 2224 1304 2272 post
1343 2218 1566 2270 omiserit,
1613 2224 1658 2260 et
1700 2218 1910 2261 collocari
1948 2219 2076 2274 iubet,

1205 2289 1293 2317 non
1348 2276 1559 2319 collocari
1607 2278 1777 2332 iubere,
1836 2278 2076 2334 scripserit,

1207 2349 1338 2378 causa
1370 2337 1414 2377 in
1446 2342 1598 2391 aperto
1619 2344 1700 2380 est.
1749 2337 1951 2380 Alterum*
1974 2350 2077 2380 ora-

1205 2397 1338 2448 tionis
1371 2395 1610 2437 membrum
1646 2396 1818 2439 duobus
1846 2397 1973 2440 novis
1997 2397 2077 2440 ad-

1206 2454 1306 2496 ditis
1338 2461 1539 2512 augetur.

1292 2515 1530 2571 Ayrippam
1561 2520 1600 2556 et
1631 2513 1914 2557 Antiochum:
1957 2510 2074 2558 conf.

1204 2580 1353 2615 annot.
1389 2573 1441 2614 ad
1473 2573 1549 2615 XII
1575 2575 1633 2617 23
1665 2580 1708 2615 et
1739 2575 1811 2617 55.
1931 2574 2075 2616 mino-

1204 2646 1293 2672 rem
1323 2632 1575 2674 Armeniam
1604 2632 1877 2674 Aristobulo.-
1923 2645 1967 2676 ν.
2000 2631 2075 2674 Io-

1204 2692 1329 2745 seph.
1375 2691 1448 2732 XX
1486 2691 1515 2733 8
1558 2693 1602 2743 §.
1635 2694 1677 2733 4.
1742 2691 1808 2733 De
1856 2689 2073 2734 Sohaemo

1205 2750 1262 2791 cf.
1296 2749 1349 2791 ad
1381 2749 1458 2791 XII
1488 2751 1557 2793 23.
1623 2749 1827 2804 Sophene
1859 2762 1961 2806 pars
1980 2756 2074 2793 ter..

1202 2821 1277 2851 rae
1326 2809 1477 2862 Syriae
1526 2822 1610 2865 qua
1661 2810 1845 2851 'l'aurum
1895 2812 2072 2852 transit:

1203 2868 1314 2910 Plin.
1346 2867 1396 2910 N.
1431 2868 1482 2911 H.
1519 2869 1554 2910 V
1591 2869 1660 2912 13.
1699 2868 1851 2912 lustin.
1885 2868 2000 2912 xm
2027 2871 2071 2913 3.

1304 2927 1521 2984 Vologesi.-
1573 2927 1806 2984 legebatur
1854 2927 2070 2985 Voloyeso.

1203 2986 1242 3028 A
1274 2986 1413 3029 forma
1443 2988 1703 3029 nominativi
1736 2986 2072 3044 apud—‚Tacitum

1205 3052 1455 3088 constanter
1497 3045 1694 3088 exhibita
1740 3046 1966 3103 Votoqom
1993 3060 2073 3089 ce-

1203 3106 1286 3146 teri
1337 3118 1461 3147 casus
1502 3105 1556 3146 ad
1596 3118 1790 3147 normam
1830 3105 2072 3163 legitimam

1203 3164 1317 3219 apud
1376 3164 1561 3207 eundem
1618 3162 1989 3218 conformantur:
2030 3171 2074 3207 et

1204 3224 1378 3279 quidem
1413 3224 1633 3280 genitivus
1676 3224 1897 3280 Vologesis<
1933 3224 2012 3267 XV
2045 3225 2070 3268 7

1205 3288 1249 3324 et
1285 3283 1335 3325 17
1371 3289 1415 3325 et
1447 3282 1506 3326 24
1537 3288 1580 3324 et
1619 3284 1699 3336 25,
1742 3284 1944 3340 idemque
1990 3297 2072 3326 ex-

1203 3347 1339 3384 trema
1371 3342 1518 3383 littera
1548 3342 1755 3385 sibilante
1785 3343 1958 3386 abiecta
1987 3341 2070 3385 Vo-

1205 3402 1338 3457 loyesi
1367 3401 1464 3443 Xlll
1496 3402 1551 3445 37
1586 3408 1630 3443 et
1659 3401 1710 3444 1-1.
1748 3401 1806 3444 tv
1828 3403 1908 3454 ὄις
1940 3411 2069 3456 porro

1205 3461 1375 3503 dativus
1415 3461 1609 3516 Voloyesi
1640 3461 1719 3502 XV
1751 3461 1777 3503 5
1811 3466 1856 3502 et
1891 3461 1958 3512 15,
1991 3471 2069 3500 ac-

1206 3522 1427 3562 cusativus
1468 3520 1699 3576 Vologesen
1739 3519 1812 3561 xu
1846 3519 1903 3560 14
1932 3523 1976 3559 et
1995 3517 2068 3569 50,

1206 3579 1302 3621 XIII
1334 3579 1361 3622 9
1394 3586 1437 3621 et
1467 3580 1539 3631 37,
1576 3578 1671 3621 XIV
1701 3578 1771 3629 25,
1806 3576 1927 3619 XV5
1949 3582 1994 3618 et
2015 3576 2070 3620 10

1205 3645 1248 3680 et
1283 3640 1336 3682 13
1371 3644 1419 3679 et>
1445 3639 1498 3682 27
1534 3643 1576 3678 et
1606 3639 1661 3680 31
1695 3641 1738 3678 et
1767 3635 1818 3678 Η.
1845 3634 1955 3689 140,
1985 3635 2068 3678 ab-

1203 3697 1364 3742 lativus
1406 3697 1605 3757 Votoqese
1635 3695 1714 3740 XV
1747 3694 1775 3740 3
1811 3699 1855 3740 et
1885 3692 1928 3740 6.
1982 3693 2071 3744 Sed
