2222 4022
278 270 352 314 Lx
1072 272 1340 318 PROOEMII

280 415 581 467 Germaniae
619 415 958 482 praepositum
1006 431 1051 483 p.
1092 417 1192 470 331
1229 417 1424 484 *legitur
1458 413 1513 465 P.
1552 412 1772 466 Cornelii
1813 411 1973 464 Taciti
2005 411 2100 479 Eq.

280 505 371 556 Ro.
408 507 468 557 de
500 506 625 567 situ,
682 504 904 556 moribus
950 510 997 555 et
1039 505 1243 571 populis
1287 504 1587 555 Germaniae
1623 501 1849 564 libellus,
1901 516 1936 551 a
1966 516 2101 567 pro-

276 596 481 664 diyiosis
516 595 706 647 mendis
761 601 1065 662 repuryatus
1111 612 1209 661 per
1245 595 1456 646 Beatum
1493 594 1815 658 Rhenanam,
1865 591 2102 658 beneficio

275 688 462 739 codicis
508 686 800 738 uetustioris
859 692 966 752 (est
988 709 994 712 ”
1017 688 1219 758 antiqua
1269 687 1424 738 editio
1481 684 1972 753 Norimbergensis).
2046 684 2102 736 In

271 778 370 830 fine
410 778 527 829 libri
563 778 855 844 ascriptum:
896 763 1133 828 Basileae
1170 778 1309 843 apud
1331 777 1570 828 Ioannem
1604 775 1900 828 Frobem'um
1934 790 2103 826 mense

270 867 514 935 AuyustO,
552 884 703 930 anne,
739 870 1003 922 M.D.XIX.
1076 870 1219 920 Hanc
1255 884 1353 937 ego
1393 869 1498 922 dixi
1529 869 1617 920 ubi
1652 869 1850 920 locutus
1885 881 1995 919 sum
2038 865 2102 917 de

271 959 497 1011 editione
534 960 804 1012 Alciatina.

387 1051 536 1104 1533.
569 1050 621 1101 Ρ.
646 1051 866 1102 Cornelii
890 1051 1049 1103 Taciti
1067 1051 1263 1118 Equitis
1280 1052 1495 1103 Romani
1512 1050 1784 1103 Annalium
1803 1049 1868 1101 ab
1891 1063 2106 1101 excessu

270 1138 486 1205 Augusti
521 1139 655 1191 sicut
686 1133 796 1206 ipse
833 1147 1014 1206 uocat,
1053 1142 1164 1192 siue
1200 1142 1460 1192 Historiae
1492 1126 1779 1208 Auyustae‚
1818 1141 1904 1207 qui
1948 1141 2099 1207 uulyo

271 1235 504 1294 receptus
542 1230 714 1281 titulus
754 1237 845 1293 est,
887 1231 1004 1282 libri
1035 1232 1251 1283 sedecim
1288 1233 1374 1298 qui
1406 1237 1710 1298 supersunt,
1742 1231 1932 1297 partim
1967 1230 2106 1282 haud

270 1320 544 1371 oscitanter
597 1322 836 1386 perlecti,
889 1322 1078 1388 partim
1127 1338 1302 1388 nempe
1348 1322 1662 1388 posteriores
1714 1322 1784 1372 acl
1839 1323 2100 1387 exemplar

265 1411 662 1476 manuscriptum
723 1413 965 1479 recogniti
1020 1428 1202 1480 maqna
1253 1415 1350 1479 side
1398 1430 1490 1465 nec
1539 1414 1735 1464 minore
1781 1412 1969 1464 iudicio
2000 1427 2099 1478 per

267 1500 480 1553 Beatum
506 1501 816 1553 Rhenanum.
891 1503 1028 1554 Nihil
1063 1504 1144 1554 hic
1179 1504 1299 1570 sinqi
1326 1503 1569 1554 docebunt
1597 1502 1952 1570 castiyationes
1988 1502 2097 1554 suis

266 1606 492 1659 quaeque
546 1592 690 1643 libris
744 1593 962 1644 additae.
1069 1592 1289 1644 Libellus
1348 1594 1407 1644 de
1465 1594 1829 1644 Germanorum
1872 1593 2094 1660 populis,

265 1684 512 1751 Dialoqus
548 1685 607 1734 de
640 1684 947 1748 oratoribus,
987 1685 1196 1750 denique
1234 1683 1341 1734 Vita
1377 1684 1496 1734 Iulii
1532 1683 1831 1750 Ayricolae,
1866 1699 1967 1735 non
2004 1698 2095 1734 so-

265 1775 366 1826 lum
402 1774 731 1824 emaculatius
759 1775 1027 1839 prodeunt,
1063 1774 1154 1824 sed
1187 1779 1235 1824 et
1267 1774 1568 1838 explicatius
1601 1773 1850 1825 adiunctis
1883 1774 1936 1824 in
1967 1774 2100 1826 hanc

264 1881 369 1916 rem
405 1864 627 1915 scholiis.
702 1864 868 1929 Super
904 1865 1031 1915 haec
1082 1864 1249 1915 omnia
1298 1869 1627 1915 accesserunt
1661 1864 1713 1915 in
1749 1864 1889 1914 initio
1927 1865 2099 1930 operis

271 1956 561 2007 Thesaurus
623 1956 1048 2006 constructionum
1117 1955 1516 2020 locutionumque
1581 1960 1629 2005 et
1682 1970 1863 2006 uocum
1923 1954 2094 2007 Tacito

262 2048 540 2099 solennium
580 2046 746 2097 citatis
781 2045 930 2096 eliam
970 2060 1035 2095 ecc
1068 2044 1213 2095 Liuio
1244 2045 1526 2110 plerunque
1574 2044 1901 2107 testimoniis,
1941 2060 2006 2096 ac
2039 2044 2094 2096 in

263 2141 401 2192 calce
437 2155 609 2190 rerum
648 2137 1043 2189 memorabilium
1095 2136 1248 2187 indeoe
1301 2136 1696 2201 copiosissimus.
1770 2135 1877 2188 Nec
1921 2138 2099 2188 desunt

262 2232 477 2283 aliorum
526 2230 579 2280 in
638 2230 769 2280 hunc
823 2235 1050 2279 autorem
1089 2233 1204 2278 ante
1240 2227 1437 2278 aeditae
1484 2227 1835 2279 annotationes
1875 2229 2098 2295 praefa-

261 2322 518 2386 tionesque
575 2320 685 2370 siue
735 2319 979 2370 Ber-oaldi
1037 2334 1128 2369 seu
1189 2317 1389 2369 Alciati.
1486 2316 1727 2369 Basileae
1780 2319 1833 2369 in
1859 2319 2096 2386 „officina

261 2412 582 2464 Frobeniana
617 2410 765 2462 Anno
798 2412 847 2462 M
873 2411 915 2461 D
940 2411 1166 2462 XXXIII.
1238 2410 1416 2460 Forma
1459 2409 1675 2461 maxima
1711 2415 1802 2461 est.

399 2505 538 2556 Haec
577 2501 733 2554 editio
784 2500 999 2567 repetita
1057 2503 1134 2550 est
1177 2499 1364 2550 ibidem
1414 2512 1518 2549 non
1574 2499 1685 2551 sine
1725 2499 1916 2566 aliquot
1955 2499 2093 2552 vitiis

265 2612 310 2648 a.
358 2592 507 2647 1544.

402 2685 674 2738 Rhenanus
725 2682 920 2735 leviora
974 2682 1157 2734 menda
1209 2681 1342 2733 haud
1381 2697 1542 2748 pauca
1594 2683 1748 2735 tacite
1785 2684 2090 2750 emendavit,

259 2777 467 2846 gravius
498 2776 780 2828 deformata
818 2775 870 2825 in
898 2774 1330 2840 Castigationibus
1362 2774 1467 2825 suis
1503 2774 1771 2840 aliquoties
1802 2774 1939 2827 bono
1980 2790 2093 2827 cum

261 2883 535 2932 successu,
602 2866 804 2932 saepius
861 2865 1134 2916 infeliciter
1181 2879 1459 2932 aggressus
1507 2870 1599 2916 est.
1673 2865 1850 2918 Priora
1887 2866 2089 2918 videtur

260 2960 568 3023 correxisse,
609 2973 719 3009 cum
742 2956 972 3030 plagulas
1011 2973 1074 3007 ex
1112 2956 1253 3022 prelo
1283 2955 1457 3007 allatas
1497 2956 1772 3023 diligenter
1803 2957 2093 3026 perlegeret

259 3058 308 3105 et
344 3051 529 3102 vitiosa
565 3052 880 3110 removeret3
921 3047 1063 3097 cuius
1100 3046 1177 3097 rei
1214 3045 1459 3097 lectorem
1496 3046 1791 3113 plerumque
1826 3048 2082 3100 admonui.

260 3143 438 3195 Codici
475 3139 697 3192 Budensi
727 3139 932 3189 nimium
974 3137 1146 3187 tribuit
1183 3137 1470 3189 Rhenanus.

404 3230 553 3286 1574.
626 3232 744 3282 Post
776 3230 1072 3282 Rhenanum
1114 3234 1254 3290 (nam
1290 3227 1562 3279 editionem
1598 3227 1836 3280 Aldinam
1862 3229 2088 3282 Venetiis

261 3327 495 3377 emissam
536 3341 580 3375 a.
629 3319 763 3374 1534
802 3322 835 3373 8
873 3326 922 3372 et
962 3320 1298 3387 Gryphianam
1340 3319 1570 3386 Lugduni
1612 3335 1656 3370 a.
1694 3318 1825 3372 1543
1857 3321 1892 3373 8
1927 3321 2087 3372 verbo

260 3430 571 3467 memorasse
607 3414 730 3464 satis
771 3412 892 3477 erit)
930 3425 1080 3462 nemo
1115 3411 1314 3461 felicius
1341 3411 1563 3461 Tacitum
1603 3411 1752 3462 etiam
1784 3416 1885 3462 tum
1922 3411 2088 3463 multis

257 3508 309 3557 in
353 3506 483 3556 locis
523 3509 809 3568 corruptum
847 3503 1080 3554 tractavit
1118 3517 1264 3569 quam
1303 3503 1465 3553 Iustus
1491 3502 1702 3567 Lipsius.
1778 3501 1873 3562 Qui
1914 3501 2085 3553 intima

260 3594 599 3651 familiaritate
630 3606 739 3643 cum
772 3597 981 3644 auctore
1006 3606 1098 3653 suo
1137 3591 1658 3658 contracta-plurimos
1687 3589 1832 3642 locos
1851 3591 2086 3659 purgavit
