2280 4004
188 298 214 332 a
246 284 294 328 C.
327 286 398 332 23.
791 282 956 326 LIBER
986 281 1059 326 IV.
1124 282 1229 325 Cn.
1268 281 1452 325 14-16.
1918 280 2017 323 2492

188 426 464 481 familiares
505 425 731 478 dedisse:
773 425 953 491 quodsi
991 424 1090 474 vim
1130 422 1380 489 praetoris
1417 423 1711 487 usurpasset
1747 418 2009 471 manibus-

191 534 288 586 que
322 519 528 570 mililum
565 533 686 570 usus
727 517 883 581 foret,
921 520 1099 583 spreta
1137 516 1188 566 in
1217 518 1290 566 'eo
1328 513 1562 564 mandata
1601 526 1720 563 sua:
1778 511 2010 563 audirent

112 627 137 691 i'
190 610 379 662 socios,
454 611 523 660 Ita
557 623 676 660 reus
715 608 920 675 cognito
961 607 1170 674 negotio
1209 606 1486 656 damnatur.
1560 603 1636 656 Ob
1674 616 1819 669 quam
1855 602 2011 655 ultio-

190 716 322 764 nem,
365 705 413 751 et
450 700 563 766 quia
599 699 772 765 priore
804 714 935 750 anno
973 699 1024 749 in
1069 698 1244 750 Gaium
1283 697 1504 750 Silanum
1538 694 1846 746 vindicatum
1883 699 2008 758 erat,

191 790 469 845 decrevere
501 790 659 842 Asiae
695 790 848 842 urbes
884 790 1115 856 templum
1154 789 1355 841 Tiberio
1394 787 1640 855 matrique
1675 786 1782 838 eius
1827 801 1886 837 ac
1923 801 2045 841 se-⁵

126 914 129 926 ι
190 879 345 934 ιιειωίζ
417 882 479 933 Et
514 881 814 947 permissum
855 886 1106 944 statuere3
1147 881 1349 949 egitque
1373 881 1508 932 Nero
1546 883 1719 947 grates
1757 894 1817 930 ea
1856 892 2009 930 causa

188 973 414 1040 patribus
453 977 602 1039 atque
642 987 768 1037 avo,
820 972 980 1024 laetas
1020 973 1151 1024 inter
1194 971 1501 1023 audientium
1539 970 1885 1035 adfectioneS,
1927 968 2011 1036 qui

138 1096 156 1157 Ἰ
190 1065 384 1121 recenti
412 1064 654 1117 memoria
685 1064 971 1116 Germanici
1010 1064 1147 1115 illum
1184 1064 1359 1130 aspici,
1391 1063 1527 1114 illum
1553 1061 1717 1113 audiri
1753 1061 2008 1112 rebantur.

190 1156 518 1224 Aderantque
557 1156 726 1208 iuveni
780 1156 1029 1207 modestia
1075 1172 1134 1207 ac
1186 1155 1349 1206 forma
1403 1153 1632 1220 principe
1676 1153 1787 1204 viro
1837 1151 2011 1220 digna,

190 1249 325 1302 notis
359 1248 411 1300 in
453 1263 565 1300 eum
603 1247 773 1301 Seiani
813 1247 945 1299 odiis
986 1247 1051 1298 ob
1084 1246 1362 1312 periculum
1400 1245 1641 1313 gratiora.

310 1339 436 1392 -Sub
475 1338 608 1390 idem
650 1343 843 1405 tempus
883 1338 946 1390 dc
983 1338 1184 1390 flamine
1223 1337 1376 1389 Diali‘
1402 1337 1454 1387 in
1492 1336 1660 1388 locum
1702 1334 1866 1388 Servii
1902 1335 2015 1386 Ma-

194 1429 474 1498 luginensis
506 1429 730 1481 defuncti
759 1428 997 1496 legendO,
1033 1428 1178 1482 simul
1204 1428 1435 1496 roganda
1462 1442 1595 1480 nova
1631 1427 1748 1495 lege
1778 1426 2017 1479 disseruit

198 1522 403 1574 Caesar.
472 1521 598 1573 Nam
631 1521 876 1599 patricios
918 1521 1255 1595 confarreatis
1285 1519 1606 1594 „P‘thenthUS
1637 1518 1886 1597 39⁰5&ss
1912 1523 2015 1589 “9⁵

502 1590 627 1605 w

195 1612 343 1665 simul
380 1612 647 1678 nominari,
688 1596 1370 1680 ei''qu⁷is'''‘unus⁷legeretur,
1409 1615 1607 1663 vetusto
1643 1625 1815 1674 more;
1846 1597 2016 1676 'neque

427 1684 480 1692 „s
487 1680 641 1690 νυχίῳ-ψ

2030 1267 2079 1304 ιο

111 1342 180 1390 16

195 1704 407 1769 adesse,
445 1709 499 1755 ut
535 1704 682 1770 olim,
723 1720 833 1756 eam
875 1705 1099 1771 copiam,
1144 1703 1333 1756 omissa
1377 1702 1734 1755 confarreandi
1773 1702 2080 1756 adsuetu-is
2115 1684 2280 1759 ‘'³2⁶²“

2102 1742 2150 1772 es
2185 1755 2266 1779 A„

197 1794 315 1846 dine
358 1799 442 1847 aut
492 1795 623 1847 inter
674 1809 865 1862 paucos
900 1799 1124 1847 retenta.
1220 1795 1494 1861 Pluresque
1542 1794 1650 1845 eius
1699 1793 1775 1844 rei
1836 1807 2016 1844 causas
2040 1759 2148 1861 :gas
2163 1801 2280 1848 effi.

197 1886 474 1952 adferebat,
509 1887 822 1954 potissimam
858 1902 1015 1954 penes
1053 1886 1297 1940 incuriam
1330 1888 1554 1939 virorum
1593 1885 2018 1954 feminarumque:

200 1977 449 2032 accedere
500 1983 548 2031 et
592 1978 749 2046 ipsius
798 1979 1140 2032 caerimoniae
1197 1978 1543 2042 difficultateS‚
1602 1992 1730 2043 quae
1787 1976 2018 2028 consulto

319 2111 356 2152 1.
385 2117 494 2166 pret.
527 2109 582 2152 M.
675 2109 717 2153 4.
758 2110 806 2152 C.
839 2111 894 2153 Μ.
987 2111 1185 2153 Silanum
1205 2111 1260 2164 M,
1293 2123 1381 2152 non
1412 2109 1616 2152 Beroaldi
1647 2109 1884 2165 syllanum.
1953 2109 2018 2151 1¹.

200 2170 313 2211 servi
343 2169 398 2212 M.
464 2169 532 2213 18.
567 2169 772 2212 accedere
805 2178 844 2212 et
873 2169 961 2213 Iac.
997 2171 1268 2213 Gronovius:
1303 2170 1341 2213 M
1375 2170 1614 2211 accederet.

204 2270 341 2312 functi
362 2276 406 2312 et
430 2270 482 2312 ad
506 2271 678 2313 culmen
698 2271 938 2328 dignitatis,
963 2271 1005 2314 h.
1028 2286 1066 2314 e.

206 2329 258 2371 ad
272 2342 512 2382 censuram,
526 2338 839 2385 pervenerant:
858 2345 900 2373 v.
911 2331 1064 2385 Polyb.

207 2389 263 2431 VI
295 2389 365 2432 53.
399 2389 533 2432 Tacit.
565 2390 618 2432 A.
653 2389 821 2434 XI112:
855 2391 1069 2433 decretum

207 2447 386 2490 Claudio
437 2451 676 2491 censorium
711 2453 841 2505 funus
891 2457 930 2491 et
974 2464 1072 2491 moa·

205 2510 485 2550 consecratio.
549 2509 600 2550 H.
634 2508 694 2550 IV
724 2510 779 2551 47
806 2523 816 2550 :
862 2511 1071 2564 funusque

207 2567 445 2608 censorium
462 2566 609 2609 Flavio
631 2568 792 2609 Sabino
813 2568 958 2624 (fratri
981 2570 1072 2610 Ve-

206 2627 394 2679 spasiani
427 2627 658 2682 principis)
694 2627 876 2670 ductum.
938 2627 1071 2669 Eius-

208 2683 421 2726 demmodi
462 2684 577 2727 haud
616 2686 747 2727 dubie
779 2686 907 2728 Drusi
941 2687 1071 2728 funus

208 2742 338 2796 paulo
371 2748 471 2784 ante
506 2747 569 2799 (c.
595 2745 645 2801 9)
683 2744 945 2799 descriptum
973 2746 1070 2798 fuit,

208 2814 290 2842 nec
307 2801 526 2843 diversum
556 2803 728 2844 videtur
761 2803 899 2845 fuisse
926 2805 1072 2860 publi-

211 2873 303 2900 cum
323 2862 452 2914 funus
473 2860 737 2916 Pisonis(VI
762 2863 837 2918 10)
860 2863 1072 2916 praefecti

211 2916 329 2958 urbis
355 2919 541 2972 (etenim
565 2918 622 2960 v1
655 2920 708 2961 27
743 2920 930 2976 legimus
956 2921 1073 2963 Aelii

211 2975 404 3027 Lamiae,
437 2978 509 3031 qui
543 2978 646 3018 item
679 2978 774 3019 urbi
807 2979 1071 3033 praefectus,

211 3039 390 3075 mortem
423 3034 577 3078 funere
603 3038 795 3078 censorio
819 3038 1072 3095 celebrari),

213 3099 255 3133 et
290 3091 487 3147 publicae
533 3095 701 3147 Quirini
748 3098 974 3151 exequiae,
1020 3098 1074 3139 de

213 3151 367 3206 quibus
400 3153 580 3195 relatum
614 3161 679 3196 est
708 3154 765 3196 111
805 3155 878 3198 48.

300 3212 482 3264 effigiem
526 3214 641 3268 apud
682 3217 823 3269 sorum
867 3213 1073 3270 Auyusti:

214 3271 395 3310 sueton.
427 3270 540 3325 Aug.
572 3272 651 3313 31:
680 3275 920 3327 proximum
953 3287 981 3314 a
1013 3275 1076 3314 dis

213 3326 519 3369 immortalibus
582 3329 784 3371 honorem
847 3333 1076 3372 memoriae

214 3387 364 3427 ducum
391 3388 619 3440 praestilit,
652 3390 722 3442 qui
751 3390 973 3444 imperium
994 3404 1077 3445 po-

212 3445 306 3501 puli
334 3445 522 3486 Romani
553 3460 605 3486 ex
645 3447 818 3487 minimo
849 3449 1078 3489 maximum

213 3503 508 3546 reddidissent.
574 3505 724 3559 Itaque
768 3513 807 3546 et
837 3519 969 3561 opera
1000 3520 1078 3547 cu-

215 3564 358 3618 iusque
399 3564 666 3605 manentibus
709 3564 840 3606 titulis
881 3566 1077 3616 restituit,

218 3628 256 3662 et
284 3629 447 3664 statuas
473 3624 658 3666 omnium
676 3623 922 3680 triumphali
943 3625 1080 3679 effigie

216 3682 262 3722 in
300 3686 478 3737 utraque
515 3683 606 3740 fori
643 3683 710 3727 sui
746 3684 918 3742 porticu
959 3682 1080 3726 dedi·-

1156 2274 1282 2326 cavit,
1311 2275 1530 2328 professus
1562 2271 1712 2326 edicto,
1748 2279 2025 2314 commentum

1155 2333 1199 2374 id
1228 2347 1286 2385 se,
1318 2338 1365 2373 ul
1393 2331 1566 2373 illorum
1586 2331 1778 2372 velutad
1806 2332 2025 2388 exemplar

1153 2399 1192 2433 et
1215 2393 1319 2448 ipse,
1344 2391 1440 2432 dum
1459 2392 1632 2444 viveret,
1659 2398 1698 2432 et
1715 2391 2026 2446 insequentium

1152 2458 1340 2493 aetatum
1383 2451 1602 2506 principes
1668 2450 1943 2504 exigerentur
1996 2464 2026 2492 a

1153 2511 1326 2552 civibus.
1376 2509 1441 2551 De
1459 2510 1555 2552 foro
1575 2510 1761 2566 Augusti
1781 2523 1822 2551 v.
1843 2510 2021 2553 Sueton.

1151 2570 1266 2626 Aug.
1292 2569 1363 2612 29.
1414 2568 1599 2611 Beckeri
1622 2567 1845 2610 Enchirid.
1872 2570 2020 2626 Antiq.

1152 2629 1276 2670 Rom.
1310 2627 1328 2668 1
1357 2640 1398 2682 p.
1431 2629 1519 2672 370
1550 2641 1644 2684 sqq.

1244 2687 1435 2729 Lucilius
1469 2687 1620 2743 Capito
1641 2701 1654 2726 .·
1688 2686 1771 2727 Dio
1804 2685 1917 2727 LVII
1949 2688 2021 2729 23.

1241 2748 1324 2788 vim
1351 2748 1596 2802 praetoris:
1645 2746 1761 2788 conf.
1804 2745 1854 2787 ad
1901 2745 1917 2787 Ι
1952 2746 2021 2789 74.

1153 2805 1346 2847 Eandem
1404 2818 1496 2847 rem
1547 2804 1740 2847 Tacitum
1800 2811 2024 2846 auctorem

1155 2870 1330 2906 secutus
1362 2864 1446 2905 Dio
1478 2870 1623 2906 narrat
1654 2863 1769 2905 LVII
1802 2865 1873 2907 23.

1252 2922 1357 2976 Cap.
1403 2923 1470 2966 16.
1535 2923 1826 2979 confarreatis
1856 2924 2023 2979 pa‘ren-

1156 2981 1289 3023 tibus:
1321 2994 1502 3036 quorum
1544 2984 1722 3037 nuptiae
1756 2982 1899 3023 farreo
1934 2982 2023 3024 libo

1156 3040 1351 3082 adhibito
1385 3041 1592 3095 pontifice
1626 3054 1769 3083 coram
1791 3047 1834 3082 et
1851 3041 2024 3081 flamine

1156 3099 1274 3140 Diali
1306 3102 1500 3141 sancitae
1533 3106 1633 3140 sunt
1680 3098 1893 3155 (qeistlicli
1929 3099 2025 3139 ein-

1156 3166 1378 3213 9ese9nete
1428 3158 1558 3210 Ehe).
1624 3158 1692 3199 Of.
1742 3158 1926 3210 Dionys.
1971 3156 2023 3198 A.

1159 3216 1208 3258 R.
1245 3216 1282 3257 11
1320 3218 1389 3259 25.
1456 3216 1585 3257 Gaius
1628 3216 1644 3256 Ι
1688 3218 1786 3258 112.
1852 3215 2022 3269 Ulpian.

1160 3275 1225 3314 tit.
1259 3275 1299 3316 9.
1349 3274 1458 3314 Plin.
1494 3274 1633 3315 XVIII
1667 3276 1709 3317 3.
1760 3274 1938 3315 Servius
1973 3273 2026 3315 ad

1163 3332 1318 3386 Virgil.
1355 3331 1401 3373 G.
1437 3332 1454 3372 l
1489 3334 1571 3384 31,
1614 3332 1723 3374 Aen.
1770 3331 1831 3373 1v
1867 3331 1951 3375 104
1984 3337 2028 3373 et

1160 3391 1261 3432 374.
1295 3390 1513 3431 Arnobius
1547 3391 1644 3432 adv.
1680 3390 1840 3432 Gentes
1870 3390 1929 3432 IV
1953 3392 2025 3434 20.

1164 3448 1317 3489 Boctli.
1363 3449 1404 3488 in
1445 3448 1547 3502 Top.
1597 3451 1624 3491 3
1657 3451 1700 3500 ς.
1739 3451 1806 3492 14.
1869 3449 2027 3491 Paulus

1163 3520 1217 3547 ex
1257 3505 1386 3547 Festo
1425 3520 1459 3549 s,
1494 3520 1535 3549 v.
1590 3508 1811 3550 Fari-eum.
1874 3507 2028 3551 Orellii

1163 3565 1361 3619 Inscript.
1396 3579 1439 3609 n.
1472 3566 1589 3611 2650
1622 3573 1665 3609 et
1699 3567 1829 3612 2648.

1250 3625 1456 3668 accedere
1503 3633 1543 3668 et
1572 3627 1704 3683 ipsius
1735 3626 2027 3669 caerimoniae

1164 3682 1456 3743 difficultates.-
1491 3692 1530 3730 ει
1559 3686 1775 3744 particula
1806 3699 1831 3729 a
1851 3684 1883 3732 1.
1913 3684 2026 3730 Gro-
