2280 4004
210 307 316 367 ge.
353 308 425 365 ει.
790 307 957 356 LIBER
986 308 1101 361 nv,
1165 308 1273 366 cn,
1307 309 1497 353 33—37.
1943 312 2030 356 au

210 452 374 508 iustae
410 453 692 505 vindictae:
733 453 984 507 cecidisse
1018 453 1274 521 legionem
1313 468 1442 520 quae
1482 453 1730 520 proelium
1779 468 1902 510 ausa
1938 454 2004 506 sit
2016 471 2032 519 3

207 550 415 600 ceteros
452 545 634 598 castris
672 545 918 598 occultari
953 550 1037 596 aut
1088 546 1258 613 fugam
1306 546 1715 612 circumspicere.
1787 547 1861 601 Ne
1898 551 2034 601 stre-

211 636 364 703 pitum
404 636 605 703 quidem
659 642 709 689 et
762 637 1036 690 clamorem
1083 642 1158 688 tot
1200 637 1416 702 milium,
1470 638 1654 690 nedum
1715 638 1926 704 impetus
1984 643 2036 691 et

210 742 389 782 manus
424 728 722 794 perlaturos,
783 728 836 782 Si
874 728 1047 794 copias
1083 733 1406 792 armatorum,
1444 728 1489 779 si
1518 744 1698 782 causas
1720 728 1838 781 belli
1861 743 2034 784 secum

208 818 590 885 expenderent,
648 818 951 871 vincendum
1004 819 1088 870 illa
1147 819 1258 870 acie
1310 818 1392 870 vel
1439 819 1722 870 cadendum
1772 834 1903 874 esse.
1976 819 2072 873 Id5

126 907 408 963 36mulieri
441 909 775 962 destinatum:
813 909 1046 961 viverent
1081 909 1179 960 viri
1218 914 1268 960 et
1309 909 1576 962 servirent.
1647 910 1722 962 Ne
1762 910 2033 963 Suetonius

210 1000 411 1066 quidem
475 1001 527 1051 in
581 1005 718 1051 tanto
767 998 1060 1052 discrimine
1106 1000 1303 1052 silebat.
1380 1001 1689 1067 Quamquam
1757 1001 2038 1053 confideret

207 1091 395 1155 virmti,
434 1096 600 1142 tamen
638 1091 1018 1143 exhortationes
1057 1096 1107 1142 et
1141 1106 1322 1157 preces
1360 1091 1623 1154 miscebat,
1662 1096 1716 1142 ut
1736 1097 2036 1158 spernerent

205 1195 427 1236 sonores
469 1182 801 1234 barbarorum
856 1187 907 1234 et
956 1183 1134 1234 inanes
1186 1183 1364 1234 minas.
1439 1182 1552 1234 Plus
1594 1183 1698 1234 illic
1738 1184 2036 1238 feminarum

210 1286 356 1338 quam
396 1272 666 1329 iuventutis
701 1271 876 1338 aspici.
932 1272 1163 1325 imbelles
1201 1272 1422 1324 inermes
1461 1288 1699 1326 cessuros
1738 1275 1921 1339 statim,
1950 1275 2101 1328 ubiw

209 1363 398 1425 serrum
430 1364 764 1430 virtutemque
799 1364 1108 1417 vincentium
1145 1364 1332 1415 totiens
1356 1364 1454 1417 fusi
1478 1364 1826 1431 agnovissent.
1876 1365 2038 1418 Etiam

209 1455 263 1513 in
299 1455 467 1509 multis
508 1455 796 1522 legionibus
830 1470 1039 1521 paucOS,
1080 1455 1164 1521 qui
1196 1455 1390 1521 proelia
1416 1454 1770 1522 profligarent3
1808 1456 2039 1524 gloriae-

211 1561 308 1613 que
343 1561 520 1598 eorum
561 1561 884 1598 accessurum
918 1546 1052 1612 quod
1083 1546 1286 1598 modica
1318 1561 1495 1631 manus
1525 1547 1752 1599 universi
1784 1548 2042 1600 exercitus

135 1662 139 1666 ·
210 1638 391 1703 famam
431 1637 851 1704 adipiscerentur.
922 1638 1149 1690 Conferti
1184 1643 1372 1690 tantum
1411 1643 1461 1689 et
1494 1638 1609 1704 pilis
1647 1639 1878 1704 emissis,
1926 1645 2041 1705 post

209 1727 513 1779 umbonibus
549 1733 599 1779 et
634 1728 822 1795 gladiis
860 1733 1082 1795 stragem
1123 1729 1433 1794 caedemque
1473 1728 1851 1794 continuarent,
1887 1745 2041 1796 prae-
2068 1747 2114 1785 1⁵

213 1820 308 1872 dae
340 1820 688 1871 immemores:
726 1824 868 1886 parta
910 1820 1124 1871 victoria
1162 1825 1341 1871 cuncta
1378 1820 1501 1885 ipsis
1538 1835 1762 1872 cessura.
1801 1821 1847 1872 Is
1886 1821 2040 1872 ardor

210 1902 367 1966 verba
404 1910 548 1962 ducis
583 1910 905 1976 sequebatur,
946 1911 1013 1962 ita
1053 1926 1110 1963 se
1147 1911 1210 1962 ad
1243 1910 1581 1977 intorquenda
1616 1910 1713 1977 pila
1748 1911 2043 1977 expedierat

211 2006 356 2055 vetus
403 2000 547 2054 miles
602 2006 651 2052 et
686 2001 838 2053 multa
891 2001 1197 2067 proeliorum
1247 1994 1592 2067 experientia,
1648 1992 1715 2051 ut‘
1757 2006 1924 2054 certus
1976 2002 2041 2052 de

128 2090 401 2144 3⁷·eventu
453 2092 722 2145 Suetonius
781 2092 926 2143 daret
984 2107 1186 2159 pugnae
1234 2092 1452 2159 signum.
1527 2092 1604 2143 Ac
1653 2092 1864 2158 primum
1902 2092 2039 2161 legio

780 2246 824 2289 3.
858 2245 1038 2287 militum
1066 2243 1157 2286 Μ3τ
1199 2245 1388 2286 correxit
1424 2244 1610 2299 Lipsius.
1731 2244 1772 2287 6.
1819 2244 1928 2286 uiris
1960 2243 2040 2286 Μ3.

1446 2303 1488 2346 8.
1528 2304 1634 2360 ’ᾖε-ες
1666 2302 1745 2345 Μ3.
1852 2304 1920 2347 10
1954 2303 2043 2347 inb.

1476 2364 1615 2421 prael.
1648 2375 1764 2404 nunc
1797 2367 1840 2403 et
1875 2362 1944 2404 18.
1972 2362 2046 2405 Or

335 2246 373 2287 1.
443 2244 550 2286 rael.
585 2244 656 2288 Or.

213 2303 253 2346 7.
287 2259 536 2358 quampll‘la:
570 2303 604 2346 G
633 2303 704 2359 qui
737 2317 989 2359 quamquam
1021 2307 1123 2359 (per
1156 2309 1340 2362 comp).

211 2360 292 2405 Μ3.
397 2365 464 2407 12.
492 2376 654 2418 paucos
688 2364 759 2418 qut
787 2363 879 2406 Ma:
910 2378 1073 2422 paucos
1105 2378 1193 2406 esse
1228 2365 1299 2418 qui
1331 2362 1378 2404 G.

211 2421 427 2478 ylorieque
459 2421 537 2464 Μ3.
621 2424 688 2465 13.
721 2436 988 2465 accesseram
1021 2421 1413 2477 Ma.14.fama
1444 2421 1525 2465 Μ3.
1554 2422 1700 2464 malim
1733 2422 2044 2477 apiscerentur

216 2481 285 2524 16.
317 2482 420 2523 inm.
456 2480 536 2523 Μ3.
658 2482 793 2523 ardor
826 2495 923 2524 corr
953 2481 1034 2535 Μ3,
1084 2481 1257 2524 videtur
1291 2482 1429 2523 fuisse
1465 2481 1583 2527 ordo
1711 2480 1778 2522 18.
1813 2481 1863 2522 de
1896 2488 2047 2523 eventu

214 2538 378 2582 editor:
411 2539 477 2585 Μ3
509 2553 605 2582 cum
632 2541 730 2583 aliis
749 2549 915 2596 euentu,
937 2542 1172 2584 Rhenanus
1205 2548 1390 2584 eventus.
1488 2540 1555 2583 19.
1590 2540 1695 2603 dare
1716 2537 1808 2582 Μ3ε
1834 2539 1880 2582 G.
1907 2540 2043 2585 claret

213 2675 339 2722 Dom.
407 2679 456 2720 1:
522 2679 797 2722 contrectatis
857 2678 1083 2722 multorum
1168 2676 1315 2735 ᾠδαῖς
1350 2676 1658 2734 ἀπειλητικαῖς
1691 2674 1961 2753 xpuiptsvot,
1997 2678 2044 2720 οἵ.

211 2737 418 2781 uxoribus
462 2737 696 2781 Domitiam
739 2738 984 2795 Longinam
1027 2763 1082 2771 --

213 2798 343 2843 eciam
372 2797 420 2838 in
449 2798 765 2840 matrimonium
796 2798 986 2842 abduxit.

300 2862 347 2897 ut
385 2869 474 2898 non
521 2870 730 2924 corpora,
773 2870 828 2899 ne
869 2863 1085 2901 senectam

215 2913 380 2971 quidem
407 2921 482 2957 aut
505 2916 794 2970 virqinitatem
821 2916 1086 2971 impollutam

214 2973 485 3034 relinquant.-
534 2974 653 3028 prius
693 2985 850 3019 nomen
900 2986 1085 3042 corpora

216 3029 384 3075 duobus
417 3032 515 3076 aliis
550 3035 782 3089 (senectam
804 3041 877 3076 aut
899 3033 1085 3089 vir9ini-

217 3093 363 3149 tatem)
404 3092 565 3135 certius
599 3091 817 3134 delinitur.
882 3091 1084 3148 Quapro-

216 3156 313 3207 pter
361 3163 414 3192 ne
465 3175 520 3182 —-
579 3151 744 3206 quidem
790 3164 888 3194 esse
939 3150 1084 3195 debet.

218 3208 285 3250 Cf.
321 3214 469 3251 annot.
514 3208 567 3250 ad
600 3209 659 3251 lv
690 3211 763 3253 35.
830 3210 892 3252 Ne
924 3211 1086 3264 primus

215 3267 443 3310 Ernestius
483 3268 803 3323 suppeditavit;
845 3283 928 3311 nec
969 3270 1087 3310 assi-

216 3325 395 3370 milandi
443 3326 718 3370 aberratione
771 3333 873 3370 ante
930 3339 1085 3370 vocem

217 3391 435 3429 senectam
489 3392 737 3439 corruptum
787 3391 866 3427 est.
1023 3393 1082 3427 tot

215 3444 405 3489 milium.-
442 3443 497 3487 cl'.
533 3445 615 3486 Dio
650 3444 759 3487 Lxll
796 3446 823 3487 2
853 3449 896 3486 et
927 3443 970 3486 8.

307 3502 411 3557 Cap.
453 3502 525 3546 36.
587 3517 761 3545 sonores
802 3503 1085 3545 barbarorum

220 3560 259 3606 et'
287 3563 442 3607 inanes
473 3563 638 3604 minas:
674 3563 729 3606 cf.
764 3561 847 3604 Dio
871 3561 903 3604 Ι
909 3561 982 3603 XII
1006 3563 1083 3606 12:

218 3637 307 3670 atate
364 3621 527 3668 τούιου
584 3622 835 3676 συνῆλθον,
894 3622 939 3667 οἱ
995 3621 1085 3680 μὲν

218 3678 450 3744 βάρβαροι
498 3681 677 3743 κραυγῇ
728 3693 775 3726 τε
815 3680 956 3743 πολλῆ
1005 3683 1085 3728 καὶ

1170 2721 1220 2782 d&
1279 2737 1498 2810 Ῥωμαῖοι
1564 2741 1670 2794 σιγῇ
1727 2740 1807 2780 καὶ
1866 2737 2040 2795 κόσμω,

1166 2799 1337 2870 μέχρις
1402 2813 1455 2840 ου
1520 2797 1566 2844 ἐς
1621 2797 1841 2843 ἀκοντίου
1902 2798 2040 2851 βόλην

1171 2856 1417 2914 ἀφίκοντο.
1479 2855 1648 2897 Nomen
1694 2855 1863 2898 sonoris
1907 2856 2039 2897 etiam

1170 2915 1188 2961 l
1219 2915 1292 2968 65,
1324 2914 1385 2958 IV
1418 2914 1492 2959 48.

1275 2980 1350 3019 aut
1394 2973 1565 3030 proelia
1606 2974 1916 3029 profliyarent:
1970 2974 2044 3028 qui

1171 3032 1398 3075 adversam
1432 3034 1570 3075 aciem
1604 3031 1902 3088 profligarent,
1940 3031 2039 3073 1ι.ο.

1171 3091 1423 3135 inclinatam
1457 3091 1690 3135 redderent
1732 3097 1775 3132 et
1818 3092 1860 3132 in
1893 3090 2042 3145 fugam

1172 3156 1412 3194 ver·.te1ent
1532 3150 1779 3191 umbonibus
1819 3156 1857 3189 et
1887 3149 2044 3203 9ἰαιίἱὶε

1171 3217 1360 3267 straqem
1414 3208 1665 3263 caedemque
1718 3208 1946 3248 conimuat
1950 3214 2042 3248 ent

1171 3274 1340 3323 strages
1372 3267 1553 3319 respicit
1596 3266 1837 3318 umbones,
1881 3265 2040 3307 caedes

1171 3326 1371 3382 gladios:
1428 3337 1525 3368 nam
1582 3325 1742 3381 gladiis
1800 3323 2040 3373 adversarii

1171 3384 1408 3426 caeduntur
1423 3415 1435 3437 ,
1482 3384 1743 3425 umbonibus
1775 3390 2039 3426 sternuntur.

1279 3450 1418 3484 certus
1471 3442 1520 3485 de
1577 3450 1725 3484 eventu
1784 3443 2040 3483 Suetonius:

1169 3502 1436 3555 praepositio
1485 3501 1535 3541 de
1591 3502 1634 3542 in
1682 3500 1906 3543 codicibus
1957 3500 2038 3542 ab-

1169 3566 1315 3616 sorpta
1349 3566 1415 3602 est
1447 3573 1471 3601 a
1494 3562 1692 3614 proximo
1716 3566 1879 3604 eventu.
1915 3558 2038 3604 Rhe-

1170 3621 1271 3663 naui
1312 3620 1567 3663 coniectura
1611 3627 1783 3663 eventus
1823 3620 2039 3675 ingratam

1168 3677 1386 3731 sibilantis
1418 3676 1593 3732 litterae
1637 3679 1807 3738 copi-,am
1837 3677 2041 3749 producit
