2280 4004
271 280 361 322 838

1027 280 1332 326 -VANNAlelu

1823 302 1863 332 a.
1896 294 1941 334 u.
1975 283 2083 340 Um

266 422 540 473 obsederat
577 435 680 471 non
722 419 934 471 occultis
970 419 1186 487 gladiis3
1225 423 1544 492 dispersique
1576 443 1669 494 per
1710 431 1821 484 fora
1859 444 1923 486 ae
1954 435 2097 488 basi-

262 514 390 565 licas
429 513 575 564 cunei
612 511 870 562 militares·
929 512 1062 564 Inter
1096 527 1308 579 quorum
1346 523 1580 583 aspectus
1605 525 1654 571 et
1678 522 1840 575 minas
1872 525 2095 594 ingressi

266 608 455 658 curiam
505 609 786 657 senatores,

861 605 922 656 Et
979 606 1144 656 oratio
1194 608 1440 674 principis
1484 624 1577 676 per
1625 619 1946 679 quaestorem
1985 618 2095 670 eius

263 690 446 762 audita*
472 693 574 740 est:
611 689 815 740 nemine
838 690 1133 747 nominatim
1162 692 1461 757 compellato
1487 700 1657 760 patres
1682 699 1933 766 arguebat
1959 703 2098 768 quod.

225 780 463 847 spublica
495 780 665 832 munia
701 781 1028 846 desererent,
1072 785 1347 848 eorumque
1384 786 1614 852 exemplo
1649 789 1844 854 equites
1881 791 2095 845 Romani

263 872 325 924 ad
362 872 632 939 segnitiam
666 876 1001 924 verterentur.
1075 873 1274 924 Etenim
1327 876 1445 941 quid
1493 877 1674 929 mirum
1724 896 1754 931 e
1800 881 2092 949 longinquis

259 963 540 1030 provinciis
589 963 723 1014 haud
777 964 969 1028 veniri,
1029 979 1140 1015 cum
1190 965 1420 1039 plerique
1469 968 1637 1034 adepti
1693 972 2011 1025 consulatum.
2044 980 2094 1027 et

259 1054 547 1120 sacerdotia
585 1054 847 1106 hortorum
884 1056 1049 1121 potius
1076 1041 1368 1108 amoenitati
1402 1059 1725 1113 inservirent.
1781 1063 1930 1124 Quod
1958 1065 2095 1117 velut

257 1145 411 1198 telum
451 1146 746 1212 corripuere
784 1153 1127 1199 accusatores.

1202 1149 1264 1200 Et
1298 1150 1492 1202 initium
1521 1153 1742 1205 faciente
1771 1154 2089 1222 Cossutiano,
2107 1163 2177 1210 28

193 1239 451 1292 iomaiore
488 1239 538 1290 vi
575 1239 844 1291 Marcellus
896 1255 1139 1291 summam
1190 1257 1296 1293 rem
1346 1243 1598 1307 publicam
1656 1245 1740 1312 agi
1780 1246 2092 1313 clamitabat3

259 1330 574 1388 contumacia
610 1330 908 1381 inferiorum
939 1331 1196 1383 lenitatem
1221 1333 1554 1397 imperitantis
1581 1335 1816 1386 deminui.
1843 1354 1852 1358 ’
1877 1338 2093 1390 Nimium

256 1422 402 1472 mites
446 1421 510 1472 ad
550 1437 660 1471 eam
698 1420 829 1471 diem
867 1426 1064 1486 patreS,
1118 1423 1200 1487 qui
1240 1422 1511 1474 Thraseam
1552 1425 1953 1496 desciscentem,
2010 1429 2094 1495 qui

256 1526 502 1578 generum
542 1511 650 1562 eius
686 1511 971 1561 Helvidium
1019 1512 1246 1563 Priscum
1297 1514 1349 1563 in
1397 1514 1560 1565 isdem
1609 1515 1895 1582 furoribuS,
1945 1518 2094 1571 simul

346 1656 389 1700 6.
424 1665 647 1700 uterentur
677 1655 768 1700 Ma:
800 1657 834 1700 G
868 1664 912 1700 et
944 1660 1079 1701 ceteri
1111 1667 1394 1702 verterentur.

1177 1720 1220 1762 8.
1266 1734 1406 1761 amen.
1441 1719 1521 1763 Ma.

705 1779 773 1821 10.
806 1779 947 1820 maior
979 1779 1080 1821 aeui
1110 1777 1200 1821 Ma.-
1230 1782 1395 1822 maiore
1425 1781 1471 1822 ui
1503 1779 1550 1822 G.

258 1717 350 1758 uiri
384 1717 418 1759 G
450 1724 493 1759 et
525 1717 626 1759 alii:
663 1719 853 1759 correxit
883 1717 1070 1772 Lipsius.

260 1777 488 1833 arripuere
533 1776 580 1819 G.

260 1835 422 1879 hisdem
450 1835 531 1890 Ma,
562 1837 711 1878 iisdem
744 1836 790 1879 G.

259 1950 519 1986 armatorum
541 1956 706 1986 cuneos
729 1943 951 1986 idoneum.
987 1943 1139 2000 Longe

257 2005 445 2058 repetita
488 2009 587 2044 sunt
634 2003 744 2045 haec
802 2001 980 2046 Orellii:
1032 2006 1138 2044 ‘non

256 2069 424 2105 temere
468 2068 612 2104 autem
658 2068 835 2105 senatus
882 2069 986 2104 tunc
1027 2075 1138 2104 con-

256 2129 441 2164 vocatus
475 2128 541 2163 est
571 2121 615 2162 in
650 2122 858 2176 templum
893 2121 1137 2163 Genetricis

254 2182 394 2224 Iuliae
421 2183 581 2237 gentis,
615 2181 691 2223 sed
716 2182 769 2222 ad
803 2181 1135 2237 significandum

257 2243 329 2298 agi
363 2241 416 2283 de
449 2254 541 2293 reo,
574 2242 647 2295 qui
680 2241 893 2282 violasset
918 2240 1136 2282 Neronem

255 2301 309 2342 ad
353 2314 447 2342 eam
493 2301 673 2354 stirpem
715 2299 868 2342 saltem
917 2312 995 2354 per
1028 2299 1136 2341 ado-

254 2361 430 2414 ptiones
476 2359 801 2414 pertinentem.'
919 2370 1008 2400 non
1059 2373 1136 2400 oc-

256 2419 379 2461 cultis
422 2418 604 2474 gladiis.-
656 2418 740 2460 hoc
783 2417 1017 2459 ludibrium
1060 2431 1136 2460 re-

254 2480 398 2533 spexit
429 2485 581 2519 auctor
613 2478 822 2520 Octaviae
866 2479 1133 2534 (Maternus)

255 2551 280 2579 a
310 2551 380 2579 me
433 2542 655 2580 correctus
697 2551 739 2580 v,
790 2537 877 2580 460
927 2538 1135 2594 dispectus

255 2598 368 2638 ensis
408 2598 541 2650 faciet
593 2600 708 2651 (rata
749 2598 865 2637 iussa
908 2596 1133 2652 Neronis).

254 2656 506 2710 Magistrum
569 2655 750 2696 sceleris
818 2656 1010 2696 imitatus
1069 2660 1135 2696 est

253 2713 554 2756 Domitianus:
586 2715 691 2770 Agr.
725 2714 798 2756 45.
861 2714 1005 2755 Verba
1036 2714 1134 2768 qlo-

256 2773 329 2814 bus
392 2781 632 2829 toqatorum
680 2772 931 2829 significant
986 2773 1132 2829 legem

253 2832 531 2885 impudenter
548 2833 782 2874 violatam:
807 2845 903 2873 nam
928 2846 1022 2874 cum
1043 2832 1132 2873 telo

253 2893 298 2932 in
331 2891 438 2933 urbe
474 2906 571 2934 esse
604 2898 754 2948 togato
793 2898 915 2932 atrox
949 2893 1128 2933 crimen.

345 2953 534 2993 curiam:
576 2964 663 2992 non
696 2957 762 2992 est
795 2953 915 2992 curia
945 2951 1056 2992 Iulia
1087 2952 1133 2991 in

251 3009 348 3050 foro
368 3011 578 3063 Romano,
610 3010 686 3051 sed
710 3023 941 3051 consessus
963 3017 1131 3064 patrum

252 3067 296 3109 in
329 3069 492 3124 templo
527 3069 771 3112 Genetricis
804 3083 919 3110 nunc
953 3071 1016 3110 sic
1047 3081 1134 3110 vo-

253 3134 390 3170 catur.
509 3144 589 3185 per
632 3136 896 3184 quaestorem
941 3130 1054 3170 eius:
1087 3141 1128 3170 v.

252 3194 399 3228 annot.
443 3188 496 3228 ad
543 3203 579 3230 c.
622 3190 694 3231 34.
818 3189 875 3229 ad
906 3188 1132 3243 seqnitiam

251 3254 547 3288 verterentur:
582 3248 626 3287 in
655 3248 720 3289 Ma
752 3254 974 3288 uterentur
1007 3259 1128 3287 com-

251 3307 398 3358 pendii
431 3313 535 3348 nota
572 3313 817 3361 (eicerentur
850 3313 922 3348 aut
954 3312 1130 3347 uteren-

251 3372 334 3416 tur,
369 3364 411 3407 h.
434 3379 472 3406 e.
507 3369 794 3423 verterentur)
822 3366 1028 3422 neglecta
1049 3371 1128 3416 est,

251 3436 390 3479 eaque
439 3424 498 3465 ibi
542 3426 727 3466 fortasse
771 3425 874 3466 olim
916 3425 1054 3465 adfuit
1088 3430 1131 3465 et

247 3495 365 3523 nunc
399 3486 592 3526 evanuit.
658 3484 786 3526 Certe
833 3486 896 3525 uti
928 3483 1128 3537 exemplo

249 3542 306 3581 ad
341 3544 566 3596 seqnitiam
598 3557 683 3584 non
718 3541 877 3584 dictum
912 3557 935 3583 a
965 3542 1128 3595 'l'acito‚

248 3599 324 3640 sed
357 3603 578 3653 posuisset
609 3604 655 3643 in
685 3605 926 3658 seqnitiam,
960 3608 1007 3642 ut
1020 3602 1125 3657 Agr.

251 3657 331 3699 18:
381 3673 461 3700 nec
497 3661 708 3717 Aqricola
731 3663 1019 3718 prosperitate
1051 3674 1126 3703 re-

1487 1662 1526 1703 7.
1560 1662 1648 1704 had
1676 1664 1822 1705 ueniri
1846 1653 1926 1717 Ma,
1958 1665 2095 1708 adue-

1644 1722 1686 1765 9.
1732 1725 1980 1779 corripuere
2011 1723 2092 1778 ΜΒ,

1671 1783 1784 1839 rep.
1817 1782 1898 1827 Ma.
2025 1786 2093 1829 13.

1220 1959 1315 1986 rum
1371 1946 1418 1986 in
1468 1947 1703 1987 vanitatem
1755 1961 1868 1989 usus.
1934 1948 2095 1991 Verum

1221 2004 1447 2045 admodum
1481 2006 1658 2046 sinistre
1686 2001 1871 2048 Medicei
1903 2001 2097 2050 ffiutores

1222 2077 1276 2105 ex
1306 2063 1516 2119 Agricola
1551 2067 1613 2119 (c.
1650 2065 1728 2121 18)
1760 2066 1971 2108 afferunt:
2005 2074 2098 2109 cum

1222 2130 1261 2164 et
1292 2123 1445 2164 milites
1486 2122 1599 2165 velut
1638 2126 1794 2165 omissa
1831 2126 2097 2181 expeditione

1221 2182 1279 2222 ad
1308 2183 1581 2224 securitatem
1624 2190 1663 2224 et
1705 2183 1844 2225 hostes
1875 2184 1934 2226 ad
1963 2198 2096 2227 occa-

1219 2242 1380 2282 sionem
1401 2248 1684 2293 verterentur,
1715 2241 1789 2283 ubi
1822 2250 1934 2285 unus
1957 2243 2096 2286 codex

1218 2308 1468 2342 uterentur.-
1501 2314 1599 2342 nam
1632 2301 1725 2343 illic
1747 2300 1964 2344 ablativus
1982 2296 2096 2346 velut

1220 2362 1376 2402 omissa
1419 2361 1686 2415 empeditione
1737 2361 1822 2418 (als
1859 2367 1977 2404 wdre
2018 2361 2103 2417 auf

1222 2420 1348 2460 einen
1382 2418 1563 2476 Feldzuy
1594 2419 1840 2476 verzichtet)
1873 2427 1959 2474 non
1979 2429 2094 2477 pen-

1219 2478 1291 2519 det
1324 2491 1347 2520 a
1379 2479 1514 2521 verbo
1548 2479 1872 2534 subsequente,
1904 2471 2094 2536 ideoque

1218 2545 1440 2579 uterentur
1488 2537 1602 2579 haud
1643 2538 1773 2580 dubie
1813 2538 1873 2580 ibi
1921 2551 2094 2596 quoque

1217 2597 1508 2650 spernendum
1544 2603 1623 2639 est.
1687 2596 1779 2638 Hoc
1811 2600 1960 2639 nostro
1992 2598 2095 2640 loeo*

1218 2669 1352 2711 grave
1407 2657 1588 2697 verbum
1639 2668 1716 2709 pro
1776 2667 1896 2697 more
1956 2656 2097 2713 elegit

1215 2715 1356 2756 Nero:
1393 2714 1603 2756 eiusmodi
1639 2720 1705 2755 est
1733 2719 2016 2767 verterentur,
2049 2722 2094 2757 et

1217 2773 1302 2815 hoc
1335 2775 1476 2826 ipsum
1510 2773 1771 2827 compendio
1798 2773 2094 2830 significatum·

1218 2834 1290 2887 qui
1326 2834 1451 2887 primi
1485 2846 1538 2874 ex
1560 2832 1627 2875 Ma
1650 2833 1790 2874 altero
1818 2841 1933 2875 nova
1966 2833 2093 2876 fece-

1216 2898 1316 2932 runt
1352 2892 1634 2946 exemplaria,
1668 2894 1797 2934 etiam
1822 2898 1912 2933 tum
1933 2892 2094 2934 viden-

1216 2958 1285 2992 tur
1312 2953 1356 2992 in
1380 2964 1432 2993 eo
1453 2952 1606 2993 codice
1623 2952 1886 3006 repperisse,
1919 2956 1966 2991 ω
1990 2951 2095 2994 inde

1215 3013 1259 3052 in
1292 3011 1428 3051 libros
1460 3012 1731 3053 recentiores
1765 3010 2007 3053 devenerit.

1334 3071 1478 3125 adepti
1531 3071 1821 3112 consularium
1883 3068 2097 3126 intelligit

1216 3129 1488 3171 consulatum
1535 3129 1773 3179 Thraseae,
1818 3140 1906 3169 non
1946 3133 2094 3171 tamen

1215 3189 1478 3230 ordinarium
1499 3221 1510 3242 ,
1561 3189 1664 3231 olim
1698 3187 1916 3239 delatum,
1960 3187 2016 3230 cf.
2051 3191 2090 3230 ὸ.

1214 3248 1296 3291 28:
1347 3249 1567 3303 requirere
1599 3263 1643 3290 se
1675 3249 1722 3289 in
1751 3252 1903 3289 sunm
1935 3256 2097 3289 coum

1214 3307 1363 3349 larem.

1304 3366 1408 3420 Cap.
1444 3366 1515 3410 28.
1582 3378 1788 3407 summam
1830 3374 1920 3406 rem
1946 3363 2092 3421 putu*-

1215 3439 1310 3466 cam
1342 3426 1440 3480 aqi.-
1481 3425 1538 3466 cf.
1582 3424 1658 3466 Xll
1691 3425 1718 3467 5
1761 3424 1911 3479 ibique
1941 3426 2088 3479 annot.

1303 3483 1535 3526 Paconium
1587 3483 1872 3539 Aqrippinmn
1916 3480 2091 3538 paterni

1212 3543 1259 3583 in
1287 3545 1505 3598 principes
1538 3543 1625 3583 odii
1647 3542 1866 3583 heredemz
1895 3541 2091 3595 ‘propter

1212 3607 1378 3655 patrem
1412 3603 1506 3643 eius
1537 3601 1794 3653 Paconium,
1842 3600 1916 3654 qui
1949 3599 2089 3640 maie-

1210 3662 1334 3703 statis
1365 3674 1465 3704 reus
1498 3660 1578 3704 sub
1597 3659 1770 3702 Tiberio
1791 3658 1936 3713 periit.
1968 3655 2088 3699 Eruo
