2280 4004
201 266 307 331 a&
339 267 456 330 55.
786 269 950 314 ιιΒΕιι
976 268 1088 324 xm.
1155 270 1262 322 cip.
1294 272 1484 318 21-22.
1934 272 2024 317 aar

202 413 300 483 stat
340 410 424 478 qui
464 410 701 464 cohortes
737 412 790 463 in
824 413 951 465 urbe
986 417 1278 479 temptataS,
1339 415 1423 481 qui
1458 413 1835 481 provinciarum
1875 413 2026 466 fidem

201 501 573 572 labefactatam,
612 503 829 570 denique
864 519 1045 557 servos
1078 505 1160 557 vel
1194 505 1409 558 libertos
1453 506 1517 559 ad
1554 505 1722 558 scelus
1759 510 2024 572 corruptos

203 599 398 667 arguat.
501 595 686 649 Vivere
745 611 844 663 ego
902 596 1195 648 Britannico
1254 598 1476 663 potiente
1532 613 1701 649 rerum
1760 597 2027 664 poteram?

201 684 281 739 Ac
328 685 372 736 si
406 685 605 737 Plautus
643 692 727 737 aut
769 688 881 752 quis
921 687 1047 739 alius
1099 703 1207 740 rem
1246 689 1498 754 publicam
1545 689 1855 744 iudicaturus
1893 688 2030 742 obti-s-

203 775 398 841 nuerit,
463 776 644 828 desunt
680 777 877 832 scilicet
912 779 1033 833 mihi
1070 784 1433 845 accusatores,
1474 780 1558 846 qui
1594 795 1698 832 non
1733 780 1893 834 verba
1928 780 2066 836 itu-⁵

201 866 443 933 patientia
480 868 705 920 caritatis
743 868 1013 935 aliquando
1051 871 1268 936 incauta,
1309 871 1401 924 sed
1432 888 1491 929 ea
1531 872 1740 925 crimina
1779 872 2021 938 obiciant,

204 958 384 1030 quibu-s
409 959 508 1010 nisi
537 975 564 1010 a
589 959 692 1010 filio
721 960 918 1012 absolvi
951 977 1054 1013 non
1087 963 1312 1028 possim?
1386 963 1659 1017 Commotis
1684 964 1768 1030 qui
1798 964 2026 1029 aderant,

203 1050 437 1120 ultroque
472 1051 676 1117 spiritus
713 1052 822 1104 eius
857 1053 1230 1121 mitigantibus,
1288 1054 1592 1121 colloquium
1647 1055 1735 1107 filii
1773 1055 2029 1120 exposcit3

201 1140 288 1210 ubi
333 1140 461 1202 nihil
514 1156 606 1208 pro
666 1142 989 1210 innocentia,
1064 1145 1209 1211 quasi
1260 1145 1540 1211 diffideret,
1602 1161 1698 1198 nec
1746 1145 2027 1210 heneficiiS,

205 1231 348 1306 quasi
396 1232 757 1299 exprobraret,
818 1234 1086 1300 disseruit,
1151 1235 1241 1287 sed
1295 1235 1539 1288 ultionem
1587 1236 1640 1287 in
1690 1236 1943 1289 delatores
1980 1241 2030 1288 et
2044 1243 2093 1289 10

117 1323 188 1370 22
204 1323 428 1392 praemia
467 1324 643 1377 amicis
694 1325 924 1377 obtinuit.
1014 1327 1337 1380 Praefectura
1385 1342 1619 1381 annonae
1653 1328 1840 1380 Faenio
1878 1328 2027 1393 Rufo,

203 1429 328 1482 ‚cura
375 1414 634 1481 ludorum,
687 1416 771 1482 qui
825 1433 853 1468 a
893 1416 1115 1469 Caesare
1154 1418 1489 1485 parabantur,
1543 1419 1787 1471 Arruntio
1825 1418 2027 1483 Stellae,

202 1506 465 1574 Aegyptus
517 1506 644 1559 Gaio
679 1507 891 1560 Balbillo
941 1510 1307 1575 permittuntur.
1406 1511 1551 1578 Syria
1605 1510 1778 1563 Publio
1843 1511 2030 1563 Anteio

206 1595 483 1648 destinata:
539 1598 631 1650 sed
683 1599 840 1651 variis
886 1614 1006 1653 mox
1055 1602 1246 1656 artibus
1286 1602 1484 1667 elusuS,
1536 1602 1600 1654 ad
1636 1607 1944 1668 postremum
1978 1603 2032 1654 in

202 1687 329 1749 urbe
364 1693 591 1740 retentus
629 1695 721 1742 est.
795 1691 862 1743 At
889 1692 1057 1745 Silana
1096 1693 1149 1744 in
1183 1693 1386 1745 exilium
1417 1698 1545 1747 acta.
1621 1693 1870 1746 Calvisius
1902 1704 2096 1759 quo-15

204 1792 300 1844 que
337 1783 388 1830 et
425 1779 608 1835 Iturius
659 1780 968 1849 relegantur.
1058 1783 1134 1836 De
1171 1784 1392 1836 Atimeto
1431 1784 1728 1850 supplicium
1763 1789 2030 1852 sumptum,

321 1959 699 2015 &labefactatam
731 1957 812 2011 Ma,
846 1970 933 1999 non
966 1957 1241 2013 labefactam.
1332 1960 1374 2001 3.
1409 1958 1667 1999 brittannico
1694 1955 1774 1999 Μ3.

1846 1958 2036 2014 potentie

203 2032 254 2077 pr
285 1993 366 2066 Μ3.
490 2021 531 2062 4.
565 2033 620 2060 ac
647 2017 715 2060 Μ3
748 2020 855 2073 (non
889 2017 1026 2073 Lipsii
1059 2021 1141 2072 at).
1243 2031 1392 2073 remp.
1426 2016 1507 2059 Μ3.
1630 2017 1673 2059 8.
1705 2030 1794 2072 spm
1826 2030 1922 2058 cum
1953 2017 2033 2058 lin.

204 2092 335 2136 super
367 2078 449 2121 litt.
485 2094 540 2130 m,
575 2091 686 2133 quae
717 2077 802 2119 litt.
838 2083 904 2119 est
935 2090 959 2118 a
990 2090 1121 2118 manu
1152 2078 1414 2119 recentiore.
1478 2092 1606 2133 expos
1638 2078 1703 2133 (in
1746 2075 1830 2117 fine
1860 2078 2033 2133 versus)

202 2140 283 2181 scit
314 2137 393 2184 Μ3.
504 2138 545 2180 9.
579 2136 715 2178 nichil
744 2135 824 2179 Μ3.
950 2131 1017 2178 11.
1054 2137 1171 2178 senio
1202 2136 1282 2178 Μ3.
1339 2135 1453 2181 idem
1488 2137 1641 2178 Faenii
1682 2147 1840 2177 nomen
1870 2137 2036 2190 septies

234 2210 282 2240 er
315 2212 367 2239 ae
399 2198 524 2240 effert
558 2198 626 2250 (et
659 2197 723 2239 sic
753 2187 869 2238 tituli
903 2195 1184 2253 plerumque)
1215 2195 1269 2239 14
1299 2196 1459 2247 51,15
1493 2196 1550 2239 50
1582 2202 1624 2237 et
1656 2187 1712 2237 53
1746 2200 1789 2235 et
1817 2195 1872 2239 61
1908 2201 1951 2240 et
1978 2194 2036 2246 66

203 2211 319 2313 Ξὶιῖε)
344 2262 387 2299 et
418 2257 490 2310 68,
513 2255 580 2297 bis
601 2268 678 2310 per
710 2270 731 2296 e
757 2257 811 2298 14
839 2254 993 2307 57,16
1029 2256 1097 2298 12.
1162 2254 1351 2297 Orellius
1390 2255 1443 2297 ad
1475 2257 1530 2298 14
1560 2256 1643 2298 51:
1669 2254 1841 2296 ‘Faenii
1868 2260 2037 2308 septem

204 2322 303 2358 sunt
351 2315 466 2370 apud
516 2313 768 2367 Gruterum,
828 2313 979 2355 decem
1030 2314 1143 2368 apud
1185 2308 1277 2356 Μιιι·
1281 2315 1490 2367 utorium,
1543 2315 1698 2355 Fenius
1761 2327 1871 2354 unus
1924 2312 2038 2367 apud

205 2374 463 2417 Gruterum.³
530 2375 597 2417 13.
635 2375 684 2416 G.
719 2373 798 2415 Μ3.
898 2374 966 2416 13.
994 2373 1178 2430 pancelo
1212 2372 1305 2415 Ma:
1339 2375 1528 2416 correxit
1559 2374 1746 2428 Lipsius.
1783 2373 1839 2414 cf.
1878 2373 1930 2415 16
1966 2373 2034 2415 14.

208 2434 277 2477 14.
310 2434 385 2476 secl
415 2433 650 2476 Heinsius.
684 2432 860 2475 codices
894 2439 949 2475 et.

205 2577 258 2621 ad
293 2579 554 2620 contrarium
581 2579 645 2620 ‘at
677 2577 833 2621 existat
854 2577 926 2633 qui
951 2589 1079 2619 coar-

205 2645 309 2697 guat
331 2651 400 2681 me
427 2651 623 2707 unquam·
642 2637 804 2679 fecisse
826 2636 1076 2693 quidquam,

204 2710 290 2753 quo
324 2697 438 2739 idem
471 2699 701 2751 imperium
732 2696 895 2739 Neroni
931 2697 1078 2751 eripe-

203 2756 354 2799 retur-‚⁸
402 2757 514 2798 Huic
546 2757 794 2798 sententiae
828 2755 1076 2797 efferendae

206 2817 390 2872 egregie
421 2816 559 2858 servit
591 2815 808 2870 particula
838 2822 898 2867 at,
932 2822 981 2856 ut
1013 2821 1078 2856 est

204 2876 249 2916 in
298 2873 492 2917 editione
545 2875 744 2929 principe
788 2878 832 2915 et
877 2873 1077 2916 omnibus

205 2940 306 2978 ante
349 2933 632 2986 Rhenanum,
679 2945 765 2974 non
807 2940 880 2974 aut
924 2946 978 2974 ex
1011 2931 1078 2974 Μ3

207 2999 251 3036 ct
282 2992 316 3035 B
353 2992 387 3036 G
418 3007 444 3035 a
474 2991 697 3035 nonnullis
731 2991 971 3034 editoribus
1001 3005 1076 3034 re-

205 3054 364 3106 posita.
428 3051 514 3094 Aut
545 3058 645 3106 apta
684 3058 801 3105 erat,
846 3053 883 3093 si
908 3051 1074 3108 Agrip..

208 3112 308 3166 pina
323 3116 425 3153 ante
450 3110 567 3153 dicta
579 3110 946 3166 subsequentibus
966 3122 1076 3153 con..

208 3169 378 3212 firmare
425 3182 477 3211 ac
519 3170 703 3224 probare
734 3170 972 3223 voluisset3
1018 3171 1075 3212 cf.

208 3227 268 3273 111
293 3228 351 3271 54
381 3234 455 3269 aut
486 3229 524 3269 si
555 3231 646 3284 quis
676 3235 760 3272 cet.
807 3227 892 3272 Sed
912 3229 1078 3286 Agrip-

210 3288 314 3343 pina
340 3286 383 3328 id
414 3287 558 3341 potius
591 3287 792 3340 intendit,
825 3293 873 3327 ut
897 3301 950 3328 ex
978 3295 1078 3330 ante

210 3346 367 3403 positis
402 3351 658 3402 argumenta
688 3352 809 3400 petat
828 3345 984 3401 quibus
1004 3359 1079 3388 re-

213 3405 395 3462 darguat
414 3418 526 3460 quae
544 3411 784 3460 sequuntur
807 3404 939 3459 plane
971 3418 1080 3446 con-

214 3467 345 3508 traria
376 3464 608 3519 prioribus

305 3538 394 3567 vem
418 3523 635 3581 publicam
670 3523 937 3565 iudicaturus
969 3521 1080 3563 obti-

217 3579 392 3630 iuuerit.-
439 3598 530 3626 rcm
567 3582 784 3639 publicam
813 3582 1081 3624 iudicaturus

219 3636 326 3705 poli
330 3644 636 3705 coniungere,
668 3657 761 3699 rem
791 3642 908 3699 enim
931 3640 1081 3700 publi·-

1163 2590 1259 2619 cam
1317 2575 1514 2619 iudicare
1570 2588 1715 2633 neque
1765 2575 1841 2625 alii
1874 2574 2038 2623 *Latini

1163 2638 1399 2690 scriptores
1446 2649 1591 2691 neque
1630 2635 1802 2677 'l'acitus
1846 2649 2034 2691 unquam

1163 2695 1286 2749 dixit,
1320 2695 1398 2738 sed
1429 2696 1698 2740 iudicaturus
1729 2695 1930 2736 absolute
1963 2696 2036 2735 in-

1162 2757 1444 2810 terpositum:
1504 2760 1736 2796 converte:
1783 2755 1872 2797 und
1911 2768 2038 2796 werin

1162 2814 1336 2856 Plautus
1369 2814 1472 2855 oder
1505 2815 1574 2855 ein
1598 2814 1797 2857 Anderer
1816 2814 1922 2855 iiber
1954 2814 2037 2855 den

1162 2875 1289 2915 Staat
1320 2874 1379 2914 im
1411 2873 1573 2915 Besitze
1607 2872 1684 2914 der
1726 2872 2036 2919 richeerlichen

1164 2931 1326 2975 Gewalt
1356 2933 1550 2988 gebieten
1581 2932 1743 2975 warde.

1236 2991 1341 3047 Cap.
1374 2993 1445 3034 22.
1510 2992 1619 3034 Gaio
1635 2991 1846 3034 Balbillo.-
1867 2991 2037 3042 Seneca

1159 3049 1210 3093 N.
1227 3051 1278 3102 Q.
1296 3050 1354 3092 lv
1371 3053 1421 3095 2:
1440 3050 1724 3093 Balbillusvir
1734 3051 1910 3107 optimus
1927 3065 2036 3106 pro-

1156 3113 1372 3165 fectusque
1395 3111 1442 3150 in
1465 3111 1579 3150 omni
1611 3108 1853 3150 litterarum
1878 3122 2037 3164 acriore

1161 3168 1375 3210 rarissimi
1397 3175 1548 3209 auctor
1575 3175 1648 3219 est,
1683 3182 1777 3209 cum
1797 3168 1886 3222 ipse
1899 3180 2035 3223 prae-

1162 3230 1298 3282 fectus
1331 3227 1539 3267 obtineret
1584 3226 1843 3282 Aeyyptum,
1888 3227 2036 3268 Hera-

1165 3285 1340 3327 cleotico
1374 3287 1477 3326 ostio
1512 3283 1674 3326 Nili—
1695 3284 1936 3340 spectaculo
1955 3285 2038 3326 sibi

1162 3346 1296 3400 fuisse
1329 3343 1625 3399 delphinorum
1656 3357 1684 3384 a
1715 3345 1828 3386 mari
1847 3357 2036 3386 concur-

1164 3404 1349 3444 rentium
1381 3409 1420 3444 et
1456 3402 1768 3444 crocodilorum
1804 3416 1834 3444 a
1865 3404 2038 3458 flumine

1166 3463 1391 3504 adversum
1415 3475 1567 3518 aymen
1588 3464 1804 3518 agentium
1820 3462 1932 3509 velut
1954 3475 2035 3517 pro

1160 3521 1356 3578 partibus
1381 3520 1607 3578 proelium.
1677 3519 1743 3563 cf.
1772 3520 1880 3563 Plin.
1913 3521 1965 3563 N.
1982 3521 2034 3564 H.

1166 3580 1264 3625 XIX
1305 3585 1343 3624 1.
1406 3579 1454 3622 P.
1486 3579 1666 3623 Anteio:
1707 3580 1807 3622 XVI
1842 3582 1922 3625 14:
1955 3593 2036 3625 ca-

1164 3641 1295 3688 ritate
1322 3638 1593 3714 Agrippinae
1623 3641 1785 3685 invisus
1815 3639 1994 3694 Neroni.
