2280 4004
293 150 321 173 Ι

256 272 344 322 150
1004 275 1296 330 ANNALWM

1822 297 1863 330 a.
1892 275 1940 331 ii.
1972 276 2081 335 8115

254 416 506 470 neminem
530 418 679 470 alium
709 417 957 471 delectum
997 420 1080 487 qui
1110 421 1357 474 saevienti
1393 419 1679 491 impudicae
1712 440 1893 480 vocem
1926 420 2083 496 praen-

253 509 438 562 beret‘?
506 508 792 561 Puniendos
824 525 1002 562 rerum
1031 513 1278 564 atrocium
1315 513 1592 582 ministros,
1636 516 1722 568 ubi
1761 518 1920 584 pretia
1958 533 2082 572 sce-

252 600 410 652 lerum
470 599 637 666 adepti
698 601 897 654 scelera
950 603 1058 669 ipsa
1116 604 1230 656 aliis
1293 605 1550 675 delegent.
1641 609 1800 677 Igitur
1849 609 2079 678 adempta

250 690 500 745 bonorum
537 697 679 757 parte
719 697 862 755 (nam
898 694 1013 746 filio·
1038 699 1088 747 et
1102 697 1262 774 ³nepti
1298 712 1417 764 pars
1453 700 1845 766 concedebatur,
1886 702 2083 755 exime-

216 781 535 849 §banturque
567 783 714 836 etiam
746 799 876 851 quae
901 770 1201 840 testamento
1238 789 1412 842 matris
1450 795 1535 842 aut
1567 791 1713 845 aviae
1749 799 2080 861 acceperant)

251 874 305 932 in
341 874 531 927 insulas
562 875 797 929 Baleares
834 877 1051 944 pellitur,
1092 894 1195 932 non
1234 881 1284 932 in
1322 881 1434 948 ipso
1474 882 1788 950 discrimine,
1826 899 1930 936 non
1965 891 2082 952 post

253 967 627 1025 damnationem
689 968 880 1022 fractus
930 970 1125 1036 anim03
1184 972 1544 1042 ferebaturque
1597 976 1806 1043 copiosa
1858 981 1909 1028 et
1941 976 2082 1030 molli

250 1059 355 1114 vita
392 1064 644 1111 secretum
691 1059 814 1113 illud
868 1062 1189 1116 toleravisse.
1263 1065 1442 1117 Filium
1487 1066 1596 1119 eius
1633 1067 1945 1120 Nerullinum
1985 1068 2083 1120 ad·-

250 1151 446 1220 gressis
487 1153 871 1206 accusatoribus
908 1169 1000 1221 per
1031 1155 1275 1209 invidiam
1309 1158 1467 1224 patris
1504 1164 1554 1211 et
1594 1159 1804 1212 crimina
1837 1165 2081 1227 repetun-

189 1253 238 1306 ιο,
252 1242 444 1309 darum,
482 1243 775 1297 intercessit
807 1246 1044 1314 princeps
1086 1253 1338 1315 tamquam
1376 1250 1499 1302 satis
1538 1250 1737 1318 expleta
1775 1251 1986 1304 ultione.

429 1335 524 1387 Per
579 1336 715 1389 idem
773 1342 969 1405 tempus
1006 1339 1264 1392 Octavius
1321 1340 1515 1409 Sagitta
1591 1342 1759 1408 plebei
1825 1343 2074 1409 tribunus,
2096 1365 2165 1417 44

248 1426 455 1486 Pontiae
490 1427 714 1480 mulieris
752 1434 936 1496 nuptae
961 1444 1136 1483 amore
1171 1446 1376 1497 vecorS,
1418 1432 1710 1500 ingentibus
1747 1433 1898 1486 donis
1932 1433 2082 1487 adul-

248 1518 430 1576 terium
468 1524 518 1571 et
554 1534 701 1586 mox,
739 1525 794 1572 ut
832 1525 1087 1574 omitteret
1124 1523 1392 1590 maritum,
1433 1530 1744 1592 emereatur,
1788 1541 1933 1578 suum
1969 1541 2083 1579 ma-

248 1611 537 1670 trimonium
575 1613 872 1679 promittens
909 1630 970 1666 ac
1006 1615 1205 1682 nuptias
1234 1615 1342 1668 eius
1377 1621 1572 1683 pactus·
1646 1617 1748 1672 Sed
1783 1617 1870 1669 ubi
1900 1617 2082 1670 mulier

185 1710 234 1764 2⁵,
248 1719 411 1756 vacua
449 1703 556 1770 fuit,
588 1710 796 1758 nectere
821 1720 1010 1773 moraS,
1038 1706 1305 1760 adversam
1328 1709 1486 1775 patris
1516 1708 1826 1761 voluntatem
1859 1708 2077 1775 causari,

247 1800 550 1863 repertaque
593 1812 683 1864 spe
731 1798 930 1851 ditioris
984 1799 1218 1868 coniugis
1258 1802 1511 1867 promissa
1558 1816 1762 1855 exuere.
1838 1800 2079 1855 Octavius

250 1892 429 1945 contra
466 1888 618 1940 modo
659 1890 905 1956 conqueri
944 1890 1096 1942 modo
1132 1891 1383 1958 minitari,
1446 1892 1631 1945 famam
1666 1891 2082 1959 perditam‚.pe-

249 1978 448 2030 cuniam
489 1979 783 2032 exhaustam
820 1981 1099 2048 obtestanS,
1145 1982 1365 2050 denique
1406 1983 1637 2049 salutem,
1675 1998 1806 2051 quae
1842 1982 1953 2036 sola
1989 1997 2080 2036 re-

247 2068 383 2137 liqua
424 2075 589 2136 esset,
657 2071 867 2124 arbitrio
907 2074 1015 2126 eius
1064 2074 1376 2140 permittens.
1448 2077 1528 2127 Ac
1561 2079 1828 2143 postquam
1865 2089 2080 2142 sperne-

184 2165 234 2203 20
247 2161 409 2228 batur,
445 2167 649 2215 noctem
684 2178 834 2216 unam
865 2165 929 2217 ad
964 2165 1198 2218 solatium
1233 2166 1415 2233 poscit,
1458 2181 1555 2234 qua
1591 2166 1841 2220 delenitus
1875 2166 2079 2220 modum

369 2341 405 2381 1.
439 2339 618 2382 sevienti
646 2340 858 2397 impudice
889 2339 971 2384 ΜΒ.
1063 2343 1104 2385 2.
1143 2340 1243 2398 itia
1273 2341 1355 2384 ΜΒ.
1447 2331 1489 2386 31
1524 2342 1689 2400 adeptis
1717 2340 1798 2385 ΜΒ.
1909 2342 1952 2386 5.
1979 2342 2082 2385 avia

246 2397 327 2452 ΜΒ,
361 2412 446 2440 non
479 2401 618 2452 aviae,
653 2406 700 2442 ut
731 2406 876 2442 narrat
907 2400 994 2443 Iac.
1027 2400 1297 2443 Gronoviust
1330 2402 1403 2443 avi
1436 2400 1524 2444 BG.
1615 2402 1657 2445 6.
1691 2400 1843 2444 insulaei'
1874 2399 1953 2445 ΜΒ.
2034 2401 2078 2445 8.

247 2458 513 2501 tolleravisse
548 2458 629 2501 ΜΒ.
736 2459 1008 2503 Nerullinum
1039 2459 1120 2504 ΜΒ.
1165 2467 1267 2503 ante
1297 2460 1548 2503 Bekkerum
1588 2461 1778 2504 edebant
1811 2460 2082 2514 Nerulinum,

247 2524 294 2560 ut
327 2525 392 2562 est
423 2520 467 2561 in
506 2518 554 2561 G.
648 2533 772 2576 aqyr.
806 2519 878 2563 Or.
950 2520 991 2564 9.
1023 2534 1105 2578 per
1135 2521 1303 2564 invidia
1332 2519 1414 2564 ΜΒ.
1494 2522 1567 2567 20.
1598 2520 1807 2565 solacium
1837 2519 1919 2564 ΜΒ.
2003 2520 2082 2564 de-

245 2577 399 2622 lenitus
430 2579 511 2633 ΜΒ,
547 2579 747 2622 delinitus
778 2579 826 2621 G.

324 2744 476 2785 matris
505 2750 580 2785 aut
612 2743 764 2786 aviae:
792 2741 846 2785 de
870 2755 955 2784 una
975 2740 1121 2786 Suillii

248 2804 439 2860 coniuge
465 2815 607 2845 sermo
641 2809 729 2845 est:
761 2815 859 2845 nam
889 2815 1002 2858 quae
1028 2802 1119 2844 filio

249 2864 343 2906 eius
369 2870 521 2916 qnater,
557 2863 707 2905 eadem
729 2864 849 2919 nepti
876 2863 978 2905 avia
1015 2867 1119 2904 erat.

249 2921 315 2964 Cf.
350 2921 407 2963 111
444 2922 515 2965 68.

339 2979 443 3036 Cap.
480 2980 552 3024 44.
620 2983 766 3038 iuryia
792 2996 967 3038 preces:
1002 2982 1119 3023 conf.

248 3047 395 3084 annot.
431 3041 483 3082 ad
517 3041 571 3083 XI
607 3042 649 3084 6.
773 3041 949 3083 libidine
995 3055 1120 3096 sepo-

247 3101 359 3143 sita.-
395 3105 513 3142 caste
550 3113 641 3142 rem
673 3106 843 3154 turpem
875 3100 1121 3157 significat3

250 3160 350 3202 dum
387 3160 471 3202 hoc
504 3160 694 3216 agebant
725 3159 818 3213 illi,
853 3159 1006 3202 oculos
1040 3173 1121 3201 an-

250 3219 381 3262 cillae
417 3219 708 3262 custodientis
743 3225 785 3260 et
819 3219 967 3261 liberti
1002 3219 1122 3261 vita-

249 3279 353 3320 bant
385 3280 430 3320 in
463 3271 581 3320 alinffl
605 3278 854 3321 cubiculum
878 3280 1120 3335 congressi,

249 3338 382 3393 idque
436 3338 672 3380 indicatum
731 3338 867 3380 verbo
920 3340 1120 3395 seposita.

246 3398 415 3440 Nomen
461 3397 635 3439 libidine
681 3403 747 3439 est
789 3410 913 3440 casus
948 3398 1121 3453 quidam

251 3459 545 3499 instrumenti.
586 3457 943 3514 Bezzenbergeri
974 3457 1119 3499 libidi-

248 3530 350 3558 nose
378 3519 520 3572 posita
542 3515 674 3558 Taciti
702 3516 847 3558 stilum
873 3530 959 3558 non
993 3517 1118 3571 sapit.

341 3590 425 3630 qua
456 3578 654 3618 incensus
682 3601 737 3608 —-
771 3577 1117 3619 transverberat.-

251 3635 295 3675 in
326 3634 523 3677 Mediceo
556 3636 635 3691 (ibi
668 3642 707 3677 el
743 3638 922 3690 quastim
951 3638 1119 3693 census)

251 3698 290 3735 et
332 3698 431 3734 ante
475 3707 557 3750 qua
600 3708 654 3736 ex
694 3696 890 3750 proximo
924 3695 1116 3739 membro

1206 2745 1266 2800 (et
1295 2755 1403 2799 pars
1435 2741 1710 2785 tenebrarum
1740 2741 1917 2785 libidine
1951 2755 2077 2799 sepo-

1205 2804 1307 2860 sita)
1351 2801 1583 2844 scribentis
1627 2802 1919 2857 imprudentia
1969 2801 2078 2844 ado-

1205 2862 1368 2917 ptavit.
1403 2867 1522 2904 certe
1538 2862 1911 2918 tolerarinequit.
1945 2860 2079 2903 Porro

1207 2936 1261 2964 ex
1293 2922 1473 2977 quastim
1502 2936 1653 2964 census
1671 2926 1916 2978 postquam,
1952 2933 2080 2964 reso-

1205 2982 1298 3023 luto
1330 2982 1377 3022 in
1409 2994 1464 3023 ex
1495 2996 1550 3035 m,
1584 2995 1668 3037 qua
1697 2982 1896 3023 incensus
1917 2979 2079 3023 factum

1208 3047 1288 3094 est,
1320 3046 1456 3082 restat
1487 3043 1543 3083 sti
1573 3054 1669 3083 laro
1703 3054 1806 3083 casu
1837 3053 1906 3083 me
1928 3038 2076 3082 iudice

1207 3106 1506 3154 procreatum,
1542 3101 1642 3143 dum
1675 3114 1730 3143 ex
1762 3101 1959 3155 proximo
1993 3111 2079 3141 vo-

1208 3159 1364 3201 cabulo
1396 3162 1648 3218 (seposita)
1693 3159 1862 3229 aliquot
1902 3158 2078 3201 litterae

1207 3225 1479 3273 repetuntur.
1543 3221 1587 3262 Si
1637 3220 1734 3275 quis
1787 3220 1865 3260 iste
1911 3217 2078 3260 substi-

1208 3280 1361 3332 tuerit,
1406 3278 1607 3321 ductibus
1647 3278 1748 3320 libri
1796 3278 2077 3334 manuscripti

1205 3338 1320 3380 bene
1366 3338 1710 3393 obtemperabit,
1761 3337 1837 3379 sed
1884 3336 2075 3379 Tacitum

1206 3398 1342 3439 faciet
1375 3397 1608 3450 elumbem,
1641 3398 1768 3452 isque
1803 3396 1956 3439 saltem
1993 3407 2076 3450 qua

1205 3458 1405 3499 incensus
1446 3458 1524 3498 iste
1556 3458 1789 3511 posuisset.
1855 3454 2073 3496 Latinitati

1206 3516 1461 3559 adversatur
1492 3516 1686 3558 Bekkori
1734 3516 1986 3556 coniectura
2021 3527 2074 3554 ea:

1206 3590 1289 3631 qua
1330 3578 1554 3629 incensus,
1610 3575 1665 3616 ob
1710 3575 1907 3615 inertiam
1951 3574 2074 3614 vocis

1205 3637 1327 3690 quasi
1368 3635 1572 3689 displicet
1615 3633 1822 3676 Gronovii
1870 3637 1909 3673 et
1952 3633 2076 3687 quasi

1206 3695 1416 3749 incensus,
1450 3693 1596 3737 stilum
1621 3692 1754 3733 Taciti
1785 3691 1964 3734 minime
1996 3704 2070 3734 as-
