2280 4004
266 302 292 340 a
324 290 372 337 C.
409 292 480 339 2⁷.
516 336 519 338 ,
838 290 1000 337 LIBER
1029 290 1104 337 IV.
1167 291 1273 337 Gar.
1307 291 1497 338 60-63.
1536 284 1538 286 ’
1999 292 2091 340 293·

267 431 576 496 celebraret,
640 445 814 498 neque·
841 431 1164 484 fundamenta
1204 446 1295 498 per
1347 430 1562 482 solidum
1619 431 1869 497 subdidit,
1922 447 2089 499 neque

264 522 419 574 firmis
470 522 684 574 nexibus
735 523 956 590 ligneam
998 538 1294 591 compagem
1332 523 1689 589 superstruxit,
1748 529 1803 574 ut
1852 523 1935 589 qui
1984 539 2089 579 non

266 613 571 664 abundantia
607 613 853 679 pecuniae
891 629 987 665 nec
1016 614 1302 681 municipali
1336 614 1627 678 ambitione,
1664 613 1757 665 sed
1789 614 1842 664 in
1877 614 2088 666 sordida

265 703 501 756 mercede
549 703 600 752 in
639 704 898 769 negotium
957 704 1307 770 quaesivisset.
1406 704 1680 756 Adfluxere
1720 703 1855 755 avidi
1897 704 2085 769 talium,

264 793 578 859 imperitante
613 792 815 843 Tiberio
850 773 1027 858 procul
1062 793 1417 859 voluptatibus,
1454 794 1639 858 habiti,
1690 794 1838 847 virile
1875 811 1936 846 ac
1976 811 2128 856 mu-s

262 871 424 935 liebre
460 898 637 948 secus,
689 884 852 935 omnis
905 890 1081 950 aetaS,
1147 886 1211 936 ob
1253 886 1673 952 propinquitatem
1711 886 1815 937 loci
1850 885 2131 989 efl‘usius3N
2169 943 2225 988 Υ

263 975 398 1027 unde
433 975 644 1042 gravior
677 977 834 1042 pestis
875 976 982 1040 suit,
1025 977 1254 1028 conferta
1291 978 1452 1042 mole,
1493 978 1611 1029 dein
1649 978 1923 1042 convulsa,
1971 977 2088 1028 dum

203 1068 209 1124 ἐ
261 1066 363 1117 ruit
395 1065 528 1117 intus
562 1070 646 1117 aut
681 1066 735 1116 in
763 1066 1017 1117 exteriora
1057 1065 1345 1130 effunditur,
1387 1067 1782 1133 immensamque
1819 1067 1920 1118 vim
1948 1060 2115 1117 mor-⁸

202 1135 213 1238 ζ
261 1155 448 1220 talium,
489 1155 780 1221 spectaculo
810 1156 1028 1207 intentos
1067 1161 1150 1207 aut
1187 1157 1270 1222 qui
1297 1157 1486 1207 circum
1516 1157 1798 1222 adstabant,
1839 1171 2087 1223 praeceps

188 1268 221 1323 I}
259 1245 411 1297 trahit
446 1251 594 1312 atque
630 1246 809 1313 operit.
856 1304 858 1310 .
905 1247 966 1299 Et
1011 1247 1083 1297 illi
1134 1247 1335 1313 quidem
1388 1263 1516 1313 quos
1564 1248 1863 1313 principium
1900 1249 2086 1315 stragis
2104 1267 2158 1303 io-

259 1336 312 1388 in
365 1341 574 1388 mortem
638 1336 930 1401 adflixerat,
1008 1342 1061 1387 ut
1112 1336 1197 1388 tali
1245 1342 1416 1402 sorte,
1502 1338 1778 1389 cruciatum
1840 1337 2086 1405 effugere.

258 1428 534 1482 Miserandi
585 1429 746 1495 magis
803 1443 930 1494 quos
977 1429 1186 1495 abrupta
1236 1433 1379 1494 parte
1424 1420 1655 1494 corporis
1711 1428 1935 1479 nondum
1984 1429 2088 1480 vita

261 1518 592 1580 deseruerat;
661 1518 745 1584 qui
790 1532 882 1584 per
921 1518 1052 1570 diem
1103 1518 1244 1582 visu,
1303 1532 1395 1583 per
1451 1523 1653 1569 noctem
1711 1517 1979 1569 ululatibus
2039 1524 2089 1570 et

259 1608 448 1676 gemitu
497 1608 744 1676 coniuges
813 1613 897 1659 aut
948 1607 1140 1659 liberos
1191 1609 1489 1660 noscebant.
1591 1609 1692 1659 Iam
1745 1609 1901 1659 ceteri
1955 1609 2088 1660 fama

260 1698 429 1762 exciti,
466 1698 548 1749 hic
589 1699 811 1764 fratrem,
854 1698 1187 1765 propinquum
1225 1698 1337 1763 ille,
1376 1699 1502 1750 alius
1536 1703 1771 1765 parentes
1805 1698 2154 1759 lamentari.15

258 1789 419 1840 Etiam
457 1804 668 1855 quorum
707 1788 911 1841 diversa
948 1789 1011 1840 de
1039 1803 1191 1841 causa
1227 1789 1377 1840 amici
1415 1795 1498 1840 aut
1537 1790 1818 1841 necessarii
1858 1790 2085 1855 aberant,

257 1895 445 1947 pavere
480 1884 647 1931 tamen
660 1898 675 1944 3
731 1880 1016 1946 nequedum
1061 1887 1319 1947 comperto
1362 1897 1488 1948 quos
1528 1881 1612 1932 illa
1648 1882 1726 1933 vis
1765 1882 2083 1948 perculisset,

173 1970 408 2028 631atior
443 1986 507 2022 ex
545 1971 741 2021 incerto
779 1974 957 2021 metus.
1048 1971 1109 2021 Ut
1145 1984 1363 2036 coepere
1403 1971 1653 2023 dimoveri
1691 1972 1896 2036 obruta,
1958 1987 2085 2023 con-

261 2075 438 2112 cursus
480 2061 543 2111 ad
583 2059 844 2111 exanimos
884 2061 1349 2126 complectentium,
1415 2060 1748 2112 osculantium
1762 2080 1776 2124 3
1835 2068 1884 2113 et
1931 2078 2085 2129 saepe

261 2156 531 2216 certamen,
570 2151 613 2202 si
642 2149 906 2202 confusior
940 2151 1117 2215 facieS,
1142 2151 1232 2202 sed
1263 2166 1355 2216 par
1381 2151 1542 2202 forma
1580 2158 1664 2203 aut
1690 2158 1829 2205 aetas
1858 2169 2086 2206 errorem
2098 2168 2150 2204 ἰο

375 2307 419 2348 3.
452 2306 750 2348 habundantia
781 2306 836 2347 Μ.
943 2307 983 2349 5.
1017 2307 1141 2348 virile
1183 2320 1237 2347 ac
1273 2306 1477 2348 muliebre
1508 2320 1628 2348 secus
1661 2306 1725 2360 M,
1763 2319 1849 2349 non
1880 2307 2086 2350 Beroaldi

260 2365 397 2407 virilis
429 2379 483 2407 ac
509 2364 727 2407 muliebris
758 2379 898 2406 semus.
989 2365 1030 2408 6.
1066 2367 1221 2421 effusus
1253 2366 1316 2407 M:
1364 2367 1555 2407 correxit
1587 2365 1772 2420 Lipsius.
1868 2368 1935 2409 17.
1962 2369 2086 2424 peri-

261 2425 367 2470 culis
397 2424 473 2467 sed
502 2424 632 2466 latior
677 2424 746 2466 M:
782 2423 1031 2466 emendavit
1061 2424 1317 2467 Beroaldus.
1440 2426 1513 2469 20.
1548 2425 1622 2467 sed
1653 2425 1722 2467 M:
1756 2426 1996 2469 Beroaldus
2030 2435 2083 2470 et.

259 2550 316 2589 sit.
372 2547 417 2587 in
473 2546 791 2600 amphitheatro
859 2545 1128 2589 aedificando

259 2606 468 2658 Fidenas,
518 2605 731 2659 indicant,
775 2605 910 2648 Taciti
956 2619 1127 2648 omnem

259 2667 386 2708 istius
431 2664 615 2706 hominis
661 2665 820 2721 agendi
862 2671 906 2707 et
948 2679 1128 2707 munera

255 2724 416 2769 ‘edendi
450 2725 661 2766 rationem
702 2724 967 2766 describunt.
1029 2725 1128 2767 Mu-

261 2784 470 2825 tationem
503 2782 723 2825 dissuadet
743 2795 917 2838 quoque
935 2783 1126 2826 additum

260 2855 417 2884 nomen
446 2841 710 2883 adiectivum
732 2843 960 2898 (sordida),
983 2856 1127 2898 neque

262 2904 376 2944 iuste
416 2907 687 2954 comparatur
733 2914 757 2942 a
806 2901 1030 2942 Walthero
1082 2903 1128 2942 in

261 2959 420 3001 nullius
466 2960 702 3001 mercedem
742 2958 798 3000 XI
843 2959 895 3012 6,
945 2974 1033 3001 non
1081 2962 1128 3001 in

262 3026 479 3074 quaestum
498 3025 640 3060 tamen
656 3025 729 3060 aut
742 3019 976 3060 mercedem
993 3018 1042 3061 G.
1053 3021 1126 3062 24.

349 3076 466 3120 avidi
506 3077 656 3119 talium
688 3101 743 3108 —
774 3078 900 3119 virile
938 3093 993 3120 ac
1029 3093 1127 3120 mu-

264 3135 395 3178 liebre
430 3149 576 3178 secus.-
611 3138 886 3179 accusativus
916 3137 1040 3179 virile
1074 3151 1127 3178 ac

264 3194 465 3236 muliebre
494 3208 613 3237 secus
635 3194 796 3249 pendet
817 3209 842 3236 3
868 3209 1126 3252 praegresso

265 3253 382 3294 avidi
407 3252 569 3295 ealcum.
597 3252 779 3294 Fallitur
798 3253 1004 3306 Orellius,
1029 3268 1126 3295 cum

267 3311 576 3352 nominativum
625 3324 722 3353 esse
768 3319 943 3354 narrat:
998 3314 1125 3353 immo

267 3370 374 3411 hacc
407 3368 591 3411 formula
621 3382 708 3410 non
742 3371 823 3411 nisi
861 3383 960 3412 casu
993 3384 1127 3412 accu-

267 3431 407 3471 sativo
440 3428 616 3482 legitur.
652 3426 876 3470 Cf.1184.
911 3429 962 3469 H.
995 3430 1030 3469 V
1060 3430 1125 3470 13.

351 3487 622 3544 ‘imperitante
669 3486 830 3535 Tiberio
868 3512 922 3519 —
961 3487 1124 3528 habiti.-

268 3548 445 3589 Sueton.
479 3544 571 3587 Tib.
605 3547 676 3588 47.

353 3613 399 3648 ut
429 3605 508 3647 tali
537 3613 677 3648 sorle:
723 3604 806 3646 hoc
852 3604 1130 3661 restringitur

269 3664 583 3719 quodammodo
655 3670 799 3707 cetera
876 3665 1127 3717 sententia;

1214 2547 1481 2589 'l‘heodiscez
1513 2560 1558 2588 so
1590 2548 1686 2589 weit
1708 2547 1797 2589 dies
1818 2548 1884 2589 bei
1900 2548 2087 2591 solchem

1214 2607 1351 2648 Loose
1393 2606 1534 2662 gellen
1580 2607 1711 2648 kann.
1834 2608 2082 2661 noscebant,

1214 2665 1256 2708 h.
1293 2680 1331 2707 e.
1364 2678 1548 2708 noscere
1582 2665 1864 2708 conabantur.
1930 2667 1995 2708 Of.
2031 2669 2085 2709 ad

1211 2724 1248 2766 ll
1290 2727 1362 2767 34.
1431 2724 1541 2767 Plin.
1582 2725 1721 2779 Epist.
1767 2726 1823 2766 VI
1869 2728 1957 2769 20:
2007 2728 2086 2769 alit

1208 2791 1427 2840 parentes,
1462 2785 1542 2825 alii
1573 2783 1744 2836 liberos,
1779 2784 1858 2826 alit
1884 2786 2084 2841 coniuyes

1211 2843 1381 2884 vocibus
1413 2844 1701 2897 requirebant,
1734 2844 1903 2885 vocibus
1936 2846 2083 2885 nosci-

1212 2902 1375 2943 tabant.
1418 2901 1584 2943 Neuius
1610 2901 1836 2945 Observat.
1869 2903 1922 2944 ad
1947 2903 2080 2946 Tacit.

1212 2974 1330 3014 spec.
1350 2959 1367 3000 1
1395 2973 1436 3014 p.
1459 2961 1514 3002 Vl
1531 2962 1763 3017 poscebant
1782 2963 2079 3016 reponendum

1214 3020 1419 3070 coniecit.

1301 3078 1405 3132 Cap.
1439 3079 1510 3121 63.
1570 3079 1743 3134 sedpccr
1763 3081 1932 3133 forma:
1965 3080 2081 3134 quod

1211 3137 1450 3178 Beroaldus
1491 3137 1819 3190 exprimendum
1861 3138 1980 3177 dedit
2025 3145 2078 3189 et,

1213 3209 1316 3237 sane
1351 3195 1482 3236 habet
1513 3208 1590 3236 cur
1620 3195 1807 3248 placeat,
1842 3201 1886 3236 et
1916 3195 2080 3248 placuit

1214 3254 1382 3294 Heraeo
1416 3266 1456 3306 p.
1481 3252 1562 3294 41:
1596 3254 1757 3307 quippe
1791 3266 1910 3294 error
1935 3253 2078 3294 homi-

1214 3325 1313 3352 num
1357 3317 1444 3351 tum
1503 3311 1752 3352 confusiore
1800 3311 1939 3363 facie,
1990 3318 2078 3353 tum

1214 3371 1302 3424 pari
1325 3369 1460 3410 forma
1485 3375 1557 3409 aut
1574 3375 1718 3411 aetate
1740 3370 1925 3412 iuvatur.
1989 3372 2079 3412 Ve-

1212 3442 1305 3469 rum
1325 3429 1496 3469 'l‘acitus
1529 3429 1601 3482 qui
1628 3429 1825 3483 sequitur
1847 3432 2077 3478 contraria,

1213 3499 1291 3529 suo
1325 3499 1444 3528 more
1473 3488 1698 3528 coniunxit
1717 3490 1898 3541 primum
1922 3489 1962 3529 id
1992 3501 2077 3543 quo

1215 3547 1307 3588 veri
1338 3545 1591 3612 {menenius
1625 3547 1955 3601 impediebatur,
1989 3553 2078 3587 tum

1215 3619 1326 3662 quae
1358 3617 1547 3647 errorem
1572 3605 1785 3648 fecerunt.
1831 3607 2078 3662 Suppressit

1216 3666 1348 3721 igitur
1379 3672 1472 3707 erat
1503 3670 1599 3719 post
1630 3667 1780 3721 facies.
