2222 4022
908 239 1071 287 LIBER
1100 242 1135 287 1.
1199 241 1305 287 OAr.
1338 244 1382 288 3.
2021 253 2053 294 'Y

404 448 452 455 ,κον
477 448 490 453 v
503 442 574 451 κ’*
588 447 595 450 -
604 444 674 455 v-x‘*

226 383 491 463 Pfflffilfffi
527 383 835 456 adsumitur,
875 385 1138 453 omnisque
1171 400 1263 453 per
1297 387 1557 443 exercitus
1592 393 1906 458 ostentatur,
1948 408 2052 445 non

229 460 492 540 obseuriS,
532 481 584 529 ut
621 482 796 542 antea,
835 477 1012 531 matris
1048 478 1269 544 artibuS‚
1305 480 1398 532 sed
1432 480 1598 547 palam
1632 475 1881 534 hortatus
1924 486 2050 537 Nam

228 581 401 619 senem
422 566 704 634 Augustum
736 568 1034 621 devinxerat
1068 570 1217 635 ade0,
1256 571 1326 622 uti
1362 577 1599 638 nepotem
1627 574 1830 626 unicum
1856 574 2051 643 Agrip-

225 674 340 725 pam
369 659 653 711 Postumum
701 659 754 711 in
803 660 1016 713 insulam
1039 661 1319 714 Planasiam
1355 664 1660 729 proiecerit,
1699 666 1878 718 rudem
1924 681 2050 719 sane

225 748 470 801 bonarum
507 750 685 802 artium
724 755 774 802 et
807 753 997 806 robore
1034 754 1266 820 corporis
1318 754 1504 806 stolide
1558 755 1813 821 ferocem,
1865 758 2087 810 nulliuss

225 845 392 893 tamen
439 839 618 907 flagitii
677 848 1004 908 compertum.

1094 845 1162 896 At
1192 845 1444 916 'Hercule‘
1471 844 1826 899 Germanicum
1880 849 2046 901 Druso

225 935 387 985 ortum
423 936 540 983 octo
580 932 711 997 apud
739 933 967 985 Rhenum
1005 934 1296 1003 legionibus
1334 937 1588 1003 imposuit,
1623 939 1915 1007 adscirIque
1954 956 2048 1007 per

224 1021 546 1106 atloptionem
583 1039 611 1075 a
638 1023 840 1076 Tiberio
877 1025 1038 1090 iussit,
1080 1041 1380 1093 quamquam
1418 1033 1555 1080 esset
1589 1029 1642 1080 in
1681 1030 1832 1082 domo
1860 1031 2049 1082 Tiberii

222 1111 352 1166 lilius
389 1112 604 1179 iuvenis,
643 1114 736 1166 sed
772 1130 871 1182 quo
907 1115 1131 1182 pluribus
1164 1117 1484 1170 munimentis
1522 1118 1798 1171 insisteret.
1853 1121 2048 1172 Bellum

223 1220 283 1258 ea
320 1209 615 1272 tempestate
649 1206 836 1258 nullum
872 1207 972 1259 nisi
1007 1208 1253 1261 adversus
1279 1208 1561 1261 Germanos
1599 1216 1878 1276 supererat,
1918 1212 2049 1262 abo-
2067 1232 2113 1267 ιο

221 1295 404 1349 lendae
440 1297 604 1365 magis
639 1297 879 1350 infamiae
918 1299 983 1350 ob
1026 1298 1266 1352 amissum
1304 1315 1417 1352 cum
1445 1301 1686 1363 Quintilio
1717 1303 1852 1353 Varo
1897 1318 2051 1355 exer-

222 1387 372 1441 eitum
411 1402 559 1455 quam
598 1389 833 1456 cupidine
856 1390 1152 1456 proferendi
1184 1391 1383 1458 imperii
1420 1396 1504 1444 aut
1544 1391 1752 1459 dignum
1791 1392 1856 1443 ob
1896 1407 2051 1459 prae-

221 1478 390 1532 mium.
461 1479 609 1533 Domi
648 1495 732 1534 res
765 1481 1093 1550 tranquillae,
1131 1481 1310 1554 eadem
1346 1482 1730 1555 magistratuum
1765 1483 2048 1547 vocabula3

339 1654 382 1697 4.
409 1662 659 1714 postumum,
691 1668 779 1699 non
799 1657 1082 1712 Posfflumum,
1101 1658 1156 1700 M.
1184 1658 1427 1716 planasiam
1443 1659 1498 1701 M.

1617 1659 1852 1716 proiecerit
1885 1659 2026 1700 editor
2040 1674 2051 1700 ε

221 1713 357 1770 vulgo
383 1715 630 1770 proliceret,
654 1717 963 1773 Mproieceret.
1027 1718 1069 1761 6.
1090 1718 1400 1774 conpertumM.
1464 1717 1667 1760 herculae
1687 1719 1741 1760 M.
1807 1719 1847 1760 7.
1883 1719 2051 1775 aputM.

220 1772 396 1815 rhenum
425 1773 480 1815 Μ.

581 1776 767 1832 inposuit
797 1777 852 1819 M.

944 1777 987 1819 8.
1021 1791 1274 1832 quamquam
1304 1777 1367 1830 M,
1408 1783 1456 1818 ut
1487 1777 1614 1819 solet.

1709 1778 1750 1820 9.
1784 1779 2054 1821 munimentis

219 1833 417 1895 Lipsius:
450 1834 490 1880 M
521 1838 812 1880 'monumenta
880 1838 949 1884 13.
983 1836 1096 1879 domi
1125 1851 1194 1880 res
1224 1837 1492 1881 Beroaldus:
1525 1837 1566 1880 M
1599 1837 1822 1880 dormires.

222 2018 343 2079 πρός
388 2017 471 2076 τὴν
509 2020 695 2081 Ῥώμην
747 2017 1093 2076 ὖπονοστῆσας.

221 2081 383 2123 Tiberii
429 2081 564 2122 frater
609 2079 817 2122 Claudius
850 2080 1017 2123 Drusus
1052 2095 1091 2123 a.

224 2141 308 2184 745
341 2146 536 2181 mortuus
571 2146 689 2181 erat:
722 2140 872 2182 Livius
891 2140 1097 2194 Epitoma

227 2200 325 2250 140,
349 2198 433 2240 Dio
447 2199 521 2240 LV
543 2200 671 2251 1—2,
691 2199 926 2241 Suetonius
940 2199 1093 2243 Claud.

227 2261 266 2312 1,
300 2257 482 2300 Ovidius
513 2258 629 2300 Fast.
661 2257 680 2299 I
712 2258 813 2301 597.

311 2317 478 2373 collega
503 2318 703 2373 imperii:
736 2330 895 2359 nomen
927 2318 1098 2374 imperii

224 2377 524 2434 (Oberbefehl)
551 2382 594 2417 et
611 2377 882 2432 imperatoris
903 2379 1097 2431 pertinet

223 2437 277 2478 ad
307 2436 470 2478 milites
497 2437 807 2490 exercitusque
841 2438 1095 2490 provincia-

223 2509 332 2537 rum.
395 2495 596 2537 Velleius
628 2495 665 2536 ll
702 2497 810 2537 121:
852 2495 1096 2550 postulante

217 2562 346 2613 patre
376 2556 464 2596 ebus
495 2554 724 2611 (Tiberii),
759 2561 806 2596 ut
839 2568 1020 2608 aequum
1057 2556 1098 2596 ei

222 2617 287 2658 ius
321 2615 368 2656 in
400 2614 588 2656 omnibus
615 2613 855 2669 provinciis
890 2615 1096 2655 exerciti-

224 2674 377 2728 busque
397 2679 502 2715 esset
526 2687 651 2728 qaam
674 2680 770 2714 erat
790 2673 872 2728 ipsi
885 2676 948 2728 (a.
967 2673 1094 2729 765).

225 2733 458 2775 Suetonius
474 2731 566 2774 Tib.
584 2733 635 2774 2}
658 2746 668 2773 :
692 2732 783 2787 leye
802 2746 884 2787 per
906 2732 1098 2773 consules

226 2792 342 2844 lata,
395 2798 443 2833 ut
486 2793 737 2847 provincias
785 2805 878 2832 cum
907 2790 1098 2847 Auqusto

229 2851 504 2894 communiter
549 2851 899 2902 administraret,
949 2875 1002 2882 -
1053 2852 1100 2891 in

230 2909 449 2964 Illyricum
473 2912 692 2965 profectus
730 2916 803 2950 est.
925 2922 1100 2951 consors

229 2969 485 3010 tribuniciae
521 2969 768 3023 potestatis:
817 2966 926 3009 haec
966 2968 1101 3011 civile

229 3027 455 3083 fastigium
497 3026 688 3084 (11156)
733 3026 968 3069 indicabat.
1033 3027 1102 3069 Ad

230 3099 324 3128 eam
356 3085 553 3128 'ribei-ius
597 3098 635 3128 a.
672 3085 757 3128 748
798 3086 978 3141 triginta
1023 3100 1102 3127 sex

231 3157 367 3187 annos
400 3151 525 3201 natus
558 3145 766 3199 primum,
810 3144 911 3186 dein
945 3158 985 3186 a.
1016 3146 1099 3188 757

231 3205 389 3244 iterum
413 3216 463 3245 ac
485 3203 569 3247 766
590 3206 766 3245 tertium
785 3203 983 3244 admotus
1010 3210 1100 3245 est:

232 3261 315 3303 Dio
349 3261 423 3303 LV
454 3262 483 3304 9
515 3267 558 3303 et
593 3263 660 3315 13,
694 3260 787 3304 LVI
823 3262 894 3305 28.

324 3321 539 3375 omnisque
555 3334 635 3375 per
667 3322 879 3363 exercitus
910 3327 1103 3362 ostenta-

150 3384 159 3433 t
235 3386 330 3422 tur:
364 3377 506 3420 ‘modo
541 3378 669 3431 huic,
710 3378 842 3420 modo
872 3380 939 3421 illi
972 3392 1104 3421 exer-

237 3439 344 3481 citui
381 3439 609 3492 impositus
642 3438 890 3491 imperator,
925 3437 1105 3479 Germa-

167 3513 169 3529 τ
236 3499 350 3541 uicis
380 3498 583 3548 maxime,
615 3501 820 3551 tanquam
846 3508 935 3539 non
964 3496 1135 3553 ambi-3

165 3564 169 3593 ὲ
243 3568 354 3615 gnus
383 3554 642 3599 suceessor.⁸
703 3555 930 3598 Wouuus.

327 3615 391 3659 uti
419 3621 680 3674 nepotem—
695 3614 958 3675 proiecerit:
996 3625 1108 3670 quae

1182 2022 1381 2076 proxime
1438 2021 1492 2063 de
1552 2020 1790 2062 tribunicia
1838 2025 2058 2076 potestate

1180 2080 1342 2122 Tiberii
1381 2083 1442 2135 (a.
1469 2080 1576 2136 766)
1606 2079 1764 2120 tradita
1795 2080 1908 2133 sunt,
1943 2087 2057 2122 tem-

1181 2153 1288 2194 pore
1319 2138 1561 2180 succedunt
1582 2138 1648 2179 his
1675 2151 1786 2193 quae
1808 2139 1862 2180 de
1893 2141 2058 2195 Agrip..

1181 2213 1238 2253 pa
1285 2197 1489 2239 Postumo
1539 2198 1582 2239 in
1638 2198 1826 2239 insulam
1858 2198 2057 2254 relegato

1185 2258 1319 2314 (760)
1383 2262 1626 2298 narrantur.
1722 2257 1862 2298 Recte
1924 2258 2060 2313 igitur

1181 2316 1391 2371 scriptum
1424 2322 1490 2361 est
1532 2315 1811 2368 devinxerat,
1864 2329 1968 2357 mox
1997 2318 2061 2358 uti

1182 2402 1238 2408 --
1254 2377 1504 2431 proiecerit.
1569 2374 1654 2416 Sed
1677 2374 1762 2416 hoe
1777 2375 2056 2431 (proiecerit)

1183 2447 1267 2491 ego
1302 2435 1474 2476 demum
1505 2445 1688 2488 repono,
1758 2431 1884 2476 Conf.
1913 2434 2058 2476 1181:

1183 2494 1372 2548 adeoque
1415 2499 1724 2544 commoverat,
1780 2500 1828 2534 ut
1876 2494 2061 2549 signifer

1183 2553 1363 2608 leyionis
1412 2560 1559 2595 seaetae
1621 2553 1790 2607 siqnum
1844 2551 1902 2593 ad
1968 2566 2061 2593 eum

1183 2611 1468 2654 transtulerit.
1523 2609 1579 2652 111
1606 2613 1688 2655 21:
1723 2616 1966 2665 tantumque
1988 2625 2061 2652 se-

1181 2672 1364 2713 veritate
1391 2672 1636 2727 profectum
1665 2673 1822 2726 (erat),
1855 2678 1900 2711 ut
1918 2672 2059 2724 —su-

1185 2731 1341 2773 derint.
1420 2729 1480 2771 lv
1513 2731 1594 2773 51:
1639 2742 1916 2784 repercussae
1947 2728 2060 2771 velut

1184 2803 1212 2831 a
1243 2796 1362 2845 terqo
1397 2803 1520 2831 voces
1555 2789 1661 2829 adeo
1695 2795 1852 2829 cuncta
1875 2789 2060 2829 miscue-

1183 2855 1299 2900 rant,
1313 2856 1359 2890 ut
1372 2848 1580 2902 quaedam
1601 2848 1862 2888 munimenta
1877 2848 2064 2890 Romani

1186 2908 1418 2949 omiserint.
1484 2907 1617 2949 Porro
1662 2906 1801 2948 forma
1827 2907 2065 2962 proiecerit

1186 2968 1366 3022 propius
1399 2967 1570 3009 accedit
1612 2967 1666 3008 ad
1709 2965 1753 3007 id
1786 2965 1902 3020 quod
1941 2966 1987 3006 in
2021 2965 2061 3006 Μ

1189 3027 1477 3082 (proieceret)
1528 3038 1656 3082 quam
1697 3024 1879 3080 vulgata
1915 3024 2060 3078 proii-

1189 3092 1331 3127 ceret:
1374 3085 1486 3127 haec
1530 3086 1645 3127 enim
1687 3085 1733 3126 in
1774 3084 1813 3126 Μ
1856 3082 2061 3124 scribitur

1183 3145 1401 3200 proiceret
1412 3143 1601 3199 ideoque
1615 3144 1756 3185 minus
1769 3141 1902 3183 facile
1917 3147 2060 3181 trans-

1190 3204 1254 3245 ire
1294 3204 1436 3257 potuit
1476 3204 1520 3243 in
1547 3203 1790 3258 proiecerat
1822 3212 1948 3254 quam
1986 3211 2061 3239 re..

1189 3263 1330 3315 posita
1370 3262 1616 3317 proiecerit.
1693 3259 1758 3301 De
1790 3258 1986 3313 Agrippa
2018 3258 2062 3298 in

1188 3320 1431 3363 Planasiam
1484 3319 1654 3360 insulae
1698 3317 1903 3358 Corsicae
1957 3327 2063 3369 pro..

1191 3381 1395 3433 pinquam
1440 3378 1637 3433 relegato
1681 3389 1721 3417 v.
1765 3374 1849 3417 Dio
1882 3374 1957 3416 LV
1988 3375 2060 3417 32.

1192 3438 1425 3480 Suetonius
1460 3437 1574 3491 Aug.
1608 3435 1690 3479 65:
1738 3434 1973 3490 Ayrippam
2007 3458 2061 3465 —-—

1193 3496 1242 3537 ob
1262 3496 1479 3551 ingenium
1500 3494 1716 3538 sordidum
1746 3507 1800 3535 ac
1821 3494 1950 3548 l’erox
1980 3492 2061 3533 ab..

1194 3554 1353 3598 dicavit
1398 3555 1662 3611 seposuitque
1701 3554 1986 3596 Sarmentum.>
2007 3574 2063 3585 --

1192 3613 1327 3662 nitito
1360 3613 1710 3669 tractabiliorem,
1742 3613 1864 3657 immo
1895 3611 1945 3656 ia
1974 3609 2065 3654 dies
