2280 4004
263 278 354 324 10⁰

952 283 956 287 “
1032 277 1365 324 ΑΝΝΑΒῙἾΜ,“
1436 281 1442 285 ’

1838 293 1879 326 a.
1910 281 1960 327 ἰπὶ,
1985 280 2113 330 812³.

263 423 538 476 securitate
573 422 837 488 simulata,
898 423 1236 476 medicamina
1291 424 1490 477 vulneri
1527 429 1577 478 et
1623 423 1852 479 'fomenta
1889 425 2093 495 corpori

264 514 503 578 adhibet3
557 517 908 565 testamentum
945 514 1265 567 Acerroniae
1301 516 1494 582 requiri
1542 516 1780 583 bonaque
1829 517 2093 586 obsignari

262 606 429 670 iubet,
478 604 530 655 id
569 609 762 657 tantum
799 621 903 658 non
941 622 1033 673 per
1073 607 1462 659 simulationem.

1562 609 1630 661 At
1663 609 1856 661 Neroni
1889 610 2143 666 nuntios?

260 695 443 762 patrati
481 695 728 749 facinoris
756 698 1037 764 opperIenti
1069 699 1299 774 adfertur
1322 699 1551 752 evasisse
1588 700 1692 751 ictu
1716 699 1817 753 levi
1848 701 2092 768 sauciam,

225 791 314 840 set
348 787 593 840 hactenus
624 788 761 841 adito
803 789 1096 841 discrimine
1134 805 1200 842 ne
1233 794 1412 842 auctor
1447 790 1775 844 dubitaretur.

1848 793 1969 844 Tum
2000 807 2097 860 pa-

261 876 388 930 vore
448 880 727 946 exanimis,
786 886 836 933 et
890 881 990 932 iam
1040 881 1241 948 iamque
1297 882 1479 934 adfore
1529 883 1790 936 obtestans
1837 883 2095 938 vindictae

260 984 549 1037 properam,
590 972 701 1023 sive
741 972 950 1024 servitia
988 977 1209 1025 armaret
1243 973 1326 1025 vel
1370 973 1578 1026 militem
1617 975 1942 1041 accenderet,
1980 975 2095 1028 sive

260 1060 326 1113 ad
366 1066 594 1115 senatum
633 1066 683 1115 et
715 1063 950 1131 populum
988 1064 1323 1131 pervaderet,
1377 1065 1696 1134 naufragium
1734 1071 1784 1119 et
1823 1066 2005 1120 vulnus
2044 1071 2095 1120 et

259 1154 559 1208 interfectos
616 1156 810 1208 amicos
867 1157 1170 1209 obiciendo:

1238 1157 1373 1224 quod
1425 1163 1602 1210 contra
1649 1158 1928 1211 subsidium
1975 1158 2091 1225 sibi,

197 1246 359 1298 ronisi
398 1247 518 1313 quid
552 1247 742 1299 Burrus
779 1252 828 1299 et
866 1247 1062 1301 Seneca
1117 1248 1459 1315 expedirent?
1531 1249 1670 1310 Quos
1723 1249 1890 1301 statim
1949 1250 2094 1302 acci-

258 1344 419 1404 verat,
460 1339 711 1391 incertum
752 1355 816 1391 an
855 1345 904 1391 et
939 1345 1055 1392 ante
1086 1340 1314 1408 ignaros.

1391 1340 1549 1408 Igitur
1585 1340 1793 1408 longum
1830 1341 2094 1408 utriusque

260 1430 531 1496 silentium,
559 1446 624 1483 ne
660 1431 799 1482 inriti
839 1430 1225 1497 dissuaderent,
1267 1447 1332 1483 an
1371 1446 1434 1483 eo
1474 1431 1777 1484 descensum
1815 1432 2094 1485 credebant

257 1527 338 1587 ut,
382 1522 492 1574 nisi
534 1522 921 1588 praeveniretur
955 1522 1267 1591 Agrippina,
1330 1522 1643 1589 pereundum
1687 1523 1879 1575 Neroni
1937 1528 2091 1577 esset.

258 1613 377 1665 Post
413 1613 635 1679 Seneca,
696 1614 942 1666 hactenus
981 1614 1291 1681 promptius,
1346 1614 1609 1681 respicere
1643 1614 1891 1681 Burrum,
1947 1624 2012 1668 ac
2047 1615 2093 1668 si

193 1717 242 1753 16
258 1704 530 1757 scitaretur
568 1720 632 1757 an
669 1705 814 1755 militi
843 1705 1136 1771 imperanda
1166 1704 1352 1757 caedes
1389 1711 1540 1757 esset.

1616 1705 1704 1758 Ille
1735 1706 2091 1772 praetorianos

257 1796 349 1847 toti
397 1796 672 1848 Caesarum
715 1796 886 1847 domui
934 1796 1208 1848 obstrictos
1246 1811 1599 1863 memoresque
1640 1796 1929 1849 Germanici
1965 1797 2093 1849 1111111

257 1887 505 1940 adversus
541 1888 841 1956 progeniem
876 1888 984 1940 eius
1027 1893 1174 1940 atrox
1200 1903 1415 1940 ausuros
1451 1888 1742 1954 respondit:
1776 1893 2093 1955 perpetraret

253 1978 502 2031 Anicetus
539 1979 807 2046 promissa.

370 2120 413 2163 4.
446 2132 535 2161 non
569 2119 693 2162 deest
724 2119 891 2176 patrati
920 2118 1011 2172 Ma,
1046 2125 1093 2161 ut
1124 2125 1269 2161 narrat
1304 2120 1539 2163 victorine.

531 2180 572 2222 5.
608 2180 855 2222 discrimine
887 2187 1040 2221 auctor
1071 2179 1284 2221 dubitaret
1318 2178 1408 2222 Ma:
1458 2185 1701 2221 correctum
1735 2182 1779 2222 in
1813 2180 1860 2223 G.

715 2240 782 2283 10.
819 2239 1068 2295 eoepedirent
1100 2240 1264 2281 amicus
1288 2239 1534 2282 Piehenae=
1567 2238 1634 2281 Ma
1658 2253 1908 2296 expergens,
1940 2240 1980 2282 A
2010 2254 2090 2282 ez·-

1063 2300 1130 2342 13.
1164 2305 1209 2340 ut
1241 2311 1310 2340 om
1342 2297 1434 2340 Ma:
1468 2298 1586 2340 addit
1619 2298 1666 2342 G.

254 2180 408 2235 affore.

253 2240 361 2297 iam]
397 2239 526 2281 etiam
556 2237 639 2282 Ma.

247 2306 512 2355 promerent.
642 2301 711 2342 12.
744 2300 825 2341 irr.
861 2298 933 2341 Or.

251 2357 329 2400 AG
362 2365 406 2400 et
437 2359 624 2401 fortasse
657 2357 758 2399 alii:
793 2357 859 2400 Ma
888 2359 1135 2414 respiceret.

252 2425 388 2471 retur,
421 2418 459 2459 A
490 2432 545 2460 ac
575 2418 806 2460 sciscitari.

257 2477 327 2520 18.
362 2478 499 2520 nichil
529 2476 611 2520 Ma.
704 2491 868 2519 summa
899 2476 980 2520 Ma.

333 2608 379 2649 id
399 2615 563 2649 tantum
580 2622 669 2649 non
690 2623 769 2664 per
790 2608 1127 2650 simulationem.-

257 2674 422 2709 tantum
451 2681 540 2708 non
559 2667 808 2709 Waltherus
827 2668 982 2724 μόνον
1013 2666 1129 2724 οὐχί,

257 2726 300 2769 11.
315 2741 353 2769 e.
371 2726 692 2783 propemodum,
712 2728 1038 2781 interpretatur,
1055 2726 1132 2768 sed

255 2792 347 2827 tum
380 2798 620 2841 pronomen
653 2786 699 2828 id
730 2787 870 2828 omitti
904 2792 978 2828 aut
1007 2787 1132 2840 idque

254 2845 388 2888 scribi
417 2846 627 2888 debebat:
656 2851 833 2888 utnunc
856 2852 956 2887 sunt
980 2845 1131 2899 verba,

254 2905 622 2960 praecedentibus
666 2905 832 2960 aliquid
875 2907 1040 2959 opponi
1073 2905 1132 2946 li-

256 2969 375 3020 quet.
425 2964 700 3019 Quapropter
733 2972 896 3006 tantum
927 2977 1004 3018 pro
1030 2972 1131 3006 tan-

254 3024 465 3066 tummodo
480 3025 668 3078 positum
684 3037 779 3065 cum
797 3023 894 3065 aliis
910 3025 1129 3076 existimo,

254 3097 306 3126 ac
346 3085 488 3125 notari
531 3082 825 3125 insatiabilem
858 3082 1129 3139 Agrippinae

253 3144 498 3197 avaritiam,
534 3156 645 3198 quae
673 3141 871 3198 quamvis
897 3143 1129 3196 postremis

253 3204 465 3257 proxima,
501 3202 629 3244 bonis
663 3201 893 3243 familiaris
915 3215 1022 3244 suae
1056 3203 1128 3242 in-

254 3261 428 3315 hiabat,
469 3275 662 3318 praeque
695 3260 900 3315 cupidine
932 3261 1126 3303 ultimam

254 3323 567 3364 necessitatem
612 3321 929 3376 aliquantisper
960 3320 1125 3362 oblivi-

251 3380 471 3423 scebatur.
535 3379 602 3422 Cf.
638 3380 715 3421 Xll
748 3381 799 3422 7:
842 3381 994 3437 cupido
1027 3380 1127 3421 auri

248 3440 457 3482 immensa
499 3439 710 3481 obtentum
749 3440 954 3493 habebat,
1005 3439 1127 3494 quasi

249 3499 480 3541 subsidium
523 3513 658 3555 reqno
708 3506 962 3555 pararetur.
1030 3497 1126 3540 XIII

253 3557 331 3599 18:
364 3573 493 3615 super
522 3560 760 3614 inqenitam
783 3559 1016 3600 avaritiam
1037 3571 1123 3600 un-

249 3616 371 3669 dique
388 3618 602 3673 pecunias
626 3619 748 3672 quasi
763 3618 993 3660 subsidium
1021 3632 1122 3659 cor-

246 3676 424 3735 ripiens.
491 3677 571 3723 19:
626 3677 821 3727 Sextium
861 3677 1123 3737 Africanum

890 2419 958 2461 15.
991 2417 1243 2476 imperanda
1274 2416 1355 2461 Ma.

885 1980 980 2041 Qui
1022 1979 1146 2030 nihil
1184 1984 1447 2031 cunctatus
1486 1980 1654 2046 poscit
1693 1995 1934 2032 summam
1972 1996 2094 2034 sce-

1680 2121 1755 2176 aff.
1792 2120 1863 2164 Or.
1894 2120 2010 2164 idem
2043 2120 2089 2165 6.

1973 2179 2016 2224 6.
2050 2186 2091 2224 et

1773 2297 1843 2342 14.
1875 2299 2090 2356 respicere

1251 2372 1306 2399 ac
1333 2359 1372 2400 si
1398 2360 1630 2400 scitaretur
1663 2357 1720 2400 G:
1757 2357 1823 2400 Ma
1854 2359 2090 2402 acsisciea-

1454 2418 1523 2462 16.
1563 2431 1759 2460 cesarum
1795 2416 1877 2461 Ma.
1960 2418 2014 2462 16
2045 2424 2090 2461 et

1216 2633 1271 2639 --
1310 2621 1338 2648 a
1379 2609 1538 2663 nuptiis
1583 2607 1766 2649 Silanae
1818 2607 2088 2651 detemerat

1215 2667 1472 2722 A-qrippina,
1492 2680 1618 2707 ——rte
1651 2667 1797 2722 opibus
1833 2674 1873 2708 et
1903 2667 2086 2711 orbitate

1216 2726 1398 2767 Silanae
1428 2725 1609 2767 maritus
1637 2732 1870 2782 poteretur.

1310 2784 1415 2839 Cap.
1463 2785 1504 2827 7.
1577 2785 1852 2840 expedirent.-
1898 2784 2085 2829 Medicei

1217 2842 1511 2898 discrepantia
1535 2846 1811 2903 (expergens)
1831 2845 1911 2898 sic,
1937 2843 2085 2899 credo,

1217 2910 1312 2945 orta
1351 2910 1440 2957 est,
1491 2909 1539 2943 ut
1578 2905 1623 2944 in
1667 2903 1910 2963 ἀρχετύπῳ
1943 2904 2086 2947 media

1217 2965 1378 3005 omissa
1409 2962 1580 3017 syllaba
1610 2963 1820 3018 scriptum
1854 2968 1974 3006 esset
2004 2976 2086 3005 ea·-

1213 3030 1378 3077 perent,
1413 3022 1527 3078 quod
1561 3036 1656 3064 cum
1690 3022 1801 3064 nihil
1831 3035 1929 3065 esse
1947 3023 2084 3066 intel-

1216 3080 1376 3137 ligeret
1417 3088 1492 3123 aut
1543 3083 1766 3137 proximus
1816 3081 1958 3124 scriba
2009 3087 2085 3124 aut

1215 3147 1459 3193 corrector,
1511 3142 1548 3182 is
1590 3141 1815 3182 substituit
1846 3155 2084 3198 expergens

1215 3199 1523 3257 coniungendo
1559 3200 1692 3242 verba
1721 3214 1955 3257 expergens
1974 3203 2082 3257 (ex...

1212 3259 1544 3316 pergefaciens)
1568 3273 1669 3314 quos
1686 3262 1828 3302 statim
1844 3261 2078 3305 acciverat.

1210 3318 1548 3376 Bezzenberger
1579 3321 1766 3361 tentavit
1808 3334 1862 3361 ex
1897 3333 1970 3376 spe
1999 3333 2079 3376 qe·-

1210 3385 1371 3431 rerent,
1395 3378 1706 3421 Doederlinius
1732 3380 1820 3421 nisi
1839 3379 1939 3435 quid
1961 3378 2077 3422 Bur-

1210 3452 1284 3479 rus
1314 3445 1354 3480 et
1378 3439 1572 3481 Seneca!
1604 3439 1715 3491 Quos
1746 3440 1888 3481 statim
1918 3450 2075 3494 exper-

1209 3511 1313 3553 gens
1342 3500 1575 3540 acciverat.

1299 3558 1529 3600 credebant
1562 3563 1634 3598 ut:
1678 3557 1721 3597 in
1754 3555 1821 3598 Ma
1849 3554 2072 3598 intercidit

1207 3622 1252 3657 ut
1288 3629 1374 3659 non
1407 3618 1547 3659 visum
1581 3621 1677 3669 post
1697 3617 1817 3669 prius
1835 3613 2071 3662 credebant

1208 3674 1282 3722 vel
1313 3683 1414 3723 ante
1445 3677 1689 3737 proximum
1718 3675 1818 3721 nisi.
