2280 4004
249 262 337 305 256
1006 255 1300 300 ANNALIVM

1820 270 1861 300 a.
1893 269 1939 300 u.
1958 257 2072 305 815.

249 403 487 468 CorbuIO,
530 407 578 454 et
610 400 839 452 Armenii
877 400 988 452 sine
1026 399 1217 452 arbitro
1253 399 1419 452 relicti
1453 404 1584 454 sunt.
1642 400 1710 452 At
1735 401 1930 454 Romae
1964 401 2160 454 tro-18

246 509 373 561 paea
413 493 475 544 de
509 491 702 542 Parthis
744 505 994 557 arcusque
1031 491 1200 543 medio
1235 491 1503 560 Capitolini
1537 491 1720 544 montis
1753 473 2076 560 sistebantur,

250 585 454 637 decreta
490 582 551 634 ab
591 586 770 633 senatu
806 582 1006 650 integro
1065 583 1231 635 adhuc
1277 583 1442 650 bello,
1503 599 1670 652 neque
1720 589 1824 636 tum
1871 583 2076 651 omissa,

250 676 366 728 dum
406 674 631 740 aspectui
673 674 951 726 consulitur
991 680 1159 742 spreta
1203 676 1532 729 conscientia.
1594 677 1727 739 Quin
1763 681 1813 729 et
1842 675 2082 729 dissimu-

211 789 232 823 ⁵
248 766 413 818 landis
446 780 615 817 rerum
644 771 964 818 externarum
1000 767 1136 819 curis
1162 768 1298 820 Nero
1322 768 1623 821 frumentum
1645 768 1808 835 plebis
1832 771 2082 822 vetustate

252 862 540 924 corruptum
581 857 632 907 in
672 858 891 910 Tiberim
926 859 1075 925 iecit,
1129 874 1227 926 quo
1265 860 1589 912 securitatem
1629 874 1863 912 annonae
1904 862 2082 912 osten-

249 954 394 1001 taret.
452 949 603 1000 Cuius
635 950 798 1016 pretio
838 950 962 1001 nibil
1001 950 1223 1002 additum
1253 957 1344 1018 est,
1386 952 1612 1019 quamvis
1645 952 1888 1004 ducentas
1921 951 2081 1005 ferme

250 1057 409 1094 naves
443 1046 592 1108 portu
632 1042 683 1092 in
723 1043 833 1109 ipso
874 1043 1116 1095 violentia
1145 1045 1454 1110 tempestatis
1479 1049 1530 1096 et
1552 1049 1749 1096 centum
1772 1043 1898 1096 alias
1913 1043 2080 1096 Tiberi

250 1135 519 1187 subvectas
559 1135 792 1187 fortuitus
831 1135 965 1203 ignis
1005 1135 1384 1203 absumpsisset.
1459 1137 1569 1189 Tris
1609 1137 1728 1189 dein
1769 1135 2083 1202 consulareS,

188 1241 234 1276 ιο
250 1228 456 1279 Lucium
492 1227 757 1293 Pisonem,
813 1228 1092 1280 Ducenium
1153 1228 1439 1295 Geminum,
1493 1229 1780 1297 Pompeium
1822 1229 2082 1282 Paulinum

248 1319 584 1387 vectigalibus
648 1319 862 1385 publicis
919 1322 1240 1387 praeposuit,
1305 1337 1416 1372 cum
1471 1321 1808 1373 insectatione
1858 1321 2083 1388 priorum

248 1410 557 1478 principum,
619 1412 699 1477 qui
739 1398 990 1479 gravitate
1026 1417 1308 1479 sumptuum
1344 1412 1507 1465 iustos
1543 1412 1739 1465 reditus
1777 1411 2083 1465 anteissentt

250 1518 307 1555 se
345 1518 562 1555 annuum
598 1503 884 1556 sexcenties
923 1503 1209 1557 sestertium
1248 1504 1325 1557 rei
1362 1504 1597 1571 publicae
1634 1504 1838 1574 largiri.'

342 1698 351 1700 -
373 1655 412 1698 1.
446 1660 596 1712 tropea
627 1651 708 1698 Ma.
891 1654 933 1698 3.
968 1662 1053 1697 tum
1087 1659 1198 1712 (non
1236 1654 1396 1698 Furiae
1430 1656 1548 1713 duni)
1612 1657 1772 1699 ami-ssa
1802 1654 1894 1699 Ma:
1941 1663 2085 1700 tamen

253 1715 408 1757 omissa
441 1715 488 1757 G.
581 1717 624 1758 4.
658 1722 796 1771 spreto
832 1714 924 1757 Ma:
959 1715 992 1757 G
1023 1723 1182 1772 spreta.
1304 1716 1344 1759 6.
1389 1716 1566 1772 tyberim
1595 1715 1676 1758 Ma.
1799 1724 1972 1759 annone
2002 1715 2084 1759 Ma.

253 1781 486 1817 ostentaret
515 1775 579 1816 A:
614 1774 716 1817 GMa
747 1782 1018 1818 sustentaret.
1111 1777 1152 1819 7.
1189 1776 1282 1832 pcto
1316 1774 1396 1818 Ma.
1504 1776 1641 1818 nichil
1671 1774 1752 1819 Ma.
1872 1776 1916 1820 8.
1948 1776 2087 1834 tyberi

254 1848 349 1875 cum
382 1834 460 1877 Iin.
553 1834 594 1878 9.
633 1835 925 1890 assumpsisset
960 1833 1049 1877 Ma:
1093 1835 1366 1878 emendatum
1400 1836 1444 1877 in
1476 1835 1564 1879 BG.
1663 1836 1730 1880 10.
1766 1836 1818 1880 L.
1841 1834 1923 1880 Ma.
2015 1837 2083 1880 13.

253 1894 307 1937 R.
343 1894 389 1937 P.
424 1893 503 1948 Ma,
536 1895 603 1935 ret
634 1908 722 1951 mg.
757 1893 835 1937 Ma.
1894 1925 1901 1929 ,

345 2049 449 2105 Cap.
474 2050 541 2093 18.
586 2050 724 2092 medio
746 2051 982 2107 Capitolini
1002 2066 1129 2094 mon-

1213 2054 1427 2108 frumento
1462 2053 1648 2108 pretium
1671 2051 1782 2108 quod
1799 2058 1962 2110 emptor
1974 2066 2088 2110 pen-

257 2112 339 2153 tis:
378 2110 434 2153 cf.
470 2116 617 2152 annot.
659 2110 711 2152 ad
742 2110 759 2151 I
793 2113 863 2155 53.

1217 2113 1348 2165 deret,
1385 2111 1584 2166 binosque
1615 2126 1806 2155 nummos
1838 2127 1882 2155 se
1913 2112 2087 2156 addicu-

345 2172 605 2225 frumentum
633 2169 768 2226 plebis
799 2178 1004 2213 vetustate
1029 2185 1131 2213 cor-

258 2237 455 2285 ruptum:
488 2230 693 2286 intellige
725 2231 988 2272 frumentum
1015 2230 1135 2285 plebi

258 2288 460 2331 sordidae
506 2296 549 2331 et
593 2289 768 2344 publice
819 2290 1004 2332 alendae
1051 2293 1137 2346 (τῷ

261 2343 391 2408 δήμῳ
419 2351 481 2405 τῷ
509 2349 852 2407 σιτοδουμὲνῳ)
874 2349 1137 2391 destinatum

262 2415 305 2450 et
335 2421 359 2449 a
393 2410 551 2451 ceteris
597 2411 736 2463 copiis
774 2415 1045 2464 separatum,
1090 2415 1138 2449 ut

260 2470 416 2522 inopes
453 2474 616 2510 statuto
657 2470 797 2523 pretio
833 2471 1002 2510 minore
1035 2468 1138 2510 inde

263 2540 410 2569 emere
442 2534 647 2582 possent:
682 2529 738 2570 iis
774 2530 888 2570 enim
923 2541 1010 2569 non
1042 2528 1138 2569 fru-

261 2593 454 2628 mentum
499 2590 640 2642 ipsum
689 2588 767 2628 sed
810 2590 999 2641 pecunia
1040 2589 1136 2629 sive

262 2651 457 2687 tesserae
498 2647 652 2702 quovis
671 2659 821 2687 mense
848 2647 1133 2699 donabantur,

263 2704 420 2760 quibus
477 2706 597 2747 cibos
645 2718 699 2746 ex
755 2717 955 2747 aimonae
1008 2706 1136 2747 modo

262 2764 520 2819 plerumque
554 2770 772 2819 pararent.
827 2765 986 2806 Verum
1021 2778 1136 2806 nunc

264 2825 470 2880 gravitati
503 2838 704 2866 annonae
737 2825 782 2865 in
816 2838 938 2866 usum
968 2837 1138 2879 paupe-

262 2896 357 2924 rum
391 2884 449 2924 ita
481 2884 741 2926 subventum
778 2891 867 2938 est,
919 2890 966 2926 ut
996 2885 1137 2939 pretio

263 2943 470 2984 frumenti
513 2943 580 2985 his
624 2945 807 2997 sepositi
851 2943 962 2985 nihil
1002 2943 1140 2986 adde-

263 3007 384 3044 retur
405 3017 415 3043 :
449 3015 545 3043 nam
566 3003 701 3044 verba
719 3005 837 3044 cuius
865 3004 1001 3059 pretio
1023 3016 1137 3044 non-

266 3061 350 3103 nisi
386 3061 438 3103 de
471 3064 685 3118 frumento
715 3062 851 3118 plebis
883 3062 1140 3117 accipienda

264 3127 378 3163 sunt.
446 3120 571 3172 Quod
611 3121 696 3163 hoc
747 3127 943 3176 tempore
983 3123 1026 3162 in
1068 3122 1139 3163 fa-

264 3193 415 3223 vorem
467 3179 609 3235 plebis
666 3180 826 3223 factum
883 3187 974 3235 est,
1025 3180 1138 3222 idem

267 3242 471 3296 princeps
520 3253 596 3295 pro
642 3246 732 3282 tota
783 3241 903 3283 urbis
958 3241 1139 3283 civitate

267 3306 364 3355 post
406 3313 540 3355 grave
583 3300 833 3342 incendium
879 3300 972 3342 fieri
1016 3300 1141 3342 iussit

269 3360 371 3415 (XV
398 3359 505 3414 39):
541 3360 820 3415 subvectaque
850 3359 1054 3402 utensilia
1086 3359 1138 3400 ab

272 3419 394 3461 Ostia
411 3426 449 3460 et
477 3419 729 3475 propinquis
758 3420 1015 3475 municipiis,
1035 3433 1140 3476 pre-

269 3479 450 3532 tiumque
500 3479 708 3533 frumenti
755 3480 961 3520 minutum
1011 3493 1139 3533 usqae

268 3538 326 3579 ad
357 3545 500 3580 ternos
532 3551 734 3579 nummos.
797 3539 913 3580 Idem
935 3543 1036 3580 aiite
1069 3539 1139 3580 fe-

271 3603 389 3637 cerat
429 3596 627 3638 Tiberius
670 3597 732 3652 (11
768 3597 876 3654 87):
919 3598 1141 3639 saevitiam

235 3668 472 3705 *anmmaee
524 3657 748 3699 incusante
796 3657 947 3714 plebe,
995 3658 1142 3701 statuit

1217 2185 1312 2213 rum
1343 2172 1679 2226 neyotiatoribus
1709 2173 1757 2214 in
1785 2171 1978 2228 singulos
1993 2186 2090 2214 mo-

1220 2232 1324 2274 dios.
1376 2230 1442 2273 Cf.
1477 2231 1555 2273 XV
1580 2234 1663 2277 72:
1697 2231 1942 2287 addiditque
1976 2233 2087 2289 (mi-

1218 2291 1369 2332 litibus
1418 2289 1620 2349 urbanis)
1671 2292 1764 2334 sine
1803 2292 1944 2348 pretio
1987 2292 2089 2349 fru-

1218 2357 1418 2403 mentum,
1446 2363 1524 2405 quo
1547 2358 1646 2394 ante
1667 2366 1720 2394 εει·
1739 2352 1861 2394 modo
1886 2364 2090 2394 annonae

1215 2410 1463 2453 utebantur.

1294 2483 1372 2524 quo
1403 2470 1676 2511 securitatem
1709 2482 1914 2512 artnonae
1942 2475 2088 2512 osten-

1221 2536 1352 2571 taret:
1385 2528 1502 2584 quod
1531 2529 1733 2585 plerique
1766 2529 1941 2572 codices
1976 2529 2090 2572 offe-

1219 2594 1320 2629 runt
1336 2595 1607 2641 sustentaret,
1633 2602 1687 2631 ex
1704 2591 1918 2644 scriptura
1941 2595 2091 2631 usten-

1221 2655 1333 2689 taret
1364 2659 1441 2700 pro
1476 2655 1553 2689 ost.
1578 2654 1724 2689 natum
1747 2648 1922 2690 videtur
1944 2647 2091 2690 littera

1219 2707 1425 2748 sibilante
1477 2713 1696 2761 assumpta
1757 2720 1811 2750 ex
1870 2706 2090 2749 vocabulo

1220 2767 1417 2820 proximo
1440 2767 1727 2809 securitatem.
1760 2766 1827 2808 Ad
1849 2767 2091 2821 principem

1220 2827 1337 2867 enim
1370 2825 1570 2868 omnibus
1615 2828 1658 2868 in
1691 2825 1822 2868 rebus
1861 2825 2093 2869 simulato-

1220 2898 1338 2939 rem,
1371 2896 1459 2926 non
1494 2884 1548 2927 ad
1581 2887 1703 2930 cives
1734 2886 1978 2929 securitatis
2007 2898 2094 2927 no-

1222 2959 1321 2987 men
1368 2944 1648 2988 referendum
1693 2959 1791 2989 esse
1837 2959 1892 2988 ex
1933 2946 2093 2988 ceteris

1223 3004 1376 3059 liquet.
1498 3012 1627 3062 portu
1668 3006 1717 3047 in
1748 3007 1868 3062 ipso.-
1911 3003 2094 3048 Ostien-

1222 3076 1312 3105 sem
1349 3070 1520 3118 portum
1554 3065 1685 3108 dicit:
1719 3063 1787 3106 his
1827 3064 2095 3119 respondent

1224 3136 1335 3178 quae
1369 3124 1422 3166 de
1456 3130 1629 3166 centum
1672 3123 1771 3167 aliis
1802 3123 1988 3166 navibus
2019 3123 2094 3165 Ti-

1222 3183 1316 3225 beri
1349 3184 1597 3238 subvectiS,
1640 3184 1683 3225 h.
1719 3197 1760 3226 e.
1804 3182 1858 3225 ab
1902 3182 2094 3226 Ostiensi

1224 3242 1399 3285 colonia
1426 3243 1478 3286 ad
1498 3244 1649 3286 urbem
1674 3242 1973 3298 tendentibus,
1992 3254 2096 3286 nar-

1224 3308 1386 3345 rantur.
1703 3338 1720 3350 -.

1299 3362 1478 3404 Lucium
1494 3361 1712 3403 Pisonem.-
1747 3360 1971 3404 consulem
1992 3361 2094 3403 anni

1223 3421 1277 3462 57
1332 3435 1357 3462 a
1410 3419 1534 3464 Chi-‚2
1589 3420 1685 3463 XIII
1726 3422 1798 3464 31.
1864 3420 2094 3475 Pompeius

1223 3479 1445 3532 Paulinus,
1479 3494 1517 3522 a.
1545 3480 1602 3522 58
1620 3479 1876 3522 Germaniae
1894 3478 2093 3521 inferiori

1224 3539 1499 3594 praepositus
1529 3539 1647 3594 (XIII
1677 3540 1774 3596 53),
1800 3545 1843 3580 et
1871 3538 2094 3580 Ducenius

1226 3597 1435 3641 Geminus
1489 3600 1532 3640 in
1588 3598 1840 3640 consulibus
1896 3597 2093 3639 suffectis

1225 3658 1415 3702 fuerunt.
1458 3658 1681 3701 Ducenius
1702 3657 1781 3700 sub
1809 3655 1943 3699 Galba
1961 3669 2093 3712 prae-
