<?xml version="1.0" encoding="UTF-8"?>
<!DOCTYPE html PUBLIC "-//W3C//DTD XHTML 1.0 Transitional//EN"
    "http://www.w3.org/TR/xhtml1/DTD/xhtml1-transitional.dtd">
<html xmlns="http://www.w3.org/1999/xhtml" xml:lang="en" lang="en">
 <head>
  <title>
</title>
<meta http-equiv="Content-Type" content="text/html;charset=utf-8" />
  <meta name='ocr-system' content='tesseract 3.04.00' />
  <meta name='ocr-capabilities' content='ocr_page ocr_carea ocr_par ocr_line ocrx_word'/>
</head>
<body>
  <div class='ocr_page' id='page_1' title='image "./operaadcodicesan01taciuoft_0497.png"; bbox 0 0 2280 4004; ppageno 0'>
   <div class='ocr_carea' id='block_1_1' title="bbox 189 296 2010 344">
    <p class='ocr_par' dir='ltr' id='par_1_1' title="bbox 189 296 2010 344">
     <span class='ocr_line' id='line_1_1' title="bbox 189 296 2010 344; baseline -0.001 0"><span class='ocrx_word' id='word_1_1' title='bbox 189 300 217 344; x_wconf 57' lang='lat' dir='ltr'>a</span> <span class='ocrx_word' id='word_1_2' title='bbox 247 297 295 344; x_wconf 71' lang='grc' dir='ltr'>ὓ.</span> <span class='ocrx_word' id='word_1_3' title='bbox 317 299 390 344; x_wconf 77' lang='grc'>48.</span> <span class='ocrx_word' id='word_1_4' title='bbox 788 298 953 343; x_wconf 88' lang='lat' dir='ltr'>LIBER</span> <span class='ocrx_word' id='word_1_5' title='bbox 982 297 1073 342; x_wconf 86' lang='grc' dir='ltr'>ΧΠ.</span> <span class='ocrx_word' id='word_1_6' title='bbox 1136 296 1242 343; x_wconf 64' lang='grc' dir='ltr'>θη.</span> <span class='ocrx_word' id='word_1_7' title='bbox 1275 301 1406 344; x_wconf 80' lang='grc'>2-4.</span> <span class='ocrx_word' id='word_1_8' title='bbox 1948 297 2010 342; x_wconf 56' lang='grc' dir='ltr'><strong>θ</strong></span> 
     </span>
    </p>
   </div>
   <div class='ocr_carea' id='block_1_2' title="bbox 139 436 2071 1971">
    <p class='ocr_par' dir='ltr' id='par_1_2' title="bbox 187 436 2010 694">
     <span class='ocr_line' id='line_1_2' title="bbox 191 436 2010 508; baseline -0.003 -12"><span class='ocrx_word' id='word_1_9' title='bbox 191 443 453 497; x_wconf 86' lang='lat' dir='ltr'>Octaviam</span> <span class='ocrx_word' id='word_1_10' title='bbox 495 442 712 508; x_wconf 88' lang='lat' dir='ltr'>Caesar,</span> <span class='ocrx_word' id='word_1_11' title='bbox 765 441 1101 508; x_wconf 80' lang='lat' dir='ltr'>iuvenemque</span> <span class='ocrx_word' id='word_1_12' title='bbox 1145 445 1195 493; x_wconf 85' lang='lat' dir='ltr'>et</span> <span class='ocrx_word' id='word_1_13' title='bbox 1229 440 1328 493; x_wconf 85' lang='lat' dir='ltr'>alia</span> <span class='ocrx_word' id='word_1_14' title='bbox 1376 439 1563 492; x_wconf 86' lang='lat' dir='ltr'>clarum</span> <span class='ocrx_word' id='word_1_15' title='bbox 1602 436 1792 507; x_wconf 75' lang='lat' dir='ltr'><strong>insigni</strong></span> <span class='ocrx_word' id='word_1_16' title='bbox 1828 438 2010 491; x_wconf 82' lang='lat' dir='ltr'>trium-</span> 
     </span>
     <span class='ocr_line' id='line_1_3' title="bbox 187 529 2008 603; baseline -0.003 -16"><span class='ocrx_word' id='word_1_17' title='bbox 187 535 408 602; x_wconf 83' lang='lat' dir='ltr'>phalium</span> <span class='ocrx_word' id='word_1_18' title='bbox 457 539 507 587; x_wconf 90' lang='lat' dir='ltr'>et</span> <span class='ocrx_word' id='word_1_19' title='bbox 555 534 846 603; x_wconf 87' lang='lat' dir='ltr'>gladiatorii</span> <span class='ocrx_word' id='word_1_20' title='bbox 895 533 1117 586; x_wconf 90' lang='lat' dir='ltr'>muneris</span> <span class='ocrx_word' id='word_1_21' title='bbox 1169 531 1543 600; x_wconf 87' lang='lat' dir='ltr'>magnificentia</span> <span class='ocrx_word' id='word_1_22' title='bbox 1607 531 1885 598; x_wconf 79' lang='lat' dir='ltr'>protulerat</span> <span class='ocrx_word' id='word_1_23' title='bbox 1943 529 2008 582; x_wconf 89' lang='lat' dir='ltr'>ad</span> 
     </span>
     <span class='ocr_line' id='line_1_4' title="bbox 188 622 2005 694; baseline -0.003 -16"><span class='ocrx_word' id='word_1_24' title='bbox 188 627 352 678; x_wconf 85' lang='lat' dir='ltr'>studia</span> <span class='ocrx_word' id='word_1_25' title='bbox 386 625 542 694; x_wconf 91' lang='lat' dir='ltr'>vulgi.</span> <span class='ocrx_word' id='word_1_26' title='bbox 615 625 718 678; x_wconf 85' lang='lat' dir='ltr'>Sed</span> <span class='ocrx_word' id='word_1_27' title='bbox 755 625 879 676; x_wconf 92' lang='lat' dir='ltr'>nihil</span> <span class='ocrx_word' id='word_1_28' title='bbox 913 625 1123 676; x_wconf 88' lang='lat' dir='ltr'>arduum</span> <span class='ocrx_word' id='word_1_29' title='bbox 1156 624 1423 675; x_wconf 82' lang='lat' dir='ltr'>videbatur</span> <span class='ocrx_word' id='word_1_30' title='bbox 1457 624 1509 674; x_wconf 92' lang='lat' dir='ltr'>in</span> <span class='ocrx_word' id='word_1_31' title='bbox 1543 623 1711 675; x_wconf 87' lang='lat' dir='ltr'>animo</span> <span class='ocrx_word' id='word_1_32' title='bbox 1746 622 2005 690; x_wconf 75' lang='lat' dir='ltr'>principiS,</span> 
     </span>
    </p>

    <p class='ocr_par' dir='ltr' id='par_1_3' title="bbox 139 714 2071 1971">
     <span class='ocr_line' id='line_1_5' title="bbox 139 714 2009 790; baseline -0.001 -24"><span class='ocrx_word' id='word_1_33' title='bbox 139 717 271 769; x_wconf 85' lang='lat' dir='ltr'>4cui</span> <span class='ocrx_word' id='word_1_34' title='bbox 306 733 410 769; x_wconf 91' lang='lat' dir='ltr'>non</span> <span class='ocrx_word' id='word_1_35' title='bbox 434 717 691 781; x_wconf 92' lang='lat' dir='ltr'>iudicium,</span> <span class='ocrx_word' id='word_1_36' title='bbox 732 731 835 768; x_wconf 92' lang='lat' dir='ltr'>non</span> <span class='ocrx_word' id='word_1_37' title='bbox 869 716 1038 767; x_wconf 89' lang='lat' dir='ltr'>odium</span> <span class='ocrx_word' id='word_1_38' title='bbox 1066 721 1174 767; x_wconf 85' lang='lat' dir='ltr'>erat</span> <span class='ocrx_word' id='word_1_39' title='bbox 1206 715 1304 766; x_wconf 88' lang='lat' dir='ltr'>nisi</span> <span class='ocrx_word' id='word_1_40' title='bbox 1338 715 1496 766; x_wconf 86' lang='lat' dir='ltr'>indita</span> <span class='ocrx_word' id='word_1_41' title='bbox 1542 719 1591 766; x_wconf 87' lang='lat' dir='ltr'>et</span> <span class='ocrx_word' id='word_1_42' title='bbox 1624 715 1779 790; x_wconf 78' lang='lat' dir='ltr'>iussa.</span> <span class='ocrx_word' id='word_1_43' title='bbox 1851 714 2009 782; x_wconf 81' lang='lat' dir='ltr'>Igitur</span> 
     </span>
     <span class='ocr_line' id='line_1_6' title="bbox 187 806 2045 874; baseline -0.002 -14"><span class='ocrx_word' id='word_1_44' title='bbox 187 809 433 874; x_wconf 79' lang='lat' dir='ltr'>Vitellius,</span> <span class='ocrx_word' id='word_1_45' title='bbox 463 808 667 860; x_wconf 83' lang='lat' dir='ltr'>nomine</span> <span class='ocrx_word' id='word_1_46' title='bbox 699 807 932 859; x_wconf 87' lang='lat' dir='ltr'>censoris</span> <span class='ocrx_word' id='word_1_47' title='bbox 970 807 1183 859; x_wconf 85' lang='lat' dir='ltr'>serviles</span> <span class='ocrx_word' id='word_1_48' title='bbox 1221 806 1450 858; x_wconf 81' lang='lat' dir='ltr'><strong>fallacias</strong></span> <span class='ocrx_word' id='word_1_49' title='bbox 1488 806 1734 874; x_wconf 81' lang='lat' dir='ltr'>obtegens</span> <span class='ocrx_word' id='word_1_50' title='bbox 1759 806 2045 874; x_wconf 74' lang='lat' dir='ltr'>ingruen-⁸</span> 
     </span>
     <span class='ocr_line' id='line_1_7' title="bbox 184 897 2010 966; baseline -0.002 -15"><span class='ocrx_word' id='word_1_51' title='bbox 184 900 406 966; x_wconf 79' lang='lat' dir='ltr'>tiumque</span> <span class='ocrx_word' id='word_1_52' title='bbox 444 899 840 950; x_wconf 80' lang='lat' dir='ltr'>dominationum</span> <span class='ocrx_word' id='word_1_53' title='bbox 877 898 1139 965; x_wconf 83' lang='lat' dir='ltr'>provisor,</span> <span class='ocrx_word' id='word_1_54' title='bbox 1181 912 1279 964; x_wconf 86' lang='lat' dir='ltr'>quo</span> <span class='ocrx_word' id='word_1_55' title='bbox 1316 901 1530 965; x_wconf 82' lang='lat' dir='ltr'>gratiam</span> <span class='ocrx_word' id='word_1_56' title='bbox 1564 897 1878 964; x_wconf 83' lang='lat' dir='ltr'>Agrippinae</span> <span class='ocrx_word' id='word_1_57' title='bbox 1912 912 2010 964; x_wconf 77' lang='lat' dir='ltr'>pa·-</span> 
     </span>
     <span class='ocr_line' id='line_1_8' title="bbox 184 983 2009 1058; baseline -0.002 -16"><span class='ocrx_word' id='word_1_58' title='bbox 184 983 350 1056; x_wconf 66' lang='lat' dir='ltr'>raret&#39;,</span> <span class='ocrx_word' id='word_1_59' title='bbox 389 990 619 1042; x_wconf 90' lang='lat' dir='ltr'>consiliis</span> <span class='ocrx_word' id='word_1_60' title='bbox 662 991 770 1041; x_wconf 88' lang='lat' dir='ltr'>eius</span> <span class='ocrx_word' id='word_1_61' title='bbox 809 989 1070 1058; x_wconf 86' lang='lat' dir='ltr'>inplicari,</span> <span class='ocrx_word' id='word_1_62' title='bbox 1115 990 1251 1040; x_wconf 89' lang='lat' dir='ltr'>ferre</span> <span class='ocrx_word' id='word_1_63' title='bbox 1287 989 1498 1040; x_wconf 88' lang='lat' dir='ltr'>crimina</span> <span class='ocrx_word' id='word_1_64' title='bbox 1528 988 1580 1038; x_wconf 93' lang='lat' dir='ltr'>in</span> <span class='ocrx_word' id='word_1_65' title='bbox 1617 988 1870 1054; x_wconf 84' lang='lat' dir='ltr'>Silanum,</span> <span class='ocrx_word' id='word_1_66' title='bbox 1927 988 2009 1039; x_wconf 85' lang='lat' dir='ltr'>cui</span> 
     </span>
     <span class='ocr_line' id='line_1_9' title="bbox 184 1079 2007 1147; baseline -0.002 -13"><span class='ocrx_word' id='word_1_67' title='bbox 184 1097 310 1134; x_wconf 80' lang='lat' dir='ltr'>sane</span> <span class='ocrx_word' id='word_1_68' title='bbox 346 1081 535 1133; x_wconf 86' lang='lat' dir='ltr'>decora</span> <span class='ocrx_word' id='word_1_69' title='bbox 573 1085 623 1132; x_wconf 88' lang='lat' dir='ltr'>et</span> <span class='ocrx_word' id='word_1_70' title='bbox 660 1095 856 1147; x_wconf 85' lang='lat' dir='ltr'>procax</span> <span class='ocrx_word' id='word_1_71' title='bbox 901 1095 1081 1145; x_wconf 90' lang='lat' dir='ltr'>soror,</span> <span class='ocrx_word' id='word_1_72' title='bbox 1143 1080 1283 1131; x_wconf 86' lang='lat' dir='ltr'>Iunia</span> <span class='ocrx_word' id='word_1_73' title='bbox 1325 1080 1559 1145; x_wconf 86' lang='lat' dir='ltr'>Calvina,</span> <span class='ocrx_word' id='word_1_74' title='bbox 1618 1079 1752 1130; x_wconf 86' lang='lat' dir='ltr'>haud</span> <span class='ocrx_word' id='word_1_75' title='bbox 1803 1079 2007 1132; x_wconf 84' lang='lat' dir='ltr'>multum</span> 
     </span>
     <span class='ocr_line' id='line_1_10' title="bbox 184 1171 2008 1235; baseline -0.003 -10"><span class='ocrx_word' id='word_1_76' title='bbox 184 1177 300 1225; x_wconf 81' lang='lat' dir='ltr'>ante</span> <span class='ocrx_word' id='word_1_77' title='bbox 323 1172 510 1225; x_wconf 86' lang='lat' dir='ltr'>Vitellii</span> <span class='ocrx_word' id='word_1_78' title='bbox 547 1187 705 1224; x_wconf 89' lang='lat' dir='ltr'>nurus</span> <span class='ocrx_word' id='word_1_79' title='bbox 733 1172 913 1224; x_wconf 88' lang='lat' dir='ltr'>fuerat.</span> <span class='ocrx_word' id='word_1_80' title='bbox 986 1172 1115 1223; x_wconf 91' lang='lat' dir='ltr'>Hinc</span> <span class='ocrx_word' id='word_1_81' title='bbox 1137 1172 1331 1222; x_wconf 89' lang='lat' dir='ltr'>initium</span> <span class='ocrx_word' id='word_1_82' title='bbox 1360 1171 1730 1235; x_wconf 81' lang='lat' dir='ltr'>accusationis3</span> <span class='ocrx_word' id='word_1_83' title='bbox 1770 1171 2008 1223; x_wconf 78' lang='lat' dir='ltr'>fratrum-</span> 
     </span>
     <span class='ocr_line' id='line_1_11' title="bbox 183 1262 2071 1332; baseline -0.002 -15"><span class='ocrx_word' id='word_1_84' title='bbox 183 1279 283 1332; x_wconf 80' lang='lat' dir='ltr'>que</span> <span class='ocrx_word' id='word_1_85' title='bbox 330 1279 434 1316; x_wconf 89' lang='lat' dir='ltr'>non</span> <span class='ocrx_word' id='word_1_86' title='bbox 490 1264 739 1316; x_wconf 88' lang='lat' dir='ltr'>incestum</span> <span class='ocrx_word' id='word_1_87' title='bbox 788 1264 882 1315; x_wconf 91' lang='lat' dir='ltr'>sed</span> <span class='ocrx_word' id='word_1_88' title='bbox 939 1263 1315 1314; x_wconf 76' lang='lat' dir='ltr'>incustoditum·</span> <span class='ocrx_word' id='word_1_89' title='bbox 1362 1278 1586 1315; x_wconf 89' lang='lat' dir='ltr'>amorem</span> <span class='ocrx_word' id='word_1_90' title='bbox 1637 1262 1700 1314; x_wconf 89' lang='lat' dir='ltr'>ad</span> <span class='ocrx_word' id='word_1_91' title='bbox 1747 1262 2005 1315; x_wconf 86' lang='lat' dir='ltr'>infamiam</span> <span class='ocrx_word' id='word_1_92' title='bbox 2025 1271 2071 1314; x_wconf 73' lang='lat' dir='ltr'>to</span> 
     </span>
     <span class='ocr_line' id='line_1_12' title="bbox 180 1353 2009 1421; baseline -0.001 -15"><span class='ocrx_word' id='word_1_93' title='bbox 180 1355 347 1407; x_wconf 82' lang='lat' dir='ltr'>traxit.</span> <span class='ocrx_word' id='word_1_94' title='bbox 419 1355 481 1407; x_wconf 89' lang='lat' dir='ltr'>Et</span> <span class='ocrx_word' id='word_1_95' title='bbox 514 1354 792 1421; x_wconf 86' lang='lat' dir='ltr'>praebebat</span> <span class='ocrx_word' id='word_1_96' title='bbox 826 1354 1016 1406; x_wconf 86' lang='lat' dir='ltr'>Caesar</span> <span class='ocrx_word' id='word_1_97' title='bbox 1052 1368 1234 1419; x_wconf 84' lang='lat' dir='ltr'>aureS,</span> <span class='ocrx_word' id='word_1_98' title='bbox 1280 1353 1593 1420; x_wconf 83' lang='lat' dir='ltr'>accipiendis</span> <span class='ocrx_word' id='word_1_99' title='bbox 1630 1353 1877 1405; x_wconf 84' lang='lat' dir='ltr'>adversus</span> <span class='ocrx_word' id='word_1_100' title='bbox 1909 1366 2009 1420; x_wconf 85' lang='lat' dir='ltr'>ge—</span> 
     </span>
     <span class='ocr_line' id='line_1_13' title="bbox 180 1444 2009 1514; baseline -0.004 -16"><span class='ocrx_word' id='word_1_101' title='bbox 180 1460 359 1499; x_wconf 87' lang='lat' dir='ltr'>nerum</span> <span class='ocrx_word' id='word_1_102' title='bbox 392 1446 767 1514; x_wconf 85' lang='lat' dir='ltr'>suspicionibus</span> <span class='ocrx_word' id='word_1_103' title='bbox 804 1445 1015 1497; x_wconf 87' lang='lat' dir='ltr'>caritate</span> <span class='ocrx_word' id='word_1_104' title='bbox 1049 1445 1182 1497; x_wconf 87' lang='lat' dir='ltr'>filiae</span> <span class='ocrx_word' id='word_1_105' title='bbox 1220 1446 1512 1511; x_wconf 88' lang='lat' dir='ltr'>promptior.</span> <span class='ocrx_word' id='word_1_106' title='bbox 1586 1446 1654 1497; x_wconf 92' lang='lat' dir='ltr'>At</span> <span class='ocrx_word' id='word_1_107' title='bbox 1688 1445 1887 1498; x_wconf 85' lang='lat' dir='ltr'>Silanus</span> <span class='ocrx_word' id='word_1_108' title='bbox 1924 1444 2009 1495; x_wconf 44' lang='lat' dir='ltr'>ina-</span> 
     </span>
     <span class='ocr_line' id='line_1_14' title="bbox 181 1537 2008 1603; baseline -0.002 -13"><span class='ocrx_word' id='word_1_109' title='bbox 181 1538 425 1591; x_wconf 89' lang='lat' dir='ltr'>sidiarum</span> <span class='ocrx_word' id='word_1_110' title='bbox 470 1538 707 1603; x_wconf 87' lang='lat' dir='ltr'>nescius,</span> <span class='ocrx_word' id='word_1_111' title='bbox 764 1553 824 1589; x_wconf 82' lang='lat' dir='ltr'>ac</span> <span class='ocrx_word' id='word_1_112' title='bbox 875 1537 1008 1588; x_wconf 86' lang='lat' dir='ltr'>forte</span> <span class='ocrx_word' id='word_1_113' title='bbox 1062 1551 1123 1588; x_wconf 87' lang='lat' dir='ltr'>eo</span> <span class='ocrx_word' id='word_1_114' title='bbox 1174 1551 1307 1588; x_wconf 89' lang='lat' dir='ltr'>anno</span> <span class='ocrx_word' id='word_1_115' title='bbox 1358 1542 1599 1603; x_wconf 87' lang='lat' dir='ltr'>praetor,</span> <span class='ocrx_word' id='word_1_116' title='bbox 1657 1541 1865 1603; x_wconf 86' lang='lat' dir='ltr'>repente</span> <span class='ocrx_word' id='word_1_117' title='bbox 1915 1550 2008 1602; x_wconf 88' lang='lat' dir='ltr'>per</span> 
     </span>
     <span class='ocr_line' id='line_1_15' title="bbox 180 1625 2005 1694; baseline -0.002 -13"><span class='ocrx_word' id='word_1_118' title='bbox 180 1630 401 1682; x_wconf 84' lang='lat' dir='ltr'>edictum</span> <span class='ocrx_word' id='word_1_119' title='bbox 439 1629 627 1681; x_wconf 89' lang='lat' dir='ltr'>Vitellii</span> <span class='ocrx_word' id='word_1_120' title='bbox 687 1628 868 1680; x_wconf 89' lang='lat' dir='ltr'>ordine</span> <span class='ocrx_word' id='word_1_121' title='bbox 909 1628 1171 1681; x_wconf 87' lang='lat' dir='ltr'>senatorio</span> <span class='ocrx_word' id='word_1_122' title='bbox 1211 1632 1476 1693; x_wconf 87' lang='lat' dir='ltr'>movetur,</span> <span class='ocrx_word' id='word_1_123' title='bbox 1535 1642 1832 1694; x_wconf 83' lang='lat' dir='ltr'>quamquam</span> <span class='ocrx_word' id='word_1_124' title='bbox 1871 1625 2005 1678; x_wconf 84' lang='lat' dir='ltr'>lecto</span> 
     </span>
     <span class='ocr_line' id='line_1_16' title="bbox 180 1718 2069 1788; baseline 0.001 -16"><span class='ocrx_word' id='word_1_125' title='bbox 180 1721 373 1788; x_wconf 86' lang='lat' dir='ltr'>pridem</span> <span class='ocrx_word' id='word_1_126' title='bbox 412 1726 592 1774; x_wconf 88' lang='lat' dir='ltr'>senatu</span> <span class='ocrx_word' id='word_1_127' title='bbox 627 1720 890 1787; x_wconf 87' lang='lat' dir='ltr'>lustroque</span> <span class='ocrx_word' id='word_1_128' title='bbox 927 1720 1151 1772; x_wconf 86' lang='lat' dir='ltr'>condito.</span> <span class='ocrx_word' id='word_1_129' title='bbox 1228 1720 1382 1773; x_wconf 91' lang='lat' dir='ltr'>Simul</span> <span class='ocrx_word' id='word_1_130' title='bbox 1423 1720 1730 1772; x_wconf 80' lang='lat' dir='ltr'>adfinitatem</span> <span class='ocrx_word' id='word_1_131' title='bbox 1766 1718 2069 1773; x_wconf 68' lang='lat' dir='ltr'>Claudiusn</span> 
     </span>
     <span class='ocr_line' id='line_1_17' title="bbox 179 1810 2006 1879; baseline -0.001 -15"><span class='ocrx_word' id='word_1_132' title='bbox 179 1811 410 1878; x_wconf 82' lang='lat' dir='ltr'>diremit,</span> <span class='ocrx_word' id='word_1_133' title='bbox 450 1811 761 1878; x_wconf 80' lang='lat' dir='ltr'>adactusque</span> <span class='ocrx_word' id='word_1_134' title='bbox 793 1812 993 1865; x_wconf 89' lang='lat' dir='ltr'>Silanus</span> <span class='ocrx_word' id='word_1_135' title='bbox 1037 1811 1239 1863; x_wconf 87' lang='lat' dir='ltr'>eiurare</span> <span class='ocrx_word' id='word_1_136' title='bbox 1277 1815 1655 1879; x_wconf 84' lang='lat' dir='ltr'>magistratum,</span> <span class='ocrx_word' id='word_1_137' title='bbox 1696 1815 1745 1863; x_wconf 88' lang='lat' dir='ltr'>et</span> <span class='ocrx_word' id='word_1_138' title='bbox 1780 1810 2006 1878; x_wconf 83' lang='lat' dir='ltr'>reliquus</span> 
     </span>
     <span class='ocr_line' id='line_1_18' title="bbox 176 1902 1638 1971; baseline -0.001 -15"><span class='ocrx_word' id='word_1_139' title='bbox 176 1908 446 1971; x_wconf 79' lang='lat' dir='ltr'>praeturae</span> <span class='ocrx_word' id='word_1_140' title='bbox 485 1902 595 1956; x_wconf 91' lang='lat' dir='ltr'>dies</span> <span class='ocrx_word' id='word_1_141' title='bbox 638 1904 691 1955; x_wconf 90' lang='lat' dir='ltr'>in</span> <span class='ocrx_word' id='word_1_142' title='bbox 727 1903 933 1970; x_wconf 91' lang='lat' dir='ltr'>Eprium</span> <span class='ocrx_word' id='word_1_143' title='bbox 963 1903 1256 1957; x_wconf 90' lang='lat' dir='ltr'>Marcellum</span> <span class='ocrx_word' id='word_1_144' title='bbox 1290 1903 1505 1956; x_wconf 85' lang='lat' dir='ltr'>collatus</span> <span class='ocrx_word' id='word_1_145' title='bbox 1545 1907 1638 1954; x_wconf 88' lang='lat' dir='ltr'>est.</span> 
     </span>
    </p>
   </div>
   <div class='ocr_carea' id='block_1_3' title="bbox 1506 2087 2006 2251">
    <p class='ocr_par' dir='ltr' id='par_1_4' title="bbox 1506 2087 2006 2251">
     <span class='ocr_line' id='line_1_19' title="bbox 1506 2087 2006 2146; baseline -0.006 -13"><span class='ocrx_word' id='word_1_146' title='bbox 1506 2090 1546 2133; x_wconf 91' lang='lat'>7.</span> <span class='ocrx_word' id='word_1_147' title='bbox 1580 2089 1697 2146; x_wconf 83' lang='lat' dir='ltr'>impl.</span> <span class='ocrx_word' id='word_1_148' title='bbox 1733 2087 1804 2131; x_wconf 85' lang='lat' dir='ltr'>Or.</span> <span class='ocrx_word' id='word_1_149' title='bbox 1887 2088 2006 2144; x_wconf 74' lang='lat' dir='ltr'>serre</span> 
     </span>
     <span class='ocr_line' id='line_1_20' title="bbox 1664 2150 2004 2204; baseline -0.012 -12"><span class='ocrx_word' id='word_1_150' title='bbox 1664 2150 1704 2192; x_wconf 90' lang='lat'>9.</span> <span class='ocrx_word' id='word_1_151' title='bbox 1738 2150 1874 2204; x_wconf 80' lang='lat' dir='ltr'>frmq3</span> <span class='ocrx_word' id='word_1_152' title='bbox 1907 2161 2004 2190; x_wconf 90' lang='lat' dir='ltr'>cum</span> 
     </span>
     <span class='ocr_line' id='line_1_21' title="bbox 1582 2206 2002 2251; baseline -0.002 0"><span class='ocrx_word' id='word_1_153' title='bbox 1582 2209 1650 2251; x_wconf 87' lang='lat'>16.</span> <span class='ocrx_word' id='word_1_154' title='bbox 1685 2223 1708 2251; x_wconf 88' lang='lat' dir='ltr'>e</span> <span class='ocrx_word' id='word_1_155' title='bbox 1739 2209 1890 2251; x_wconf 84' lang='lat' dir='ltr'>iurare</span> <span class='ocrx_word' id='word_1_156' title='bbox 1921 2206 2002 2251; x_wconf 70' lang='lat' dir='ltr'>Ma.</span> 
     </span>
    </p>
   </div>
   <div class='ocr_carea' id='block_1_4' title="bbox 177 2087 1543 2267">
    <p class='ocr_par' dir='ltr' id='par_1_5' title="bbox 177 2087 1543 2267">
     <span class='ocr_line' id='line_1_22' title="bbox 299 2087 1412 2135; baseline -0.002 -1"><span class='ocrx_word' id='word_1_157' title='bbox 299 2093 337 2135; x_wconf 91' lang='lat'>1.</span> <span class='ocrx_word' id='word_1_158' title='bbox 370 2091 483 2134; x_wconf 80' lang='lat' dir='ltr'>alias</span> <span class='ocrx_word' id='word_1_159' title='bbox 515 2106 569 2134; x_wconf 89' lang='lat' dir='ltr'>ex</span> <span class='ocrx_word' id='word_1_160' title='bbox 599 2091 767 2134; x_wconf 83' lang='lat' dir='ltr'>recenti</span> <span class='ocrx_word' id='word_1_161' title='bbox 801 2104 912 2134; x_wconf 84' lang='lat' dir='ltr'>corr.</span> <span class='ocrx_word' id='word_1_162' title='bbox 930 2088 1010 2134; x_wconf 69' lang='lat' dir='ltr'>Ma.</span> <span class='ocrx_word' id='word_1_163' title='bbox 1102 2092 1146 2134; x_wconf 88' lang='lat'>3.</span> <span class='ocrx_word' id='word_1_164' title='bbox 1178 2089 1316 2132; x_wconf 71' lang='lat' dir='ltr'>nichil</span> <span class='ocrx_word' id='word_1_165' title='bbox 1332 2087 1412 2133; x_wconf 64' lang='lat' dir='ltr'>Ma.</span> 
     </span>
     <span class='ocr_line' id='line_1_23' title="bbox 177 2149 1543 2207; baseline -0.001 -14"><span class='ocrx_word' id='word_1_166' title='bbox 177 2150 266 2193; x_wconf 71' lang='lat' dir='ltr'>Ma:</span> <span class='ocrx_word' id='word_1_167' title='bbox 298 2166 443 2194; x_wconf 78' lang='lat' dir='ltr'>serere</span> <span class='ocrx_word' id='word_1_168' title='bbox 473 2151 755 2194; x_wconf 79' lang='lat' dir='ltr'>Puteolanus.</span> <span class='ocrx_word' id='word_1_169' title='bbox 875 2151 919 2194; x_wconf 85' lang='lat'>8.</span> <span class='ocrx_word' id='word_1_170' title='bbox 952 2151 1130 2207; x_wconf 65' lang='lat' dir='ltr'>galvina</span> <span class='ocrx_word' id='word_1_171' title='bbox 1161 2149 1250 2192; x_wconf 70' lang='lat' dir='ltr'>Ma:</span> <span class='ocrx_word' id='word_1_172' title='bbox 1284 2150 1461 2192; x_wconf 80' lang='lat' dir='ltr'>caluiua</span> <span class='ocrx_word' id='word_1_173' title='bbox 1497 2150 1543 2192; x_wconf 91' lang='lat' dir='ltr'>G.</span> 
     </span>
     <span class='ocr_line' id='line_1_24' title="bbox 177 2208 1443 2267; baseline 0.001 -15"><span class='ocrx_word' id='word_1_174' title='bbox 177 2210 255 2252; x_wconf 91' lang='lat' dir='ltr'>lin.</span> <span class='ocrx_word' id='word_1_175' title='bbox 289 2211 344 2254; x_wconf 85' lang='lat' dir='ltr'>M.</span> <span class='ocrx_word' id='word_1_176' title='bbox 501 2212 567 2256; x_wconf 84' lang='lat'>14.</span> <span class='ocrx_word' id='word_1_177' title='bbox 605 2225 848 2267; x_wconf 81' lang='lat' dir='ltr'>quanquam</span> <span class='ocrx_word' id='word_1_178' title='bbox 876 2208 957 2254; x_wconf 68' lang='lat' dir='ltr'>Ma.</span> <span class='ocrx_word' id='word_1_179' title='bbox 1111 2210 1179 2253; x_wconf 84' lang='lat'>15.</span> <span class='ocrx_word' id='word_1_180' title='bbox 1213 2211 1335 2266; x_wconf 78' lang='lat' dir='ltr'>affin.</span> <span class='ocrx_word' id='word_1_181' title='bbox 1371 2209 1443 2253; x_wconf 86' lang='lat' dir='ltr'>Or.</span> 
     </span>
    </p>
   </div>
   <div class='ocr_carea' id='block_1_5' title="bbox 175 2268 1084 2328">
    <p class='ocr_par' dir='ltr' id='par_1_6' title="bbox 175 2268 1084 2328">
     <span class='ocr_line' id='line_1_25' title="bbox 175 2268 1084 2328; baseline 0.001 -16"><span class='ocrx_word' id='word_1_182' title='bbox 175 2271 431 2327; x_wconf 64' lang='lat' dir='ltr'>magistratu</span> <span class='ocrx_word' id='word_1_183' title='bbox 461 2269 542 2314; x_wconf 74' lang='lat' dir='ltr'>Ma.</span> <span class='ocrx_word' id='word_1_184' title='bbox 670 2271 738 2315; x_wconf 89' lang='lat'>17.</span> <span class='ocrx_word' id='word_1_185' title='bbox 766 2277 973 2328; x_wconf 71' lang='lat' dir='ltr'>praecare</span> <span class='ocrx_word' id='word_1_186' title='bbox 1004 2268 1084 2313; x_wconf 70' lang='lat' dir='ltr'>Ma.</span> 
     </span>
    </p>
   </div>
   <div class='ocr_carea' id='block_1_6' title="bbox 1162 2427 1999 2476">
    <p class='ocr_par' dir='ltr' id='par_1_7' title="bbox 1162 2427 1999 2476">
     <span class='ocr_line' id='line_1_26' title="bbox 1162 2427 1999 2476; baseline -0.002 -2"><span class='ocrx_word' id='word_1_187' title='bbox 1162 2431 1286 2475; x_wconf 84' lang='lat' dir='ltr'>uberi</span> <span class='ocrx_word' id='word_1_188' title='bbox 1318 2431 1444 2475; x_wconf 80' lang='lat' dir='ltr'>dedit.</span> <span class='ocrx_word' id='word_1_189' title='bbox 1478 2427 1588 2474; x_wconf 88' lang='lat' dir='ltr'>lhid.</span> <span class='ocrx_word' id='word_1_190' title='bbox 1614 2444 1652 2475; x_wconf 78' lang='lat' dir='ltr'>c,</span> <span class='ocrx_word' id='word_1_191' title='bbox 1671 2430 1726 2476; x_wconf 84' lang='grc'>27</span> <span class='ocrx_word' id='word_1_192' title='bbox 1753 2436 1796 2474; x_wconf 86' lang='lat' dir='ltr'>et</span> <span class='ocrx_word' id='word_1_193' title='bbox 1810 2430 1882 2476; x_wconf 82' lang='lat'>29.</span> <span class='ocrx_word' id='word_1_194' title='bbox 1915 2429 1999 2473; x_wconf 77' lang='lat' dir='ltr'>Dio</span> 
     </span>
    </p>
   </div>
   <div class='ocr_carea' id='block_1_7' title="bbox 176 2433 1444 2535">
    <p class='ocr_par' dir='ltr' id='par_1_8' title="bbox 176 2433 1444 2535">
     <span class='ocr_line' id='line_1_27' title="bbox 176 2433 1426 2535; baseline 0.001 -60"><span class='ocrx_word' id='word_1_195' title='bbox 176 2445 264 2475; x_wconf 88' lang='lat' dir='ltr'>non</span> <span class='ocrx_word' id='word_1_196' title='bbox 298 2445 407 2490; x_wconf 85' lang='lat' dir='ltr'>opus</span> <span class='ocrx_word' id='word_1_197' title='bbox 441 2446 539 2476; x_wconf 83' lang='lat' dir='ltr'>esse</span> <span class='ocrx_word' id='word_1_198' title='bbox 562 2433 671 2476; x_wconf 89' lang='lat' dir='ltr'>mihi</span> <span class='ocrx_word' id='word_1_199' title='bbox 690 2434 878 2487; x_wconf 84' lang='lat' dir='ltr'>videtur,</span> <span class='ocrx_word' id='word_1_200' title='bbox 908 2433 1049 2476; x_wconf 85' lang='lat' dir='ltr'>veluti</span> <span class='ocrx_word' id='word_1_201' title='bbox 1169 2492 1205 2534; x_wconf 81' lang='lat' dir='ltr'>X</span> <span class='ocrx_word' id='word_1_202' title='bbox 1237 2493 1263 2535; x_wconf 78' lang='lat'>5</span> <span class='ocrx_word' id='word_1_203' title='bbox 1371 2492 1426 2535; x_wconf 67' lang='lat'>31</span> 
     </span>
     <span class='ocr_line' id='line_1_28' title="bbox 1150 2497 1444 2534; baseline 0 0"><span class='ocrx_word' id='word_1_204' title='bbox 1150 2519 1165 2534; x_wconf 60' lang='lat'><em>2</em></span> <span class='ocrx_word' id='word_1_205' title='bbox 1297 2497 1340 2534; x_wconf 85' lang='lat' dir='ltr'>et</span> <span class='ocrx_word' id='word_1_206' title='bbox 1434 2524 1444 2534; x_wconf 90' lang='lat'>.</span> 
     </span>
    </p>
   </div>
   <div class='ocr_carea' id='block_1_8' title="bbox 173 2491 1049 2846">
    <p class='ocr_par' dir='ltr' id='par_1_9' title="bbox 173 2491 1049 2846">
     <span class='ocr_line' id='line_1_29' title="bbox 175 2491 1049 2550; baseline 0.001 -15"><span class='ocrx_word' id='word_1_207' title='bbox 175 2493 262 2536; x_wconf 86' lang='lat' dir='ltr'>Iac.</span> <span class='ocrx_word' id='word_1_208' title='bbox 279 2491 514 2535; x_wconf 78' lang='lat' dir='ltr'>Gronovii:</span> <span class='ocrx_word' id='word_1_209' title='bbox 533 2494 706 2550; x_wconf 78' lang='lat' dir='ltr'>stirpem</span> <span class='ocrx_word' id='word_1_210' title='bbox 722 2494 905 2536; x_wconf 82' lang='lat' dir='ltr'>nobilem</span> <span class='ocrx_word' id='word_1_211' title='bbox 920 2494 1049 2536; x_wconf 83' lang='lat' dir='ltr'>etiam</span> 
     </span>
     <span class='ocr_line' id='line_1_30' title="bbox 177 2553 1047 2612; baseline -0.001 -17"><span class='ocrx_word' id='word_1_212' title='bbox 177 2553 318 2595; x_wconf 79' lang='lat' dir='ltr'>Iuliae</span> <span class='ocrx_word' id='word_1_213' title='bbox 370 2553 660 2608; x_wconf 82' lang='lat' dir='ltr'>Claudiaeque</span> <span class='ocrx_word' id='word_1_214' title='bbox 701 2561 896 2610; x_wconf 78' lang='lat' dir='ltr'>posteros</span> <span class='ocrx_word' id='word_1_215' title='bbox 940 2567 1047 2612; x_wconf 63' lang='lat' dir='ltr'>cou-</span> 
     </span>
     <span class='ocr_line' id='line_1_31' title="bbox 174 2612 1045 2668; baseline 0.001 -15"><span class='ocrx_word' id='word_1_216' title='bbox 174 2613 378 2667; x_wconf 74' lang='lat' dir='ltr'>iunyere,</span> <span class='ocrx_word' id='word_1_217' title='bbox 415 2640 465 2648; x_wconf 90' lang='lat'>—</span> <span class='ocrx_word' id='word_1_218' title='bbox 501 2618 575 2654; x_wconf 86' lang='lat' dir='ltr'>aut</span> <span class='ocrx_word' id='word_1_219' title='bbox 614 2612 665 2654; x_wconf 89' lang='lat' dir='ltr'>N.</span> <span class='ocrx_word' id='word_1_220' title='bbox 700 2613 869 2655; x_wconf 87' lang='lat' dir='ltr'>Heinsii</span> <span class='ocrx_word' id='word_1_221' title='bbox 914 2615 1045 2668; x_wconf 82' lang='lat' dir='ltr'>stirpe</span> 
     </span>
     <span class='ocr_line' id='line_1_32' title="bbox 174 2670 1044 2729; baseline 0.002 -17"><span class='ocrx_word' id='word_1_222' title='bbox 174 2670 357 2712; x_wconf 77' lang='lat' dir='ltr'>nobilem</span> <span class='ocrx_word' id='word_1_223' title='bbox 390 2672 723 2729; x_wconf 84' lang='lat' dir='ltr'>(Agrippinam)</span> <span class='ocrx_word' id='word_1_224' title='bbox 769 2679 808 2714; x_wconf 80' lang='lat' dir='ltr'>et</span> <span class='ocrx_word' id='word_1_225' title='bbox 847 2673 1044 2727; x_wconf 81' lang='lat' dir='ltr'>familiae</span> 
     </span>
     <span class='ocr_line' id='line_1_33' title="bbox 177 2729 1043 2788; baseline 0.001 -15"><span class='ocrx_word' id='word_1_226' title='bbox 177 2729 316 2773; x_wconf 78' lang='lat' dir='ltr'>Iuliae</span> <span class='ocrx_word' id='word_1_227' title='bbox 363 2730 654 2786; x_wconf 82' lang='lat' dir='ltr'>Claudiaeque</span> <span class='ocrx_word' id='word_1_228' title='bbox 693 2739 888 2788; x_wconf 74' lang='lat' dir='ltr'>posteros</span> <span class='ocrx_word' id='word_1_229' title='bbox 916 2742 1043 2774; x_wconf 79' lang='lat' dir='ltr'>&#39;cou-</span> 
     </span>
     <span class='ocr_line' id='line_1_34' title="bbox 173 2789 366 2846; baseline 0 -15"><span class='ocrx_word' id='word_1_230' title='bbox 173 2789 366 2846; x_wconf 67' lang='lat' dir='ltr'>iuuyere.</span> 
     </span>
    </p>
   </div>
   <div class='ocr_carea' id='block_1_9' title="bbox 1123 2608 2002 2903">
    <p class='ocr_par' dir='ltr' id='par_1_10' title="bbox 1123 2608 2002 2903">
     <span class='ocr_line' id='line_1_35' title="bbox 1235 2608 2002 2665; baseline -0.001 -13"><span class='ocrx_word' id='word_1_231' title='bbox 1235 2609 1340 2665; x_wconf 87' lang='lat' dir='ltr'>Cap.</span> <span class='ocrx_word' id='word_1_232' title='bbox 1377 2611 1420 2653; x_wconf 84' lang='lat'>4.</span> <span class='ocrx_word' id='word_1_233' title='bbox 1479 2611 1772 2665; x_wconf 76' lang='lat' dir='ltr'>fratrumque:</span> <span class='ocrx_word' id='word_1_234' title='bbox 1816 2608 1905 2652; x_wconf 89' lang='lat' dir='ltr'>vid.</span> <span class='ocrx_word' id='word_1_235' title='bbox 1946 2608 2002 2651; x_wconf 81' lang='lat' dir='ltr'>ad</span> 
     </span>
     <span class='ocr_line' id='line_1_36' title="bbox 1129 2668 2000 2725; baseline -0.002 -13"><span class='ocrx_word' id='word_1_236' title='bbox 1129 2670 1147 2711; x_wconf 90' lang='grc' dir='ltr'>Ι</span> <span class='ocrx_word' id='word_1_237' title='bbox 1179 2670 1249 2712; x_wconf 89' lang='lat'>55.</span> <span class='ocrx_word' id='word_1_238' title='bbox 1313 2669 1378 2711; x_wconf 92' lang='lat' dir='ltr'>De</span> <span class='ocrx_word' id='word_1_239' title='bbox 1413 2682 1460 2711; x_wconf 86' lang='lat' dir='ltr'>re</span> <span class='ocrx_word' id='word_1_240' title='bbox 1494 2669 1707 2725; x_wconf 88' lang='lat' dir='ltr'>legendus</span> <span class='ocrx_word' id='word_1_241' title='bbox 1751 2669 1881 2710; x_wconf 89' lang='lat' dir='ltr'>etiam</span> <span class='ocrx_word' id='word_1_242' title='bbox 1917 2668 2000 2711; x_wconf 88' lang='lat' dir='ltr'>Se-</span> 
     </span>
     <span class='ocr_line' id='line_1_37' title="bbox 1128 2728 2001 2783; baseline -0.002 -13"><span class='ocrx_word' id='word_1_243' title='bbox 1128 2742 1239 2770; x_wconf 81' lang='lat' dir='ltr'>neca</span> <span class='ocrx_word' id='word_1_244' title='bbox 1279 2730 1332 2770; x_wconf 71' lang='lat' dir='ltr'>‘in</span> <span class='ocrx_word' id='word_1_245' title='bbox 1377 2728 1646 2783; x_wconf 77' lang='lat' dir='ltr'>Apocoloc.2</span> <span class='ocrx_word' id='word_1_246' title='bbox 1702 2728 1748 2770; x_wconf 88' lang='lat' dir='ltr'>L.</span> <span class='ocrx_word' id='word_1_247' title='bbox 1802 2728 2001 2770; x_wconf 72' lang='lat' dir='ltr'>Silanum</span> 
     </span>
     <span class='ocr_line' id='line_1_38' title="bbox 1129 2787 1999 2843; baseline -0.002 -13"><span class='ocrx_word' id='word_1_248' title='bbox 1129 2789 1242 2830; x_wconf 82' lang='lat' dir='ltr'>enim</span> <span class='ocrx_word' id='word_1_249' title='bbox 1271 2802 1477 2843; x_wconf 69' lang='lat' dir='ltr'>ymerum</span> <span class='ocrx_word' id='word_1_250' title='bbox 1517 2803 1638 2831; x_wconf 72' lang='lat' dir='ltr'>mm</span> <span class='ocrx_word' id='word_1_251' title='bbox 1679 2787 1848 2831; x_wconf 82' lang='lat' dir='ltr'>occidit.</span> <span class='ocrx_word' id='word_1_252' title='bbox 1912 2787 1999 2829; x_wconf 76' lang='lat' dir='ltr'>Oro</span> 
     </span>
     <span class='ocr_line' id='line_1_39' title="bbox 1123 2846 2000 2903; baseline 0.001 -15"><span class='ocrx_word' id='word_1_253' title='bbox 1123 2854 1301 2903; x_wconf 82' lang='lat' dir='ltr'>propter</span> <span class='ocrx_word' id='word_1_254' title='bbox 1332 2848 1462 2902; x_wconf 83' lang='lat' dir='ltr'>quid?</span> <span class='ocrx_word' id='word_1_255' title='bbox 1493 2861 1685 2889; x_wconf 83' lang='lat' dir='ltr'>sororem</span> <span class='ocrx_word' id='word_1_256' title='bbox 1707 2860 1843 2899; x_wconf 82' lang='lat' dir='ltr'>suam,</span> <span class='ocrx_word' id='word_1_257' title='bbox 1874 2846 2000 2900; x_wconf 67' lang='lat' dir='ltr'>festi-</span> 
     </span>
    </p>
   </div>
   <div class='ocr_carea' id='block_1_10' title="bbox 174 2904 1044 3670">
    <p class='ocr_par' dir='ltr' id='par_1_11' title="bbox 174 2904 1042 3138">
     <span class='ocr_line' id='line_1_40' title="bbox 266 2904 1042 2962; baseline 0.001 -14"><span class='ocrx_word' id='word_1_258' title='bbox 266 2904 371 2960; x_wconf 84' lang='lat' dir='ltr'>Cap.</span> <span class='ocrx_word' id='word_1_259' title='bbox 401 2906 443 2949; x_wconf 85' lang='lat'>3.</span> <span class='ocrx_word' id='word_1_260' title='bbox 501 2905 770 2962; x_wconf 71' lang='lat' dir='ltr'>Aqrippinae</span> <span class='ocrx_word' id='word_1_261' title='bbox 799 2907 1042 2960; x_wconf 76' lang='lat' dir='ltr'>inlecebris,</span> 
     </span>
     <span class='ocr_line' id='line_1_41' title="bbox 176 2964 1041 3021; baseline 0.003 -15"><span class='ocrx_word' id='word_1_262' title='bbox 176 2979 284 3019; x_wconf 80' lang='lat' dir='ltr'>quae</span> <span class='ocrx_word' id='word_1_263' title='bbox 317 2989 373 2998; x_wconf 91' lang='lat'>-</span> <span class='ocrx_word' id='word_1_264' title='bbox 401 2964 565 3020; x_wconf 84' lang='lat' dir='ltr'>pellicit</span> <span class='ocrx_word' id='word_1_265' title='bbox 590 2972 819 3021; x_wconf 83' lang='lat' dir='ltr'>patruum:</span> <span class='ocrx_word' id='word_1_266' title='bbox 861 2967 1041 3010; x_wconf 81' lang='lat' dir='ltr'>Sueton.</span> 
     </span>
     <span class='ocr_line' id='line_1_42' title="bbox 177 3023 1042 3082; baseline 0.002 -17"><span class='ocrx_word' id='word_1_267' title='bbox 177 3023 328 3065; x_wconf 88' lang='lat' dir='ltr'>Claud.</span> <span class='ocrx_word' id='word_1_268' title='bbox 379 3023 466 3067; x_wconf 85' lang='lat'>26:</span> <span class='ocrx_word' id='word_1_269' title='bbox 517 3023 730 3067; x_wconf 80' lang='lat' dir='ltr'>illecebris</span> <span class='ocrx_word' id='word_1_270' title='bbox 773 3025 1042 3082; x_wconf 62' lang='lat' dir='ltr'>Agrippinae</span> 
     </span>
     <span class='ocr_line' id='line_1_43' title="bbox 174 3082 980 3138; baseline 0.005 -15"><span class='ocrx_word' id='word_1_271' title='bbox 174 3083 222 3123; x_wconf 79' lang='lat' dir='ltr'>in</span> <span class='ocrx_word' id='word_1_272' title='bbox 253 3095 440 3125; x_wconf 74' lang='lat' dir='ltr'>morem</span> <span class='ocrx_word' id='word_1_273' title='bbox 466 3082 699 3138; x_wconf 82' lang='lat' dir='ltr'>pellectus‚·</span> <span class='ocrx_word' id='word_1_274' title='bbox 730 3097 773 3125; x_wconf 86' lang='lat' dir='ltr'>v.</span> <span class='ocrx_word' id='word_1_275' title='bbox 808 3085 861 3126; x_wconf 85' lang='lat' dir='ltr'>ad</span> <span class='ocrx_word' id='word_1_276' title='bbox 890 3085 907 3126; x_wconf 91' lang='lat'>1</span> <span class='ocrx_word' id='word_1_277' title='bbox 939 3086 980 3128; x_wconf 91' lang='lat'>5.</span> 
     </span>
    </p>

    <p class='ocr_par' dir='ltr' id='par_1_12' title="bbox 175 3142 1041 3243">
     <span class='ocr_line' id='line_1_44' title="bbox 265 3142 1041 3200; baseline 0.004 -18"><span class='ocrx_word' id='word_1_278' title='bbox 265 3155 383 3196; x_wconf 89' lang='lat' dir='ltr'>quem</span> <span class='ocrx_word' id='word_1_279' title='bbox 413 3155 466 3183; x_wconf 76' lang='lat' dir='ltr'>ea:</span> <span class='ocrx_word' id='word_1_280' title='bbox 490 3142 571 3185; x_wconf 77' lang='lat' dir='ltr'>Cn.</span> <span class='ocrx_word' id='word_1_281' title='bbox 602 3142 858 3185; x_wconf 70' lang='lat' dir='ltr'>Aenobarho</span> <span class='ocrx_word' id='word_1_282' title='bbox 879 3157 1041 3200; x_wconf 73' lang='lat' dir='ltr'>qenue-</span> 
     </span>
     <span class='ocr_line' id='line_1_45' title="bbox 175 3201 536 3243; baseline 0.006 -2"><span class='ocrx_word' id='word_1_283' title='bbox 175 3207 269 3242; x_wconf 81' lang='lat' dir='ltr'>rat:</span> <span class='ocrx_word' id='word_1_284' title='bbox 301 3213 343 3242; x_wconf 75' lang='lat' dir='ltr'>v,</span> <span class='ocrx_word' id='word_1_285' title='bbox 374 3201 434 3241; x_wconf 88' lang='lat' dir='ltr'>lv</span> <span class='ocrx_word' id='word_1_286' title='bbox 466 3201 536 3243; x_wconf 86' lang='lat'>75.</span> 
     </span>
    </p>

    <p class='ocr_par' dir='ltr' id='par_1_13' title="bbox 174 3258 1044 3670">
     <span class='ocr_line' id='line_1_46' title="bbox 262 3258 1041 3316; baseline 0.005 -17"><span class='ocrx_word' id='word_1_287' title='bbox 262 3258 513 3314; x_wconf 65' lang='lat' dir='ltr'>gladiatorii</span> <span class='ocrx_word' id='word_1_288' title='bbox 539 3262 729 3302; x_wconf 78' lang='lat' dir='ltr'>muneris</span> <span class='ocrx_word' id='word_1_289' title='bbox 758 3262 1041 3316; x_wconf 62' lang='lat' dir='ltr'>magnificen-</span> 
     </span>
     <span class='ocr_line' id='line_1_47' title="bbox 176 3319 1040 3373; baseline 0.002 -14"><span class='ocrx_word' id='word_1_290' title='bbox 176 3319 261 3359; x_wconf 67' lang='lat' dir='ltr'>tia:</span> <span class='ocrx_word' id='word_1_291' title='bbox 296 3330 393 3359; x_wconf 89' lang='lat' dir='ltr'>cum</span> <span class='ocrx_word' id='word_1_292' title='bbox 425 3325 631 3373; x_wconf 80' lang='lat' dir='ltr'>quaestor</span> <span class='ocrx_word' id='word_1_293' title='bbox 662 3319 914 3361; x_wconf 79' lang='lat' dir='ltr'>candidatus</span> <span class='ocrx_word' id='word_1_294' title='bbox 945 3321 1040 3362; x_wconf 82' lang='lat' dir='ltr'>sive</span> 
     </span>
     <span class='ocr_line' id='line_1_48' title="bbox 177 3375 1043 3434; baseline 0 -15"><span class='ocrx_word' id='word_1_295' title='bbox 177 3375 376 3419; x_wconf 85' lang='lat' dir='ltr'>Caesaris</span> <span class='ocrx_word' id='word_1_296' title='bbox 412 3382 520 3430; x_wconf 83' lang='lat' dir='ltr'>erat,</span> <span class='ocrx_word' id='word_1_297' title='bbox 552 3391 708 3419; x_wconf 87' lang='lat' dir='ltr'>munus</span> <span class='ocrx_word' id='word_1_298' title='bbox 736 3378 1043 3434; x_wconf 82' lang='lat' dir='ltr'>gladiatorium</span> 
     </span>
     <span class='ocr_line' id='line_1_49' title="bbox 174 3436 1042 3491; baseline -0.001 -13"><span class='ocrx_word' id='word_1_299' title='bbox 174 3448 254 3478; x_wconf 82' lang='lat' dir='ltr'>suo</span> <span class='ocrx_word' id='word_1_300' title='bbox 288 3437 490 3489; x_wconf 82' lang='lat' dir='ltr'>nomine,</span> <span class='ocrx_word' id='word_1_301' title='bbox 523 3436 600 3479; x_wconf 82' lang='lat' dir='ltr'>sed</span> <span class='ocrx_word' id='word_1_302' title='bbox 634 3436 806 3478; x_wconf 83' lang='lat' dir='ltr'>Claudii</span> <span class='ocrx_word' id='word_1_303' title='bbox 838 3438 1042 3491; x_wconf 88' lang='lat' dir='ltr'>pecunia,</span> 
     </span>
     <span class='ocr_line' id='line_1_50' title="bbox 174 3495 1042 3548; baseline -0.001 -11"><span class='ocrx_word' id='word_1_304' title='bbox 174 3501 222 3536; x_wconf 75' lang='lat' dir='ltr'>ut</span> <span class='ocrx_word' id='word_1_305' title='bbox 274 3495 475 3548; x_wconf 79' lang='lat' dir='ltr'>vid-etur,</span> <span class='ocrx_word' id='word_1_306' title='bbox 530 3495 723 3537; x_wconf 84' lang='lat' dir='ltr'>dederat.</span> <span class='ocrx_word' id='word_1_307' title='bbox 785 3495 852 3537; x_wconf 91' lang='lat' dir='ltr'>De</span> <span class='ocrx_word' id='word_1_308' title='bbox 894 3495 1042 3537; x_wconf 83' lang='lat' dir='ltr'>Silano</span> 
     </span>
     <span class='ocr_line' id='line_1_51' title="bbox 174 3553 1042 3608; baseline -0.002 -12"><span class='ocrx_word' id='word_1_309' title='bbox 174 3561 348 3608; x_wconf 79' lang='lat' dir='ltr'>praeter</span> <span class='ocrx_word' id='word_1_310' title='bbox 379 3553 495 3596; x_wconf 89' lang='lat' dir='ltr'>hunc</span> <span class='ocrx_word' id='word_1_311' title='bbox 528 3561 724 3595; x_wconf 73' lang='lat' dir='ltr'>nostrum</span> <span class='ocrx_word' id='word_1_312' title='bbox 770 3554 827 3596; x_wconf 82' lang='lat' dir='ltr'>cl.</span> <span class='ocrx_word' id='word_1_313' title='bbox 862 3555 1042 3596; x_wconf 87' lang='lat' dir='ltr'>Sueton.</span> 
     </span>
     <span class='ocr_line' id='line_1_52' title="bbox 176 3611 1044 3670; baseline 0.002 -18"><span class='ocrx_word' id='word_1_314' title='bbox 176 3611 327 3656; x_wconf 73' lang='lat' dir='ltr'>claud.</span> <span class='ocrx_word' id='word_1_315' title='bbox 361 3613 445 3658; x_wconf 81' lang='lat'>24:</span> <span class='ocrx_word' id='word_1_316' title='bbox 478 3613 757 3670; x_wconf 70' lang='lat' dir='ltr'>triumphalia</span> <span class='ocrx_word' id='word_1_317' title='bbox 788 3619 1044 3655; x_wconf 77' lang='lat' dir='ltr'>ornamenta</span> 
     </span>
    </p>
   </div>
   <div class='ocr_carea' id='block_1_11' title="bbox 174 3671 1046 3731">
    <p class='ocr_par' dir='ltr' id='par_1_14' title="bbox 174 3671 1046 3731">
     <span class='ocr_line' id='line_1_53' title="bbox 174 3671 1046 3731; baseline 0.001 -16"><span class='ocrx_word' id='word_1_318' title='bbox 174 3671 329 3716; x_wconf 68' lang='lat' dir='ltr'>Silano</span> <span class='ocrx_word' id='word_1_319' title='bbox 367 3671 487 3728; x_wconf 65' lang='lat' dir='ltr'>filiae</span> <span class='ocrx_word' id='word_1_320' title='bbox 521 3687 626 3717; x_wconf 74' lang='lat' dir='ltr'>suae</span> <span class='ocrx_word' id='word_1_321' title='bbox 664 3686 818 3731; x_wconf 60' lang='lat' dir='ltr'>{pauso</span> <span class='ocrx_word' id='word_1_322' title='bbox 856 3673 1046 3717; x_wconf 78' lang='lat' dir='ltr'>nondum</span> 
     </span>
    </p>
   </div>
   <div class='ocr_carea' id='block_1_12' title="bbox 1128 2907 2001 3139">
    <p class='ocr_par' dir='ltr' id='par_1_15' title="bbox 1128 2907 2001 3068">
     <span class='ocr_line' id='line_1_54' title="bbox 1128 2907 2001 2962; baseline 0.002 -15"><span class='ocrx_word' id='word_1_323' title='bbox 1128 2907 1344 2948; x_wconf 80' lang='lat' dir='ltr'>vissimum</span> <span class='ocrx_word' id='word_1_324' title='bbox 1375 2909 1560 2948; x_wconf 84' lang='lat' dir='ltr'>omnium</span> <span class='ocrx_word' id='word_1_325' title='bbox 1588 2907 1845 2962; x_wconf 77' lang='lat' dir='ltr'>puellarum,</span> <span class='ocrx_word' id='word_1_326' title='bbox 1874 2918 2001 2960; x_wconf 73' lang='lat' dir='ltr'>quam</span> 
     </span>
     <span class='ocr_line' id='line_1_55' title="bbox 1129 2963 1999 3018; baseline -0.001 -11"><span class='ocrx_word' id='word_1_327' title='bbox 1129 2979 1271 3007; x_wconf 78' lang='lat' dir='ltr'>omues</span> <span class='ocrx_word' id='word_1_328' title='bbox 1322 2965 1526 3008; x_wconf 77' lang='lat' dir='ltr'>Venerem</span> <span class='ocrx_word' id='word_1_329' title='bbox 1571 2972 1803 3018; x_wconf 74' lang='lat' dir='ltr'>vocarent,</span> <span class='ocrx_word' id='word_1_330' title='bbox 1848 2963 1999 3009; x_wconf 66' lang='lat' dir='ltr'>ntaluit</span> 
     </span>
     <span class='ocr_line' id='line_1_56' title="bbox 1129 3026 1559 3068; baseline -0.002 -1"><span class='ocrx_word' id='word_1_331' title='bbox 1129 3026 1337 3067; x_wconf 81' lang='lat' dir='ltr'>Iunonem</span> <span class='ocrx_word' id='word_1_332' title='bbox 1386 3039 1559 3068; x_wconf 82' lang='lat' dir='ltr'>vocare.</span> 
     </span>
    </p>

    <p class='ocr_par' dir='ltr' id='par_1_16' title="bbox 1229 3082 1999 3139">
     <span class='ocr_line' id='line_1_57' title="bbox 1229 3082 1999 3139; baseline -0.006 -14"><span class='ocrx_word' id='word_1_333' title='bbox 1229 3084 1336 3126; x_wconf 80' lang='lat' dir='ltr'>lecto</span> <span class='ocrx_word' id='word_1_334' title='bbox 1380 3085 1546 3139; x_wconf 78' lang='lat' dir='ltr'>pridem</span> <span class='ocrx_word' id='word_1_335' title='bbox 1592 3091 1745 3126; x_wconf 75' lang='lat' dir='ltr'>senatu</span> <span class='ocrx_word' id='word_1_336' title='bbox 1785 3082 1999 3134; x_wconf 74' lang='lat' dir='ltr'>lustroque</span> 
     </span>
    </p>
   </div>
   <div class='ocr_carea' id='block_1_13' title="bbox 1126 3143 1998 3730">
    <p class='ocr_par' dir='ltr' id='par_1_17' title="bbox 1127 3143 1521 3187">
     <span class='ocr_line' id='line_1_58' title="bbox 1127 3143 1521 3187; baseline 0.003 -3"><span class='ocrx_word' id='word_1_337' title='bbox 1127 3143 1322 3185; x_wconf 73' lang='lat' dir='ltr'>condito.</span> <span class='ocrx_word' id='word_1_338' title='bbox 1362 3143 1419 3184; x_wconf 83' lang='lat' dir='ltr'>XI</span> <span class='ocrx_word' id='word_1_339' title='bbox 1450 3144 1521 3187; x_wconf 85' lang='lat'>25.</span> 
     </span>
    </p>

    <p class='ocr_par' dir='ltr' id='par_1_18' title="bbox 1126 3198 1998 3730">
     <span class='ocr_line' id='line_1_59' title="bbox 1208 3198 1995 3257; baseline -0.001 -15"><span class='ocrx_word' id='word_1_340' title='bbox 1208 3201 1398 3255; x_wconf 79' lang='lat' dir='ltr'>reliquus</span> <span class='ocrx_word' id='word_1_341' title='bbox 1411 3208 1646 3257; x_wconf 77' lang='lat' dir='ltr'>praeturae</span> <span class='ocrx_word' id='word_1_342' title='bbox 1669 3200 1787 3241; x_wconf 74' lang='lat' dir='ltr'>dies.-</span> <span class='ocrx_word' id='word_1_343' title='bbox 1815 3198 1995 3242; x_wconf 75' lang='lat' dir='ltr'>Sueten.</span> 
     </span>
     <span class='ocr_line' id='line_1_60' title="bbox 1128 3258 1998 3303; baseline -0.001 -2"><span class='ocrx_word' id='word_1_344' title='bbox 1128 3259 1282 3302; x_wconf 84' lang='lat' dir='ltr'>Claud.</span> <span class='ocrx_word' id='word_1_345' title='bbox 1331 3259 1416 3303; x_wconf 84' lang='lat'>29:</span> <span class='ocrx_word' id='word_1_346' title='bbox 1474 3259 1650 3302; x_wconf 81' lang='lat' dir='ltr'>Silanus</span> <span class='ocrx_word' id='word_1_347' title='bbox 1695 3258 1900 3301; x_wconf 78' lang='lat' dir='ltr'>abdicare</span> <span class='ocrx_word' id='word_1_348' title='bbox 1952 3270 1998 3300; x_wconf 71' lang='lat' dir='ltr'>ue</span> 
     </span>
     <span class='ocr_line' id='line_1_61' title="bbox 1127 3315 1997 3375; baseline 0 -16"><span class='ocrx_word' id='word_1_349' title='bbox 1127 3325 1339 3375; x_wconf 79' lang='lat' dir='ltr'>praetura</span> <span class='ocrx_word' id='word_1_350' title='bbox 1381 3325 1482 3360; x_wconf 82' lang='lat' dir='ltr'>ante</span> <span class='ocrx_word' id='word_1_351' title='bbox 1535 3325 1731 3372; x_wconf 77' lang='lat' dir='ltr'>quartum</span> <span class='ocrx_word' id='word_1_352' title='bbox 1787 3315 1997 3359; x_wconf 70' lang='lat' dir='ltr'>kalendas</span> 
     </span>
     <span class='ocr_line' id='line_1_62' title="bbox 1129 3376 1997 3431; baseline -0.003 -12"><span class='ocrx_word' id='word_1_353' title='bbox 1129 3377 1366 3419; x_wconf 82' lang='lat' dir='ltr'>Ianuarias</span> <span class='ocrx_word' id='word_1_354' title='bbox 1395 3378 1585 3431; x_wconf 80' lang='lat' dir='ltr'>morique</span> <span class='ocrx_word' id='word_1_355' title='bbox 1622 3377 1745 3418; x_wconf 74' lang='lat' dir='ltr'>initio</span> <span class='ocrx_word' id='word_1_356' title='bbox 1781 3376 1889 3418; x_wconf 76' lang='lat' dir='ltr'>anni</span> <span class='ocrx_word' id='word_1_357' title='bbox 1918 3387 1997 3416; x_wconf 80' lang='lat' dir='ltr'>co-</span> 
     </span>
     <span class='ocr_line' id='line_1_63' title="bbox 1128 3433 1996 3491; baseline -0.003 -14"><span class='ocrx_word' id='word_1_358' title='bbox 1128 3443 1263 3478; x_wconf 64' lang='lat' dir='ltr'>aevus.</span> <span class='ocrx_word' id='word_1_359' title='bbox 1384 3437 1432 3478; x_wconf 77' lang='lat' dir='ltr'>in</span> <span class='ocrx_word' id='word_1_360' title='bbox 1477 3436 1662 3491; x_wconf 74' lang='lat' dir='ltr'>Eprium</span> <span class='ocrx_word' id='word_1_361' title='bbox 1710 3433 1996 3477; x_wconf 73' lang='lat' dir='ltr'>Marcellum.-</span> 
     </span>
     <span class='ocr_line' id='line_1_64' title="bbox 1129 3494 1995 3550; baseline -0.005 -14"><span class='ocrx_word' id='word_1_362' title='bbox 1129 3506 1355 3550; x_wconf 82' lang='lat' dir='ltr'>emergere</span> <span class='ocrx_word' id='word_1_363' title='bbox 1404 3507 1458 3536; x_wconf 83' lang='lat' dir='ltr'>ex</span> <span class='ocrx_word' id='word_1_364' title='bbox 1508 3494 1702 3536; x_wconf 83' lang='lat' dir='ltr'>tenebris</span> <span class='ocrx_word' id='word_1_365' title='bbox 1745 3494 1834 3536; x_wconf 84' lang='lat' dir='ltr'>suis</span> <span class='ocrx_word' id='word_1_366' title='bbox 1880 3505 1995 3536; x_wconf 84' lang='lat' dir='ltr'>nunc</span> 
     </span>
     <span class='ocr_line' id='line_1_65' title="bbox 1128 3551 1995 3608; baseline -0.001 -15"><span class='ocrx_word' id='word_1_367' title='bbox 1128 3555 1283 3608; x_wconf 82' lang='lat' dir='ltr'>incipit</span> <span class='ocrx_word' id='word_1_368' title='bbox 1331 3553 1460 3594; x_wconf 89' lang='lat' dir='ltr'>homo</span> <span class='ocrx_word' id='word_1_369' title='bbox 1509 3554 1656 3607; x_wconf 77' lang='lat' dir='ltr'>pravis</span> <span class='ocrx_word' id='word_1_370' title='bbox 1700 3552 1864 3595; x_wconf 79' lang='lat' dir='ltr'>artibus</span> <span class='ocrx_word' id='word_1_371' title='bbox 1917 3551 1995 3593; x_wconf 86' lang='lat' dir='ltr'>sub</span> 
     </span>
     <span class='ocr_line' id='line_1_66' title="bbox 1126 3611 1996 3669; baseline -0.002 -15"><span class='ocrx_word' id='word_1_372' title='bbox 1126 3611 1323 3665; x_wconf 80' lang='lat' dir='ltr'>Nerone,</span> <span class='ocrx_word' id='word_1_373' title='bbox 1385 3611 1639 3667; x_wconf 78' lang='lat' dir='ltr'>eloquentia</span> <span class='ocrx_word' id='word_1_374' title='bbox 1694 3618 1738 3655; x_wconf 84' lang='lat' dir='ltr'>et</span> <span class='ocrx_word' id='word_1_375' title='bbox 1797 3614 1996 3669; x_wconf 66' lang='lat' dir='ltr'>prompto</span> 
     </span>
     <span class='ocr_line' id='line_1_67' title="bbox 1128 3671 1945 3730; baseline 0.002 -16"><span class='ocrx_word' id='word_1_376' title='bbox 1128 3672 1272 3715; x_wconf 85' lang='lat' dir='ltr'>animo</span> <span class='ocrx_word' id='word_1_377' title='bbox 1308 3671 1388 3716; x_wconf 82' lang='lat' dir='ltr'>sub</span> <span class='ocrx_word' id='word_1_378' title='bbox 1423 3672 1691 3727; x_wconf 80' lang='lat' dir='ltr'>Vespasiano</span> <span class='ocrx_word' id='word_1_379' title='bbox 1725 3672 1945 3730; x_wconf 73' lang='lat' dir='ltr'>cognitus.</span> 
     </span>
    </p>
   </div>
  </div>
 </body>
</html>
