2280 4004
231 298 257 338 a
288 291 336 339 Ο.
371 295 445 339 47.
817 293 982 337 LIBER
1013 292 1084 336 XI.
1147 289 1255 336 CAr.
1289 291 1449 336 9—10.
1994 282 2052 335 1'3

230 438 434 490 multum
470 442 661 490 certato
691 438 906 504 pervicit
927 437 1208 502 VardaneS,
1232 434 1593 502 prosperisque
1625 433 1833 501 proeliis
1859 434 2053 486 medias

230 530 464 582 nationes
523 530 725 598 subegit
777 530 840 581 ad
895 530 1079 581 flumen
1129 528 1350 592 Sinden,
1410 527 1544 593 quod
1582 526 1751 578 Dahas
1800 526 2056 593 Ariosque

231 620 561 672 disterminat.
636 620 709 671 lbi
746 620 926 671 modus
974 619 1127 671 rebus
1175 618 1416 670 secundis
1455 617 1682 683 positus:
1737 632 1854 669 nam
1889 617 2056 669 Parthi

232 726 529 778 quamquam
556 711 779 762 victores
808 710 1134 777 longinquam
1163 709 1387 760 militiam
1425 709 1840 775 aspernabantur.
1898 709 2058 776 Igitur

233 804 473 856 extructis
498 803 837 866 monimentis,
871 802 1049 868 quibus
1079 817 1201 868 opes
1239 811 1357 853 suas
1381 802 1658 853 testabatur
1694 816 1791 853 nec
1823 801 2094 868 cuiquams

232 899 348 946 ante
386 893 750 951 Arsacidarum
791 893 976 943 tributa
1019 892 1116 943 illis
1153 892 1216 943 de
1258 892 1494 959 gentibus
1530 896 1698 958 parta,
1746 892 2054 959 regreditur,

231 985 413 1052 ingens
452 984 649 1052 gloria,
711 989 860 1050 atque
913 998 975 1035 eo
1015 983 1242 1035 ferocior
1291 988 1339 1034 et
1385 983 1627 1035 subiectis
1672 983 2057 1047 intolerantior3

233 1076 317 1141 qui
378 1076 497 1127 dolo
553 1080 670 1127 ante
729 1076 1010 1142 composito
1075 1075 1329 1125 incautum
1395 1074 1754 1140 venationique
1814 1075 2056 1126 intentum

231 1165 569 1231 interfecere,
627 1166 839 1232 primam
877 1165 1007 1216 intra
1050 1166 1334 1228 iuventam,
1400 1164 1493 1216 sed
1535 1165 1834 1216 claritudine
1867 1179 2059 1232 paucos

231 1258 364 1309 inter
401 1272 577 1309 senum
604 1239 798 1324 regum,
840 1257 884 1308 si
918 1255 1131 1322 perinde
1172 1269 1394 1307 amorem
1434 1254 1565 1306 inter
1606 1256 1874 1322 populares
1914 1254 2125 1322 quamn)

191 1341 416 1399 >metum
465 1348 594 1414 apud
649 1348 823 1399 hostes
881 1347 1233 1413 quaesivisset.
1335 1347 1474 1398 Nece
1530 1346 1781 1399 Vardanis
1834 1346 2062 1398 turbatae

232 1439 527 1491 Parthorum
562 1455 646 1491 res
686 1440 818 1490 inter
858 1438 1152 1505 ambigUOS,
1212 1438 1323 1503 quis
1368 1437 1420 1488 in
1469 1452 1685 1504 regnum
1728 1438 2063 1504 acciperetur.

234 1529 371 1582 Multi
410 1530 474 1581 ad
516 1530 769 1581 Gotarzen
806 1529 1132 1592 inclinabant,
1171 1527 1374 1594 quidam
1416 1527 1479 1578 ad
1505 1527 1832 1579 Meherdaten
1869 1528 2063 1594 prolem

234 1620 489 1685 PhraatiS,
552 1619 753 1671 obsidio
808 1619 958 1670 nobis
1013 1618 1196 1668 datum.
1292 1617 1422 1668 Dein
1475 1618 1758 1683 praevaluit
1797 1618 2060 1670 Gotarzes.

233 1710 523 1777 Potitusque
574 1711 794 1778 regiam,
856 1725 948 1775 per
996 1709 1258 1760 saevitiam
1309 1724 1369 1760 ac
1420 1708 1590 1759 luxum
1645 1709 1819 1777 adegit
1855 1709 2130 1761 Parthosts

235 1801 432 1853 mittere
467 1801 531 1852 ad
565 1801 845 1868 principem
881 1802 1160 1853 Romanum
1199 1799 1425 1851 occultas
1463 1815 1661 1866 preceS,
1702 1801 1812 1867 quis
1848 1801 2068 1867 permitti

235 1892 562 1943 Meherdaten
595 1892 809 1958 patrium
854 1891 918 1941 ad
955 1890 1212 1957 fastigium
1250 1889 1478 1941 orabant.

362 2047 400 2087 1.
435 2043 652 2086 bardanes
681 2056 732 2099 pr
765 2041 844 2085 Ma..
970 2042 1151 2099 praeliis
1198 2042 1269 2085 Or.
1401 2046 1444 2085 4.
1480 2043 1821 2098 aspernebantur
1852 2043 1932 2085 Ma.
2026 2046 2067 2087 5.

241 2105 437 2147 esti-actis
468 2101 549 2145 Ma.
701 2104 742 2145 5.
776 2104 1046 2144 munimentis
1093 2101 1180 2144 Ma:
1232 2103 1422 2143 correxit
1461 2101 1650 2155 Lipsius.
1802 2104 1956 2158 cuiqua
1987 2102 2068 2145 Ma.

240 2164 282 2207 6.
316 2163 403 2206 illis
435 2161 679 2218 degentibus
703 2160 782 2204 Ma.
871 2169 1033 2218 parata
1067 2160 1190 2203 GMa:
1225 2161 1499 2202 emendatum
1531 2162 1575 2201 in
1610 2174 1706 2202 corr
1736 2161 1846 2203 Bud.

242 2222 514 2264 tollerantior
549 2219 628 2262 Ma.
748 2221 791 2263 8.
827 2235 951 2277 conp.
985 2219 1066 2262 Ma.
1159 2222 1337 2262 incauta
1368 2218 1448 2262 Ma.

240 2285 356 2324 inter
386 2296 431 2323 se
460 2294 681 2336 umrequm
712 2279 793 2326 Ma.
897 2282 966 2323 11.
1002 2280 1207 2322 bardanis
1238 2278 1319 2321 Ma.

241 2356 325 2397 9²²⁰
358 2339 450 2383 Ma:
484 2340 674 2382 correxit
708 2338 895 2393 Lipsius.
943 2339 999 2381 cf.
1035 2339 1088 2381 ad
1119 2339 1171 2381 H.
1211 2340 1237 2382 5
1271 2340 1313 2382 3.

238 2401 439 2458 prabatis
472 2397 554 2441 Ma.
1309 2399 1503 2440 sevitiam
1533 2396 1614 2440 Ma.

1922 2164 1962 2206 7.
1995 2164 2069 2204 in-

1541 2220 1582 2263 9.
1615 2221 1788 2262 iuventa
1819 2221 1901 2264 Ma.
1997 2223 2066 2265 10.

1417 2281 1485 2323 12.
1519 2282 1608 2335 res]
1643 2295 1722 2321 rea:
1744 2279 1824 2322 Ma.
1917 2282 1964 2322 in
1995 2295 2070 2322 re-

1417 2339 1484 2380 13.
1519 2352 1547 2379 a
1574 2340 1791 2393 yordazen
1823 2338 1902 2381 Ma.
2000 2343 2068 2383 14.

707 2400 775 2441 15.
803 2400 1046 2456 positusque
1080 2397 1158 2440 Ma.
1749 2399 1815 2442 16.
1853 2399 1957 2455 q—Jces
1989 2398 2068 2441 Ma.

245 2541 352 2583 pace
390 2541 488 2570 cum
512 2539 576 2570 eo
607 2533 736 2582 pacta
768 2539 994 2584 regressus
1029 2528 1112 2571 Se-

245 2589 430 2630 leuciam
495 2588 541 2628 in
602 2586 730 2628 fidem
794 2589 977 2641 recepit.
1041 2588 1112 2630 Sic

245 2648 390 2689 animo
423 2647 676 2702 viribusque
709 2653 861 2689 auctus
892 2646 1113 2690 validissi-

243 2720 335 2748 mas
382 2709 686 2762 praefecturas
737 2706 967 2761 imperium
1020 2708 1113 2748 eius

247 2765 543 2807 detrectantes
577 2764 645 2819 (id
683 2766 796 2806 enim
828 2765 964 2807 verbo
996 2766 1113 2807 vali-

247 2824 442 2866 dissimas
454 2823 748 2880 significatur)
769 2825 939 2865 invasit.
990 2825 1115 2875 Quod

247 2884 291 2922 in
325 2881 391 2924 Ma
421 2884 588 2934 invisit,
636 2882 723 2923 hoc
768 2896 821 2923 ex
854 2883 1113 2925 confusione

250 2940 421 2982 litterae
453 2954 481 2982 a
503 2941 740 2982 cuminon
760 2941 938 2983 insolita
968 2949 1113 2983 natum

251 3005 331 3041 est.
395 2999 564 3042 Invisas
606 3012 703 3041 esse
743 3000 1041 3055 praefecturas
1091 3014 1116 3042 a

253 3058 483 3112 Vardane,
517 3059 601 3100 hoc
632 3060 785 3114 utique
817 3071 903 3100 non
938 3060 1114 3115 dignum

251 3123 317 3160 est
349 3118 463 3173 quod
498 3131 523 3159 a
552 3117 700 3159 Tacito
732 3127 1010 3162 memoretur.
1057 3120 1118 3161 Et

251 3176 367 3232 quod
405 3178 601 3232 sequitur
651 3177 695 3218 in
749 3179 964 3232 principio
1013 3180 1117 3220 novi

252 3236 464 3277 enuntiati
498 3238 686 3289 positum
706 3236 819 3278 idem
840 3238 960 3279 valet
987 3244 1117 3292 atque

252 3303 290 3337 et
321 3308 441 3336 sane.

340 3366 566 3408 Erinden.-
593 3366 822 3423 ‘nusquam
845 3368 961 3423 quod
984 3369 1117 3409 sciam

254 3433 372 3469 extat
403 3425 591 3467 fluminis
621 3426 748 3467 huius
767 3429 945 3468 mentio.
996 3426 1117 3468 Unde

253 3492 458 3541 suspecta
489 3484 595 3526 mihi
618 3487 831 3539 scriptura
859 3486 1120 3541 legendum-

254 3558 338 3600 que
365 3546 551 3586 fortasse
567 3545 849 3586 Charindam.
883 3545 987 3586 Nam
1003 3544 1122 3585 Cha-

253 3605 375 3646 rinda
415 3618 440 3647 a
480 3603 732 3646 Ptolemaeo
779 3603 837 3645 VI
880 3606 908 3647 2
947 3604 1122 3658 ponitur

255 3662 368 3709 inter
404 3663 589 3716 Mediam
637 3669 682 3709 et
718 3662 982 3723 Hyrcaniam
1029 3668 1122 3709 ter-

1196 2529 1355 2570 minus.
1398 2552 1455 2560 —
1487 2552 1543 2559 -—-
1587 2527 1784 2569 Meminit
1825 2526 2070 2570 Charindae

1199 2588 1329 2628 etiam
1351 2586 1604 2628 Ammianus
1624 2587 1907 2629 Marcellinus
1932 2586 2068 2629 XXIII

1197 2646 1254 2689 δ’.
1302 2647 1513 2688 chmus,

1283 2704 1448 2762 prolem
1503 2705 1731 2747 Phraatis.-
1792 2710 1882 2746 erat
1933 2716 2070 2758 nepos

1199 2764 1411 2817 Phraatis,
1444 2763 1561 2806 filius
1597 2764 1824 2805 Vononis:
1857 2763 1934 2804 ΧΗ
1973 2764 2041 2806 10.

1292 2825 1362 2878 qui
1406 2823 1500 2864 dolo
1534 2849 1589 2856 —-
1621 2824 1906 2878 interfecere:
1951 2824 2071 2863 inte-

1197 2883 1305 2923 ritus
1349 2895 1521 2924 causam
1575 2883 1712 2924 fuisse
1756 2881 1947 2924 bellandi
1991 2881 2070 2922 ad-

1199 2954 1351 2983 versus
1373 2941 1590 2984 Romanos
1609 2941 1797 2983 studium
1823 2940 1928 2983 dicit
1945 2941 2070 2983 lose-

1201 3000 1311 3054 phus
1344 3001 1421 3042 XX
1452 3002 1479 3043 3
1512 3002 1557 3052 δ.
1594 3002 1637 3043 3.

1278 3060 1439 3102 obsidio
1461 3062 1581 3102 nobis
1600 3060 1768 3100 datum.-
1802 3065 1902 3100 nota
1916 3067 2070 3099 vocem

1202 3119 1362 3171 semel,
1395 3125 1441 3159 ut
1473 3119 1672 3168 videtur,
1705 3119 1913 3171 positam:
1955 3116 2072 3156 facta

1204 3184 1270 3219 est
1315 3178 1367 3218 ab
1417 3178 1552 3219 verbo
1597 3176 1792 3220 obstde‘re
1847 3175 2070 3225 abachum,

1204 3250 1256 3290 ab
1312 3235 1510 3292 obstdere
1553 3236 1712 3293 obsi‘dio
1763 3254 1806 3289 et
1853 3235 2071 3292 ots‘z‘dtum.

1202 3307 1328 3362 Apud
1373 3309 1646 3351 Ammianum
1691 3306 1790 3349 XVI
1825 3308 1878 3350 12
1909 3311 1966 3354 25
2007 3310 2074 3347 est

1203 3368 1392 3409 nominis
1424 3367 1562 3408 forma
1593 3368 1806 3411 obsidatus
1838 3367 1881 3409 in
1914 3367 2074 3410 barba-

1204 3439 1296 3466 rum
1331 3432 1546 3480 corrupta.

1295 3485 1438 3542 adegit
1468 3485 1650 3527 Parthos
1681 3486 1845 3527 mittere
1882 3511 1933 3519 -
1969 3498 2075 3527 ora·-

1208 3543 1335 3585 bant:
1385 3556 1662 3601 progressum
1711 3557 1854 3586 rerum
1900 3551 2077 3599 propter

1207 3609 1449 3658 temporum
1481 3604 1678 3646 ordinem
1716 3603 1861 3645 differt
1891 3617 2075 3647 narran-

1209 3662 1308 3710 dum
1341 3676 1479 3726 usque
1513 3662 1568 3710 ad
1598 3661 1676 3709 XII
1709 3664 1763 3711 10
1794 3676 1889 3722 sqq.
