2280 4004
245 279 334 321 304
1026 278 1319 323 ANNALlVM
1818 293 1858 322 a.
1890 291 1934 323 u.
1968 280 2070 326 818.

244 421 521 487 exemplum
577 420 826 486 Sulpicius
883 419 1051 486 Asper
1120 422 1348 473 centurio
1415 423 1675 489 praebuit,
1755 423 2072 489 percontanti

242 513 433 564 Neroni
472 527 562 562 cur
599 511 652 560 in
689 511 899 562 caedem
941 527 1083 563 suam
1125 514 1545 579 conspiravisset,
1600 514 1825 566 breviter
1854 529 2073 581 respon-

246 603 369 654 dens
426 616 528 652 non
581 600 728 652 aliter
782 607 856 652 tot
901 601 1108 669 flagitiis
1165 604 1273 655 eius
1312 605 1572 656 subveniri
1633 605 1877 671 potuisse.
1951 604 2072 655 Tum

243 694 429 743 iussam
461 707 676 757 poenam
717 693 885 743 subiit.
958 695 1064 745 Nec
1101 696 1256 746 ceteri
1284 697 1607 747 centuriones
1643 697 1694 747 in
1731 695 2074 763 perpetiendis

205 766 503 848 ssuppliciis
546 783 947 850 degeneravere.
1021 779 1246 837 At'''non
1293 787 1483 838 Faenio
1525 788 1655 840 Rufo
1705 803 1797 854 par
1851 788 2071 852 animuS,

244 873 335 925 scd
372 874 759 926 lamentationes
794 891 913 927 suas
953 876 1102 927 etiam
1143 877 1195 926 in
1238 882 1589 929 testamentum
1614 878 1855 929 contulit.

399 965 768 1031 Opperiebatur
789 967 927 1018 Nero
964 972 1019 1017 ut
1044 968 1281 1019 Vestinus
1321 983 1521 1034 quoque
1559 969 1737 1020 consul
1774 970 1826 1019 in
1863 969 2073 1020 crimina

244 1055 555 1122 traheretur,
590 1058 867 1110 violentum
916 1065 965 1111 et
1017 1060 1269 1111 insensum
1322 1066 1490 1112 ratus:
1548 1062 1638 1113 sed
1693 1078 1756 1112 ex
1797 1062 2073 1113 coniuratis

242 1147 455 1198 consilia
482 1163 592 1199 cum
626 1151 837 1201 Vestino
875 1165 979 1201 non
1015 1151 1338 1215 miscuerant,
1384 1150 1586 1216 quidam
1621 1152 1834 1204 vetustis
1871 1153 1923 1203 in
1961 1168 2074 1204 eum

179 1253 224 1289 ιο
240 1238 609 1304 simultatibus,
648 1239 854 1305 plureS,
896 1241 1011 1305 quia
1048 1242 1374 1306 praecipitem
1413 1246 1462 1292 et
1499 1241 1848 1293 insociabilem
1889 1241 2075 1293 crede-

240 1331 375 1381 bant.
453 1331 685 1382 Ceterum
731 1331 923 1383 Neroni
978 1332 1147 1383 odium
1195 1333 1442 1384 adversus
1480 1333 1739 1384 Vestinum
1789 1349 1854 1384 ex
1899 1333 2073 1384 intima

239 1421 510 1472 sodalitate
555 1427 824 1487 coeperat,
883 1422 998 1473 dum
1041 1422 1124 1473 hic
1162 1422 1419 1490 ignaviam
1457 1423 1700 1488 principis
1737 1423 1938 1489 penitus
1979 1437 2074 1474 co-

239 1512 430 1579 gnitam
482 1512 730 1577 despicit,
791 1511 876 1562 ille
926 1512 1172 1564 ferociam
1227 1514 1377 1564 amici
1425 1514 1626 1579 metuit,
1685 1529 1840 1580 saepe
1877 1514 2071 1581 asperis

238 1604 438 1656 facetiis
474 1603 685 1668 inlusuS,
727 1618 855 1670 quae
892 1604 977 1654 ubi
1016 1605 1220 1655 multum
1257 1622 1321 1656 ex
1357 1620 1481 1656 vero
1525 1610 1744 1670 traxere,
1789 1622 1957 1658 acrem
1994 1605 2072 1658 sui

178 1696 534 1749 ismemoriam
573 1695 877 1761 relinquunt.
953 1697 1266 1748 Accesserat
1300 1712 1484 1763 repens
1525 1713 1697 1762 causa,
1737 1697 1873 1763 quod
1901 1697 2075 1749 Vesti-

239 1803 333 1839 nus
382 1787 626 1840 Statiliam
682 1788 1005 1839 Messalinam
1062 1789 1385 1839 matrimonio
1449 1789 1546 1840 sibi
1608 1789 1875 1853 iunxerat,
1937 1788 2070 1839 haud

243 1879 449 1931 nescius
498 1879 631 1930 inter
678 1879 935 1931 adulteros
989 1880 1097 1930 eius
1146 1885 1195 1931 et
1235 1880 1504 1931 Caesarem
1561 1895 1692 1932 esse.
1769 1881 1928 1947 Igitur
1965 1888 2155 1935 non69

853 2046 1015 2086 caeteri
1047 2043 1126 2087 Ma.
1252 2046 1292 2087 7.
1329 2045 1377 2086 in
1410 2046 1596 2086 crimina
1628 2044 1874 2086 traheretur
1907 2044 2070 2088 editor:

235 2101 301 2145 Ma
333 2104 379 2144 in
413 2105 575 2145 crimen
607 2103 907 2156 atraheretur,
955 2104 987 2146 G
1021 2107 1088 2159 (et
1124 2105 1289 2157 ceteri,
1334 2111 1381 2145 ut
1416 2104 1612 2162 videtur)
1646 2105 1693 2145 in
1727 2106 1889 2146 crimen
1921 2105 2072 2146 trahe-

234 2170 377 2215 retur,
416 2168 458 2204 et
490 2164 549 2205 ita
581 2163 733 2220 vulgo,
865 2166 932 2206 11.
969 2171 1185 2206 caeterum
1221 2163 1299 2206 Ma.
1423 2164 1589 2207 Neroni
1619 2163 1752 2205 BMa:
1804 2164 1989 2206 Neronis
2021 2163 2068 2206 G.

232 2224 368 2264 inima
399 2221 478 2264 Ma.
589 2225 654 2267 12.
689 2223 846 2264 sediali
878 2231 947 2264 ate
982 2223 1061 2266 Ma.
1177 2230 1380 2280 caeperat
1412 2222 1492 2265 Ma.
1593 2225 1795 2280 paenitus
1824 2221 1904 2266 Ma.
2001 2222 2069 2266 16.

233 2283 461 2323 iuncoeerat
493 2280 574 2324 Ma.
666 2282 785 2323 haud
817 2281 878 2324 G:
916 2290 990 2325 aut
1022 2281 1103 2325 Ma.

351 2045 394 2087 4.
429 2057 618 2100 paenam
649 2042 729 2086 Ma.

306 2408 410 2465 Cap.
444 2410 516 2453 68.
561 2423 649 2451 non
665 2411 795 2453 aliter
817 2437 873 2444 —-
896 2412 1114 2453 subreniri

230 2470 439 2524 potuisse.-
471 2469 641 2511 scelere
668 2476 893 2512 contracto
919 2473 992 2526 qui
1026 2485 1111 2526 pu-

233 2529 390 2580 niatur,
427 2543 524 2570 eum
557 2542 643 2570 nou
676 2531 790 2571 malo
821 2531 1006 2585 quodam
1034 2532 1110 2572 sed

234 2600 400 2628 summo
434 2587 651 2629 beneficio
686 2589 802 2631 affici
828 2592 938 2631 scite
969 2603 1110 2644 expo-

234 2647 362 2686 situm
408 2660 431 2687 a
478 2647 658 2687 Platone
702 2648 745 2687 in
792 2648 967 2702 Gorgia.
1043 2649 1109 2689 Ad

236 2704 419 2746 eandem
452 2708 780 2759 persuasionem
806 2720 856 2748 ac
889 2707 1108 2748 benevola

234 2765 437 2806 irrisione
485 2766 682 2808 centurio
726 2766 858 2819 dixit,
904 2779 990 2806 non
1027 2768 1110 2807 nisi

237 2823 371 2865 caede
419 2823 599 2882 flagitiis
651 2824 837 2866 Neronis
886 2825 1111 2867 subveniri

235 2885 447 2937 potuisse.
514 2884 767 2927 Sententiae
802 2899 984 2926 acumen
1028 2886 1111 2927 ob-

235 2949 433 2984 scuratur
452 2943 605 2984 Dionis
633 2944 746 2998 apud
773 2944 1042 2998 Xiphilinum
1069 2951 1112 2986 et

234 3003 278 3043 in
325 3005 545 3057 excerptis
578 3003 661 3044 Mai
699 3004 845 3045 verbis
878 3004 990 3044 LXll
1025 3007 1109 3047 24:

236 3061 307 3105 ὅιι
343 3062 489 3111 ἄλλως
523 3078 600 3107 σοι
620 3063 854 3118 βοηθῆσαι
889 3063 972 3107 οὐκ
999 3064 1110 3117 ἠδυ-

234 3122 392 3181 νάμην
467 3121 577 3166 οὐδὲ
621 3139 700 3166 πα
727 3124 865 3164 ὗσαι
936 3123 1110 3180 ἀσχη-

231 3183 554 3240 μονοῦντα,
591 3186 644 3224 εἰ
669 3177 739 3240 μὴ
774 3177 870 3224 dtu}
898 3187 977 3226 τοῦ
1001 3183 1110 3227 ἄνε-

234 3243 331 3285 λεῖν
368 3255 433 3284 σε.
508 3240 636 3283 Conf.
671 3242 850 3283 Sueton.
888 3242 989 3284 Ner.
1024 3241 1106 3285 36:

236 3315 328 3342 cum
364 3300 535 3354 quidam
568 3302 730 3342 crimen
764 3302 877 3342 ultro
909 3305 1109 3357 fateren-

235 3367 327 3412 tur,
400 3360 599 3401 nonnulli
650 3362 778 3401 etiam
822 3362 1106 3417 imputarent,

235 3426 448 3473 tamquam
472 3419 601 3461 aliter
624 3420 691 3461 illi
720 3434 808 3461 non
823 3429 995 3475 possent
1023 3422 1109 3462 nisi

234 3486 368 3519 morte
398 3493 667 3532 succurrere,
693 3480 948 3522 dedecorato
978 3481 1107 3536 [layi-

237 3538 305 3578 tiis
338 3538 542 3580 omnibus.

325 3598 371 3636 in
404 3598 588 3639 crimina
618 3598 890 3639 traheretur:
923 3597 1107 3640 Medicei

237 3655 390 3696 vitium
414 3658 575 3700 crimen
593 3658 872 3701 atraheretur
892 3657 1108 3714 quomodo

1199 2413 1426 2453 emerserit
1472 2412 1515 2452 in
1562 2415 1714 2464 aperto
1747 2414 1828 2452 est.
1893 2408 1948 2451 In
1979 2408 2070 2450 cri-

1196 2472 1315 2512 mina
1347 2471 1464 2511 trahi
1497 2475 1562 2511 est
1607 2469 1781 2511 indiciis
1815 2468 2071 2510 coniurato-

1196 2543 1288 2570 rum
1335 2530 1525 2586 illigari,
1576 2533 1642 2577 εἰς
1678 2523 1734 2571 τὰ
1780 2528 2068 2585 ἐγκλήματα,

1196 2601 1282 2643 quo
1303 2589 1553 2644 significatu
1574 2600 1731 2629 nomen
1756 2588 1942 2628 crimina
1964 2599 2069 2641 per-

1195 2661 1328 2701 saepe
1373 2648 1486 2701 apud
1518 2647 1707 2687 Tacitum
1744 2647 1982 2700 reperitur:
2021 2647 2069 2686 in

1197 2708 1360 2748 crimen
1391 2707 1504 2748 foret
1543 2710 1605 2755 εἰς
1647 2699 1694 2749 τὸ
1741 2705 2066 2761 κακούργημα.

1199 2765 1388 2807 Orellius
1421 2766 1598 2819 scripsit
1640 2765 1687 2805 in
1729 2766 1892 2806 crimen
1922 2771 2067 2806 atera-

1196 2825 1393 2877 iteretur,
1445 2824 1522 2867 sed
1553 2825 1725 2866 Tacitus
1757 2837 1782 2865 a
1812 2824 2068 2878 compositis

1196 2885 1311 2926 solet
1344 2885 1564 2926 abstinere
1598 2890 1641 2926 et
1673 2885 1812 2938 ipsum
1845 2882 2067 2925 attrahere

1196 2957 1283 2985 non
1316 2950 1383 2985 est
1416 2944 1593 2986 verbum
1625 2943 1881 2986 'l'acitinum.

1283 3004 1358 3044 sed
1402 3019 1454 3045 ea:
1497 3004 1735 3045 coniuratis
1766 3031 1821 3040 —
1853 3016 1940 3043 non
1983 3005 2068 3044 mi-

1195 3071 1423 3104 scuerant:
1475 3078 1527 3104 ex
1558 3063 1795 3104 coniuratis
1827 3062 1939 3103 idem
1973 3061 2068 3103 fere

1196 3122 1375 3163 denotat
1426 3122 1541 3177 quod
1587 3122 1816 3163 coniurati.
1894 3120 1977 3164 Sed
2012 3133 2065 3162 eo

1195 3182 1371 3223 facilius
1422 3183 1481 3223 uti
1530 3183 1672 3235 potuit
1707 3180 1788 3222 hac
1835 3186 2065 3232 structura,

1195 3241 1310 3295 quod
1343 3255 1429 3282 non
1462 3243 1657 3296 proxime
1700 3238 1870 3282 accedit
1907 3239 1962 3281 ad
2002 3240 2067 3282 si-

1195 3301 1444 3355 gnificatum
1479 3300 1600 3343 nulli.

1261 3359 1479 3402 Statiliam
1501 3360 1806 3401 Messalinam:
1834 3357 1946 3400 hanc
1966 3363 2067 3412 post

1192 3418 1435 3473 Poppaeam
1468 3432 1645 3460 uxorem
1680 3419 1860 3471 ascivit;
1905 3418 2065 3459 Sueto-

1191 3480 1288 3519 nius
1322 3479 1488 3520 fallitur
1524 3478 1719 3520 scribens
1745 3477 1845 3520 Ner.
1867 3477 1950 3520 35:
1983 3489 2066 3530 qua

1192 3546 1238 3579 ut
1279 3540 1514 3593 potiretur,
1567 3540 1701 3579 virum
1751 3539 1840 3578 eius
1877 3534 2065 3577 Atticum

1203 3597 1416 3639 Vestinum
1449 3596 1663 3639 consulem
1703 3597 1750 3637 in
1780 3596 1941 3637 honore
1971 3593 2062 3650 ipso

1194 3657 1438 3699 trucidavit.
1501 3656 1683 3700 Scilicet
1724 3668 1819 3697 cum
1856 3653 2063 3695 Vestinus

2269 1654 2280 1943 ἒ
