<?xml version="1.0" encoding="UTF-8"?>
<!DOCTYPE html PUBLIC "-//W3C//DTD XHTML 1.0 Transitional//EN"
    "http://www.w3.org/TR/xhtml1/DTD/xhtml1-transitional.dtd">
<html xmlns="http://www.w3.org/1999/xhtml" xml:lang="en" lang="en">
 <head>
  <title>
</title>
<meta http-equiv="Content-Type" content="text/html;charset=utf-8" />
  <meta name='ocr-system' content='tesseract 3.04.00' />
  <meta name='ocr-capabilities' content='ocr_page ocr_carea ocr_par ocr_line ocrx_word'/>
</head>
<body>
  <div class='ocr_page' id='page_1' title='image "./operaadcodicesan01taciuoft_0335.png"; bbox 0 0 2280 4004; ppageno 0'>
   <div class='ocr_carea' id='block_1_1' title="bbox 162 270 1993 319">
    <p class='ocr_par' dir='ltr' id='par_1_1' title="bbox 162 270 1993 319">
     <span class='ocr_line' id='line_1_1' title="bbox 162 270 1993 319; baseline -0.002 -2"><span class='ocrx_word' id='word_1_1' title='bbox 162 286 188 317; x_wconf 81' lang='lat' dir='ltr'>a</span> <span class='ocrx_word' id='word_1_2' title='bbox 219 270 267 317; x_wconf 86' lang='lat' dir='ltr'>G.</span> <span class='ocrx_word' id='word_1_3' title='bbox 300 274 372 319; x_wconf 70' lang='lat'>24.</span> <span class='ocrx_word' id='word_1_4' title='bbox 736 272 900 316; x_wconf 83' lang='lat' dir='ltr'>LIBER</span> <span class='ocrx_word' id='word_1_5' title='bbox 929 271 1004 316; x_wconf 89' lang='lat' dir='ltr'>IV.</span> <span class='ocrx_word' id='word_1_6' title='bbox 1068 270 1175 315; x_wconf 70' lang='lat' dir='ltr'>CAr.</span> <span class='ocrx_word' id='word_1_7' title='bbox 1208 271 1398 317; x_wconf 80' lang='lat'>23—26.</span> <span class='ocrx_word' id='word_1_8' title='bbox 1895 272 1993 315; x_wconf 57' lang='lat'><strong>25³⁷&gt;</strong></span> 
     </span>
    </p>
   </div>
   <div class='ocr_carea' id='block_1_2' title="bbox 79 397 2054 1941">
    <p class='ocr_par' dir='ltr' id='par_1_2' title="bbox 165 397 1986 483">
     <span class='ocr_line' id='line_1_2' title="bbox 165 397 1986 483; baseline -0.003 -15"><span class='ocrx_word' id='word_1_9' title='bbox 165 416 264 468; x_wconf 89' lang='lat' dir='ltr'>cito</span> <span class='ocrx_word' id='word_1_10' title='bbox 309 416 511 483; x_wconf 81' lang='lat' dir='ltr'>agmine</span> <span class='ocrx_word' id='word_1_11' title='bbox 543 415 819 481; x_wconf 88' lang='lat' dir='ltr'>rapiuntur.</span> <span class='ocrx_word' id='word_1_12' title='bbox 893 412 1148 480; x_wconf 85' lang='lat' dir='ltr'>Simulque</span> <span class='ocrx_word' id='word_1_13' title='bbox 1205 417 1412 479; x_wconf 88' lang='lat' dir='ltr'>coeptus</span> <span class='ocrx_word' id='word_1_14' title='bbox 1456 409 1594 478; x_wconf 82' lang='lat' dir='ltr'>dieS,</span> <span class='ocrx_word' id='word_1_15' title='bbox 1649 397 1986 464; x_wconf 44' lang='lat' dir='ltr'>etssoncentu</span> 
     </span>
    </p>

    <p class='ocr_par' dir='ltr' id='par_1_3' title="bbox 79 492 2054 1487">
     <span class='ocr_line' id='line_1_3' title="bbox 79 492 1984 567; baseline -0.002 -10"><span class='ocrx_word' id='word_1_16' title='bbox 79 492 92 500; x_wconf 59' lang='lat'>⁵</span> <span class='ocrx_word' id='word_1_17' title='bbox 163 508 392 559; x_wconf 88' lang='lat' dir='ltr'>tubarum</span> <span class='ocrx_word' id='word_1_18' title='bbox 444 523 505 558; x_wconf 91' lang='lat' dir='ltr'>ac</span> <span class='ocrx_word' id='word_1_19' title='bbox 554 506 682 557; x_wconf 89' lang='lat' dir='ltr'>truci</span> <span class='ocrx_word' id='word_1_20' title='bbox 725 505 948 557; x_wconf 90' lang='lat' dir='ltr'>clamore</span> <span class='ocrx_word' id='word_1_21' title='bbox 997 504 1209 556; x_wconf 88' lang='lat' dir='ltr'>aderant</span> <span class='ocrx_word' id='word_1_22' title='bbox 1248 504 1583 558; x_wconf 88' lang='lat' dir='ltr'>semisomnos</span> <span class='ocrx_word' id='word_1_23' title='bbox 1628 503 1680 553; x_wconf 91' lang='lat' dir='ltr'>in</span> <span class='ocrx_word' id='word_1_24' title='bbox 1717 503 1984 567; x_wconf 82' lang='lat' dir='ltr'>barbarOS,</span> 
     </span>
     <span class='ocr_line' id='line_1_4' title="bbox 163 594 1984 665; baseline -0.003 -15"><span class='ocrx_word' id='word_1_25' title='bbox 163 598 470 665; x_wconf 88' lang='lat' dir='ltr'>praepeditis</span> <span class='ocrx_word' id='word_1_26' title='bbox 497 597 821 650; x_wconf 84' lang='lat' dir='ltr'><strong>Numidarum</strong></span> <span class='ocrx_word' id='word_1_27' title='bbox 854 596 996 662; x_wconf 90' lang='lat' dir='ltr'>equis</span> <span class='ocrx_word' id='word_1_28' title='bbox 1019 600 1102 647; x_wconf 87' lang='lat' dir='ltr'>aut</span> <span class='ocrx_word' id='word_1_29' title='bbox 1127 595 1360 647; x_wconf 91' lang='lat' dir='ltr'>diversos</span> <span class='ocrx_word' id='word_1_30' title='bbox 1388 600 1560 662; x_wconf 88' lang='lat' dir='ltr'>pastus</span> <span class='ocrx_word' id='word_1_31' title='bbox 1588 594 1984 661; x_wconf 89' lang='lat' dir='ltr'>pererrantibus.</span> 
     </span>
     <span class='ocr_line' id='line_1_5' title="bbox 165 685 1986 753; baseline -0.002 -14"><span class='ocrx_word' id='word_1_32' title='bbox 165 688 244 739; x_wconf 88' lang='lat' dir='ltr'>Ab</span> <span class='ocrx_word' id='word_1_33' title='bbox 271 689 512 741; x_wconf 89' lang='lat' dir='ltr'>Romanis</span> <span class='ocrx_word' id='word_1_34' title='bbox 545 687 802 739; x_wconf 86' lang='lat' dir='ltr'>confertus</span> <span class='ocrx_word' id='word_1_35' title='bbox 829 687 1004 753; x_wconf 82' lang='lat' dir='ltr'>pedeS,</span> <span class='ocrx_word' id='word_1_36' title='bbox 1039 686 1315 752; x_wconf 85' lang='lat' dir='ltr'>dispositae</span> <span class='ocrx_word' id='word_1_37' title='bbox 1348 691 1558 751; x_wconf 85' lang='lat' dir='ltr'>turmae,</span> <span class='ocrx_word' id='word_1_38' title='bbox 1587 690 1765 736; x_wconf 90' lang='lat' dir='ltr'>cuncta</span> <span class='ocrx_word' id='word_1_39' title='bbox 1789 685 1986 752; x_wconf 86' lang='lat' dir='ltr'>proelio</span> 
     </span>
     <span class='ocr_line' id='line_1_6' title="bbox 166 777 2025 846; baseline -0.002 -15"><span class='ocrx_word' id='word_1_40' title='bbox 166 781 370 846; x_wconf 87' lang='lat' dir='ltr'>provisa</span> <span class='ocrx_word' id='word_1_41' title='bbox 387 798 401 844; x_wconf 85' lang='lat'><em>3</em></span> <span class='ocrx_word' id='word_1_42' title='bbox 442 779 672 831; x_wconf 84' lang='lat' dir='ltr'>hostibus</span> <span class='ocrx_word' id='word_1_43' title='bbox 701 784 878 830; x_wconf 92' lang='lat' dir='ltr'>contra</span> <span class='ocrx_word' id='word_1_44' title='bbox 914 779 1135 830; x_wconf 90' lang='lat' dir='ltr'>omnium</span> <span class='ocrx_word' id='word_1_45' title='bbox 1161 778 1349 830; x_wconf 85' lang='lat' dir='ltr'>nesciis</span> <span class='ocrx_word' id='word_1_46' title='bbox 1383 793 1486 828; x_wconf 92' lang='lat' dir='ltr'>non</span> <span class='ocrx_word' id='word_1_47' title='bbox 1516 793 1672 843; x_wconf 89' lang='lat' dir='ltr'>arma,</span> <span class='ocrx_word' id='word_1_48' title='bbox 1706 791 1810 829; x_wconf 94' lang='lat' dir='ltr'>non</span> <span class='ocrx_word' id='word_1_49' title='bbox 1837 777 2025 842; x_wconf 66' lang='lat' dir='ltr'>ordo,g</span> 
     </span>
     <span class='ocr_line' id='line_1_7' title="bbox 163 869 1989 936; baseline -0.001 -15"><span class='ocrx_word' id='word_1_50' title='bbox 163 885 268 922; x_wconf 90' lang='lat' dir='ltr'>non</span> <span class='ocrx_word' id='word_1_51' title='bbox 297 870 582 935; x_wconf 90' lang='lat' dir='ltr'>consilium,</span> <span class='ocrx_word' id='word_1_52' title='bbox 612 870 715 927; x_wconf 39' lang='lat' dir='ltr'>sed.</span> <span class='ocrx_word' id='word_1_53' title='bbox 740 884 981 936; x_wconf 89' lang='lat' dir='ltr'>pecorum</span> <span class='ocrx_word' id='word_1_54' title='bbox 1018 869 1170 921; x_wconf 89' lang='lat' dir='ltr'>modo</span> <span class='ocrx_word' id='word_1_55' title='bbox 1202 869 1349 934; x_wconf 91' lang='lat' dir='ltr'>trahi,</span> <span class='ocrx_word' id='word_1_56' title='bbox 1390 869 1576 935; x_wconf 90' lang='lat' dir='ltr'>occidi,</span> <span class='ocrx_word' id='word_1_57' title='bbox 1614 870 1741 935; x_wconf 88' lang='lat' dir='ltr'>capi.</span> <span class='ocrx_word' id='word_1_58' title='bbox 1815 870 1989 921; x_wconf 90' lang='lat' dir='ltr'>Infen-</span> 
     </span>
     <span class='ocr_line' id='line_1_8' title="bbox 163 960 1988 1027; baseline 0 -15"><span class='ocrx_word' id='word_1_59' title='bbox 163 977 266 1013; x_wconf 79' lang='lat' dir='ltr'>sus.</span> <span class='ocrx_word' id='word_1_60' title='bbox 289 961 433 1014; x_wconf 88' lang='lat' dir='ltr'>miles</span> <span class='ocrx_word' id='word_1_61' title='bbox 486 962 731 1013; x_wconf 90' lang='lat' dir='ltr'>memoria</span> <span class='ocrx_word' id='word_1_62' title='bbox 768 961 997 1012; x_wconf 90' lang='lat' dir='ltr'>laborum</span> <span class='ocrx_word' id='word_1_63' title='bbox 1052 966 1100 1013; x_wconf 86' lang='lat' dir='ltr'>et</span> <span class='ocrx_word' id='word_1_64' title='bbox 1154 961 1423 1013; x_wconf 89' lang='lat' dir='ltr'>adversum</span> <span class='ocrx_word' id='word_1_65' title='bbox 1476 960 1738 1013; x_wconf 90' lang='lat' dir='ltr'>eludentes</span> <span class='ocrx_word' id='word_1_66' title='bbox 1787 965 1988 1027; x_wconf 89' lang='lat' dir='ltr'>optatae</span> 
     </span>
     <span class='ocr_line' id='line_1_9' title="bbox 164 1052 1986 1120; baseline -0.001 -17"><span class='ocrx_word' id='word_1_67' title='bbox 164 1053 348 1105; x_wconf 87' lang='lat' dir='ltr'>totiens</span> <span class='ocrx_word' id='word_1_68' title='bbox 395 1068 627 1120; x_wconf 83' lang='lat' dir='ltr'>pugnae,</span> <span class='ocrx_word' id='word_1_69' title='bbox 683 1067 740 1104; x_wconf 91' lang='lat' dir='ltr'>se</span> <span class='ocrx_word' id='word_1_70' title='bbox 782 1054 995 1119; x_wconf 90' lang='lat' dir='ltr'>quisque</span> <span class='ocrx_word' id='word_1_71' title='bbox 1049 1052 1242 1103; x_wconf 90' lang='lat' dir='ltr'>ultione</span> <span class='ocrx_word' id='word_1_72' title='bbox 1293 1057 1343 1104; x_wconf 90' lang='lat' dir='ltr'>et</span> <span class='ocrx_word' id='word_1_73' title='bbox 1393 1052 1644 1119; x_wconf 87' lang='lat' dir='ltr'>sanguine</span> <span class='ocrx_word' id='word_1_74' title='bbox 1702 1052 1986 1117; x_wconf 84' lang='lat' dir='ltr'>explebant.</span> 
     </span>
     <span class='ocr_line' id='line_1_10' title="bbox 162 1143 1991 1210; baseline -0.001 -16"><span class='ocrx_word' id='word_1_75' title='bbox 162 1143 404 1195; x_wconf 82' lang='lat' dir='ltr'>Differtur</span> <span class='ocrx_word' id='word_1_76' title='bbox 435 1159 528 1210; x_wconf 88' lang='lat' dir='ltr'>per</span> <span class='ocrx_word' id='word_1_77' title='bbox 563 1144 862 1210; x_wconf 90' lang='lat' dir='ltr'>manipulos,</span> <span class='ocrx_word' id='word_1_78' title='bbox 895 1144 1265 1196; x_wconf 85' lang='lat' dir='ltr'>Tacfarinatem</span> <span class='ocrx_word' id='word_1_79' title='bbox 1294 1158 1486 1208; x_wconf 91' lang='lat' dir='ltr'>omnes,</span> <span class='ocrx_word' id='word_1_80' title='bbox 1519 1148 1691 1194; x_wconf 91' lang='lat' dir='ltr'>notum</span> <span class='ocrx_word' id='word_1_81' title='bbox 1727 1148 1801 1194; x_wconf 88' lang='lat' dir='ltr'>tot</span> <span class='ocrx_word' id='word_1_82' title='bbox 1832 1157 1991 1209; x_wconf 89' lang='lat' dir='ltr'>proe-</span> 
     </span>
     <span class='ocr_line' id='line_1_11' title="bbox 161 1234 2054 1300; baseline -0.001 -15"><span class='ocrx_word' id='word_1_83' title='bbox 161 1234 260 1300; x_wconf 88' lang='lat' dir='ltr'>liis,</span> <span class='ocrx_word' id='word_1_84' title='bbox 301 1239 691 1299; x_wconf 81' lang='lat' dir='ltr'>consectentur3</span> <span class='ocrx_word' id='word_1_85' title='bbox 728 1234 933 1286; x_wconf 90' lang='lat' dir='ltr'>nonnisi</span> <span class='ocrx_word' id='word_1_86' title='bbox 962 1235 1091 1285; x_wconf 89' lang='lat' dir='ltr'>duce</span> <span class='ocrx_word' id='word_1_87' title='bbox 1129 1234 1397 1286; x_wconf 86' lang='lat' dir='ltr'>interfecto</span> <span class='ocrx_word' id='word_1_88' title='bbox 1434 1235 1662 1300; x_wconf 89' lang='lat' dir='ltr'>requiem</span> <span class='ocrx_word' id='word_1_89' title='bbox 1701 1234 1820 1286; x_wconf 89' lang='lat' dir='ltr'>belli</span> <span class='ocrx_word' id='word_1_90' title='bbox 1858 1234 1984 1285; x_wconf 90' lang='lat' dir='ltr'>fore.</span> <span class='ocrx_word' id='word_1_91' title='bbox 2005 1255 2054 1291; x_wconf 70' lang='grc' dir='ltr'>ιο</span> 
     </span>
     <span class='ocr_line' id='line_1_12' title="bbox 162 1324 1991 1392; baseline -0.002 -15"><span class='ocrx_word' id='word_1_92' title='bbox 162 1327 228 1386; x_wconf 83' lang='lat' dir='ltr'>At</span> <span class='ocrx_word' id='word_1_93' title='bbox 278 1326 362 1377; x_wconf 83' lang='lat' dir='ltr'>ille</span> <span class='ocrx_word' id='word_1_94' title='bbox 414 1326 624 1378; x_wconf 89' lang='lat' dir='ltr'>deiectis</span> <span class='ocrx_word' id='word_1_95' title='bbox 686 1327 876 1378; x_wconf 87' lang='lat' dir='ltr'>circum</span> <span class='ocrx_word' id='word_1_96' title='bbox 929 1326 1256 1392; x_wconf 87' lang='lat' dir='ltr'>stipatoribus</span> <span class='ocrx_word' id='word_1_97' title='bbox 1312 1326 1587 1392; x_wconf 89' lang='lat' dir='ltr'>vinctoque</span> <span class='ocrx_word' id='word_1_98' title='bbox 1640 1325 1739 1376; x_wconf 92' lang='lat' dir='ltr'>iam</span> <span class='ocrx_word' id='word_1_99' title='bbox 1791 1324 1893 1375; x_wconf 85' lang='lat' dir='ltr'>filio</span> <span class='ocrx_word' id='word_1_100' title='bbox 1941 1329 1991 1375; x_wconf 90' lang='lat' dir='ltr'>et</span> 
     </span>
     <span class='ocr_line' id='line_1_13' title="bbox 165 1416 1991 1487; baseline -0.002 -17"><span class='ocrx_word' id='word_1_101' title='bbox 165 1416 341 1470; x_wconf 82' lang='lat' dir='ltr'>effusis</span> <span class='ocrx_word' id='word_1_102' title='bbox 376 1418 600 1484; x_wconf 91' lang='lat' dir='ltr'>undique</span> <span class='ocrx_word' id='word_1_103' title='bbox 633 1419 905 1487; x_wconf 83' lang='lat' dir='ltr'>RomaniS,</span> <span class='ocrx_word' id='word_1_104' title='bbox 957 1418 1154 1469; x_wconf 87' lang='lat' dir='ltr'>ruendo</span> <span class='ocrx_word' id='word_1_105' title='bbox 1194 1418 1246 1468; x_wconf 93' lang='lat' dir='ltr'>in</span> <span class='ocrx_word' id='word_1_106' title='bbox 1286 1417 1416 1482; x_wconf 88' lang='lat' dir='ltr'>tela,</span> <span class='ocrx_word' id='word_1_107' title='bbox 1473 1417 1813 1483; x_wconf 88' lang='lat' dir='ltr'>captivitatem</span> <span class='ocrx_word' id='word_1_108' title='bbox 1855 1416 1991 1468; x_wconf 90' lang='lat' dir='ltr'>haud</span> 
     </span>
    </p>

    <p class='ocr_par' dir='ltr' id='par_1_4' title="bbox 79 1508 2053 1941">
     <span class='ocr_line' id='line_1_14' title="bbox 79 1508 1992 1577; baseline 0.002 -21"><span class='ocrx_word' id='word_1_109' title='bbox 79 1509 320 1561; x_wconf 77' lang='lat' dir='ltr'>26inulta</span> <span class='ocrx_word' id='word_1_110' title='bbox 355 1514 518 1561; x_wconf 89' lang='lat' dir='ltr'>morte</span> <span class='ocrx_word' id='word_1_111' title='bbox 546 1509 740 1577; x_wconf 84' lang='lat' dir='ltr'>effugit.</span> <span class='ocrx_word' id='word_1_112' title='bbox 817 1511 964 1576; x_wconf 90' lang='lat' dir='ltr'>Isque</span> <span class='ocrx_word' id='word_1_113' title='bbox 1000 1510 1113 1560; x_wconf 87' lang='lat' dir='ltr'>finis</span> <span class='ocrx_word' id='word_1_114' title='bbox 1152 1509 1305 1559; x_wconf 91' lang='lat' dir='ltr'>armis</span> <span class='ocrx_word' id='word_1_115' title='bbox 1343 1509 1623 1574; x_wconf 75' lang='lat' dir='ltr'>impositus</span> <span class='ocrx_word' id='word_1_116' title='bbox 1696 1508 1992 1559; x_wconf 87' lang='lat' dir='ltr'>Dolabellae</span> 
     </span>
     <span class='ocr_line' id='line_1_15' title="bbox 164 1599 1991 1667; baseline -0.001 -16"><span class='ocrx_word' id='word_1_117' title='bbox 164 1601 353 1667; x_wconf 89' lang='lat' dir='ltr'>petenti</span> <span class='ocrx_word' id='word_1_118' title='bbox 385 1601 559 1652; x_wconf 89' lang='lat' dir='ltr'>abnuit</span> <span class='ocrx_word' id='word_1_119' title='bbox 593 1600 912 1667; x_wconf 86' lang='lat' dir='ltr'>triumphalia</span> <span class='ocrx_word' id='word_1_120' title='bbox 942 1601 1188 1665; x_wconf 78' lang='lat' dir='ltr'>TiberiUS,</span> <span class='ocrx_word' id='word_1_121' title='bbox 1224 1600 1409 1653; x_wconf 90' lang='lat' dir='ltr'>Seiano</span> <span class='ocrx_word' id='word_1_122' title='bbox 1445 1600 1688 1663; x_wconf 90' lang='lat' dir='ltr'>tribuens,</span> <span class='ocrx_word' id='word_1_123' title='bbox 1729 1614 1792 1650; x_wconf 91' lang='lat' dir='ltr'>ne</span> <span class='ocrx_word' id='word_1_124' title='bbox 1824 1599 1991 1650; x_wconf 87' lang='lat' dir='ltr'>Blaesi</span> 
     </span>
     <span class='ocr_line' id='line_1_16' title="bbox 166 1690 2053 1757; baseline 0.001 -14"><span class='ocrx_word' id='word_1_125' title='bbox 166 1692 400 1743; x_wconf 88' lang='lat' dir='ltr'>avunculi</span> <span class='ocrx_word' id='word_1_126' title='bbox 462 1693 570 1744; x_wconf 89' lang='lat' dir='ltr'>eius</span> <span class='ocrx_word' id='word_1_127' title='bbox 630 1692 739 1743; x_wconf 90' lang='lat' dir='ltr'>laus</span> <span class='ocrx_word' id='word_1_128' title='bbox 791 1691 1157 1743; x_wconf 84' lang='lat' dir='ltr'>obsolesceret.</span> <span class='ocrx_word' id='word_1_129' title='bbox 1251 1691 1351 1743; x_wconf 90' lang='lat' dir='ltr'>Sed</span> <span class='ocrx_word' id='word_1_130' title='bbox 1406 1706 1571 1757; x_wconf 86' lang='lat' dir='ltr'>neque</span> <span class='ocrx_word' id='word_1_131' title='bbox 1605 1690 1816 1742; x_wconf 89' lang='lat' dir='ltr'>Blaesus</span> <span class='ocrx_word' id='word_1_132' title='bbox 1869 1690 2053 1745; x_wconf 75' lang='lat' dir='ltr'>ideois</span> 
     </span>
     <span class='ocr_line' id='line_1_17' title="bbox 164 1780 1991 1850; baseline -0.001 -17"><span class='ocrx_word' id='word_1_133' title='bbox 164 1783 454 1848; x_wconf 84' lang='lat' dir='ltr'>inlustrior,</span> <span class='ocrx_word' id='word_1_134' title='bbox 513 1787 562 1834; x_wconf 89' lang='lat' dir='ltr'>et</span> <span class='ocrx_word' id='word_1_135' title='bbox 597 1782 714 1833; x_wconf 90' lang='lat' dir='ltr'>huic</span> <span class='ocrx_word' id='word_1_136' title='bbox 770 1787 984 1850; x_wconf 88' lang='lat' dir='ltr'>negatus</span> <span class='ocrx_word' id='word_1_137' title='bbox 1033 1782 1200 1833; x_wconf 89' lang='lat' dir='ltr'>honor</span> <span class='ocrx_word' id='word_1_138' title='bbox 1239 1781 1456 1848; x_wconf 79' lang='lat' dir='ltr'>gloriam</span> <span class='ocrx_word' id='word_1_139' title='bbox 1503 1781 1749 1832; x_wconf 85' lang='lat' dir='ltr'>intendit:</span> <span class='ocrx_word' id='word_1_140' title='bbox 1809 1780 1991 1846; x_wconf 91' lang='lat' dir='ltr'>quippe</span> 
     </span>
     <span class='ocr_line' id='line_1_18' title="bbox 165 1871 1993 1941; baseline -0.002 -16"><span class='ocrx_word' id='word_1_141' title='bbox 165 1875 363 1925; x_wconf 89' lang='lat' dir='ltr'>minore</span> <span class='ocrx_word' id='word_1_142' title='bbox 423 1874 651 1925; x_wconf 86' lang='lat' dir='ltr'>exercitu</span> <span class='ocrx_word' id='word_1_143' title='bbox 705 1873 922 1941; x_wconf 88' lang='lat' dir='ltr'>insignis</span> <span class='ocrx_word' id='word_1_144' title='bbox 977 1873 1236 1938; x_wconf 77' lang='lat' dir='ltr'>captiVOS,</span> <span class='ocrx_word' id='word_1_145' title='bbox 1304 1872 1513 1923; x_wconf 89' lang='lat' dir='ltr'>caedem</span> <span class='ocrx_word' id='word_1_146' title='bbox 1571 1871 1716 1922; x_wconf 90' lang='lat' dir='ltr'>ducis</span> <span class='ocrx_word' id='word_1_147' title='bbox 1774 1871 1993 1937; x_wconf 88' lang='lat' dir='ltr'>bellique</span> 
     </span>
    </p>
   </div>
   <div class='ocr_carea' id='block_1_3' title="bbox 168 1920 2280 2056">
    <p class='ocr_par' dir='ltr' id='par_1_5' title="bbox 168 1920 2280 2056">
     <span class='ocr_line' id='line_1_19' title="bbox 168 1920 2280 2056; baseline -0.006 -41"><span class='ocrx_word' id='word_1_148' title='bbox 168 1964 387 2015; x_wconf 85' lang='lat' dir='ltr'>confecti</span> <span class='ocrx_word' id='word_1_149' title='bbox 424 1964 606 2014; x_wconf 86' lang='lat' dir='ltr'>famam</span> <span class='ocrx_word' id='word_1_150' title='bbox 645 1963 952 2036; x_wconf 55' lang='lat' dir='ltr'>deportarat.</span> <span class='ocrx_word' id='word_1_151' title='bbox 1029 1962 1380 2028; x_wconf 83' lang='lat' dir='ltr'>Sequebantur</span> <span class='ocrx_word' id='word_1_152' title='bbox 1430 1966 1480 2013; x_wconf 88' lang='lat' dir='ltr'>et</span> <span class='ocrx_word' id='word_1_153' title='bbox 1520 1961 1994 2013; x_wconf 78' lang='lat' dir='ltr'>Garamantumle-</span> <span class='ocrx_word' id='word_1_154' title='bbox 2022 1920 2280 2056; x_wconf 36' lang='grc' dir='ltr'>ύῖἑωῂζξ</span> 
     </span>
    </p>
   </div>
   <div class='ocr_carea' id='block_1_4' title="bbox 168 2052 2280 2300">
    <p class='ocr_par' dir='ltr' id='par_1_6' title="bbox 168 2052 2280 2300">
     <span class='ocr_line' id='line_1_20' title="bbox 168 2052 2280 2129; baseline 0.001 -25"><span class='ocrx_word' id='word_1_155' title='bbox 168 2055 289 2120; x_wconf 80' lang='lat' dir='ltr'>gali,</span> <span class='ocrx_word' id='word_1_156' title='bbox 329 2068 448 2105; x_wconf 89' lang='lat' dir='ltr'>raro</span> <span class='ocrx_word' id='word_1_157' title='bbox 484 2054 535 2103; x_wconf 87' lang='lat' dir='ltr'>in</span> <span class='ocrx_word' id='word_1_158' title='bbox 570 2053 696 2104; x_wconf 87' lang='lat' dir='ltr'>urbe</span> <span class='ocrx_word' id='word_1_159' title='bbox 736 2053 851 2116; x_wconf 86' lang='lat' dir='ltr'>visi,</span> <span class='ocrx_word' id='word_1_160' title='bbox 893 2067 1019 2118; x_wconf 91' lang='lat' dir='ltr'>quos</span> <span class='ocrx_word' id='word_1_161' title='bbox 1050 2052 1369 2103; x_wconf 85' lang='lat' dir='ltr'>Tacfarinate</span> <span class='ocrx_word' id='word_1_162' title='bbox 1405 2067 1557 2103; x_wconf 90' lang='lat' dir='ltr'>caeso</span> <span class='ocrx_word' id='word_1_163' title='bbox 1594 2052 1827 2118; x_wconf 89' lang='lat' dir='ltr'>perculsa</span> <span class='ocrx_word' id='word_1_164' title='bbox 1863 2067 1992 2119; x_wconf 87' lang='lat' dir='ltr'>gens</span> <span class='ocrx_word' id='word_1_165' title='bbox 2030 2066 2086 2106; x_wconf 60' lang='lat' dir='ltr'>fa.</span> <span class='ocrx_word' id='word_1_166' title='bbox 2125 2066 2280 2129; x_wconf 46' lang='lat' dir='ltr'>samm·</span> 
     </span>
     <span class='ocr_line' id='line_1_21' title="bbox 169 2141 2056 2210; baseline -0.001 -16"><span class='ocrx_word' id='word_1_167' title='bbox 169 2149 217 2194; x_wconf 89' lang='lat' dir='ltr'>et</span> <span class='ocrx_word' id='word_1_168' title='bbox 274 2144 449 2210; x_wconf 87' lang='lat' dir='ltr'>culpae</span> <span class='ocrx_word' id='word_1_169' title='bbox 505 2143 643 2193; x_wconf 79' lang='lat' dir='ltr'>haud</span> <span class='ocrx_word' id='word_1_170' title='bbox 701 2143 876 2194; x_wconf 89' lang='lat' dir='ltr'>nescia</span> <span class='ocrx_word' id='word_1_171' title='bbox 930 2142 992 2193; x_wconf 89' lang='lat' dir='ltr'>ad</span> <span class='ocrx_word' id='word_1_172' title='bbox 1061 2141 1476 2193; x_wconf 84' lang='lat' dir='ltr'>satisfaciendum</span> <span class='ocrx_word' id='word_1_173' title='bbox 1529 2142 1714 2208; x_wconf 90' lang='lat' dir='ltr'>populo</span> <span class='ocrx_word' id='word_1_174' title='bbox 1761 2143 2056 2198; x_wconf 65' lang='lat' dir='ltr'>Romanoao</span> 
     </span>
     <span class='ocr_line' id='line_1_22' title="bbox 169 2232 1989 2300; baseline 0 -16"><span class='ocrx_word' id='word_1_175' title='bbox 169 2235 392 2285; x_wconf 87' lang='lat' dir='ltr'>miserat.</span> <span class='ocrx_word' id='word_1_176' title='bbox 469 2234 699 2300; x_wconf 85' lang='lat' dir='ltr'>Cognitis</span> <span class='ocrx_word' id='word_1_177' title='bbox 754 2233 938 2284; x_wconf 88' lang='lat' dir='ltr'>dehinc</span> <span class='ocrx_word' id='word_1_178' title='bbox 980 2232 1251 2284; x_wconf 88' lang='lat' dir='ltr'>Ptolemaei</span> <span class='ocrx_word' id='word_1_179' title='bbox 1308 2247 1399 2298; x_wconf 86' lang='lat' dir='ltr'>per</span> <span class='ocrx_word' id='word_1_180' title='bbox 1456 2232 1506 2282; x_wconf 89' lang='lat' dir='ltr'>id</span> <span class='ocrx_word' id='word_1_181' title='bbox 1557 2232 1742 2284; x_wconf 90' lang='lat' dir='ltr'>bellum</span> <span class='ocrx_word' id='word_1_182' title='bbox 1791 2232 1989 2298; x_wconf 82' lang='lat' dir='ltr'>studiiS,</span> 
     </span>
    </p>
   </div>
   <div class='ocr_carea' id='block_1_5' title="bbox 162 2371 1994 2727">
    <p class='ocr_par' dir='ltr' id='par_1_7' title="bbox 162 2371 1994 2727">
     <span class='ocr_line' id='line_1_23' title="bbox 282 2371 1992 2427; baseline -0.002 -10"><span class='ocrx_word' id='word_1_183' title='bbox 282 2375 324 2417; x_wconf 83' lang='lat'>4.</span> <span class='ocrx_word' id='word_1_184' title='bbox 359 2381 551 2416; x_wconf 70' lang='lat' dir='ltr'>tun-arnae</span> <span class='ocrx_word' id='word_1_185' title='bbox 587 2373 637 2416; x_wconf 90' lang='lat' dir='ltr'>M.</span> <span class='ocrx_word' id='word_1_186' title='bbox 715 2374 756 2416; x_wconf 89' lang='grc'>7.</span> <span class='ocrx_word' id='word_1_187' title='bbox 789 2373 994 2415; x_wconf 78' lang='lat' dir='ltr'>eludentis</span> <span class='ocrx_word' id='word_1_188' title='bbox 1016 2373 1070 2415; x_wconf 88' lang='grc' dir='ltr'>Μ.</span> <span class='ocrx_word' id='word_1_189' title='bbox 1162 2372 1206 2415; x_wconf 85' lang='grc'>8.</span> <span class='ocrx_word' id='word_1_190' title='bbox 1245 2373 1283 2414; x_wconf 82' lang='lat' dir='ltr'>si</span> <span class='ocrx_word' id='word_1_191' title='bbox 1311 2372 1403 2427; x_wconf 79' lang='lat' dir='ltr'>quis</span> <span class='ocrx_word' id='word_1_192' title='bbox 1434 2372 1498 2414; x_wconf 92' lang='lat' dir='ltr'>M:</span> <span class='ocrx_word' id='word_1_193' title='bbox 1530 2386 1574 2414; x_wconf 88' lang='lat' dir='ltr'>se</span> <span class='ocrx_word' id='word_1_194' title='bbox 1606 2373 1776 2426; x_wconf 81' lang='lat' dir='ltr'>quisque</span> <span class='ocrx_word' id='word_1_195' title='bbox 1806 2371 1992 2414; x_wconf 86' lang='lat' dir='ltr'>Beroal-</span> 
     </span>
     <span class='ocr_line' id='line_1_24' title="bbox 168 2430 1994 2476; baseline -0.001 -3"><span class='ocrx_word' id='word_1_196' title='bbox 168 2430 261 2475; x_wconf 90' lang='lat' dir='ltr'>dus.</span> <span class='ocrx_word' id='word_1_197' title='bbox 351 2433 392 2476; x_wconf 89' lang='lat'>9.</span> <span class='ocrx_word' id='word_1_198' title='bbox 426 2446 512 2474; x_wconf 90' lang='lat' dir='ltr'>oms</span> <span class='ocrx_word' id='word_1_199' title='bbox 545 2445 640 2474; x_wconf 91' lang='lat' dir='ltr'>cum</span> <span class='ocrx_word' id='word_1_200' title='bbox 670 2432 747 2474; x_wconf 88' lang='lat' dir='ltr'>lin.</span> <span class='ocrx_word' id='word_1_201' title='bbox 781 2433 835 2475; x_wconf 88' lang='lat' dir='ltr'>M.</span> <span class='ocrx_word' id='word_1_202' title='bbox 962 2434 1030 2476; x_wconf 79' lang='lat' dir='ltr'>to,</span> <span class='ocrx_word' id='word_1_203' title='bbox 1065 2432 1188 2473; x_wconf 70' lang='lat' dir='ltr'>ducet</span> <span class='ocrx_word' id='word_1_204' title='bbox 1219 2431 1274 2474; x_wconf 91' lang='lat' dir='ltr'>M.</span> <span class='ocrx_word' id='word_1_205' title='bbox 1399 2433 1467 2473; x_wconf 87' lang='lat'>11.</span> <span class='ocrx_word' id='word_1_206' title='bbox 1501 2431 1673 2473; x_wconf 85' lang='lat' dir='ltr'>delectis</span> <span class='ocrx_word' id='word_1_207' title='bbox 1704 2432 1769 2472; x_wconf 86' lang='lat' dir='ltr'>M:</span> <span class='ocrx_word' id='word_1_208' title='bbox 1802 2434 1994 2473; x_wconf 83' lang='lat' dir='ltr'>correxit</span> 
     </span>
     <span class='ocr_line' id='line_1_25' title="bbox 166 2490 1993 2547; baseline -0.001 -14"><span class='ocrx_word' id='word_1_209' title='bbox 166 2492 197 2535; x_wconf 90' lang='lat'>1.</span> <span class='ocrx_word' id='word_1_210' title='bbox 230 2491 299 2535; x_wconf 83' lang='lat' dir='ltr'>Fr.</span> <span class='ocrx_word' id='word_1_211' title='bbox 334 2491 592 2534; x_wconf 82' lang='lat' dir='ltr'>Gronovius,</span> <span class='ocrx_word' id='word_1_212' title='bbox 686 2493 753 2535; x_wconf 83' lang='lat'>13.</span> <span class='ocrx_word' id='word_1_213' title='bbox 790 2492 923 2534; x_wconf 83' lang='lat' dir='ltr'>multa</span> <span class='ocrx_word' id='word_1_214' title='bbox 954 2493 1016 2533; x_wconf 88' lang='lat' dir='ltr'>M:</span> <span class='ocrx_word' id='word_1_215' title='bbox 1058 2491 1197 2533; x_wconf 80' lang='lat' dir='ltr'>inulta</span> <span class='ocrx_word' id='word_1_216' title='bbox 1224 2490 1479 2532; x_wconf 62' lang='lat' dir='ltr'>Beroaldus</span> <span class='ocrx_word' id='word_1_217' title='bbox 1568 2492 1657 2546; x_wconf 84' lang='lat' dir='ltr'>inp.</span> <span class='ocrx_word' id='word_1_218' title='bbox 1691 2490 1746 2532; x_wconf 87' lang='lat' dir='ltr'>M.</span> <span class='ocrx_word' id='word_1_219' title='bbox 1815 2493 1880 2533; x_wconf 73' lang='lat'>14.</span> <span class='ocrx_word' id='word_1_220' title='bbox 1908 2505 1993 2547; x_wconf 64' lang='lat' dir='ltr'>po..&gt;</span> 
     </span>
     <span class='ocr_line' id='line_1_26' title="bbox 166 2550 1991 2607; baseline 0 -15"><span class='ocrx_word' id='word_1_221' title='bbox 166 2553 270 2594; x_wconf 80' lang='lat' dir='ltr'>tenti</span> <span class='ocrx_word' id='word_1_222' title='bbox 299 2551 354 2594; x_wconf 92' lang='lat' dir='ltr'>M.</span> <span class='ocrx_word' id='word_1_223' title='bbox 432 2551 693 2607; x_wconf 71' lang='lat' dir='ltr'>tmmphalia</span> <span class='ocrx_word' id='word_1_224' title='bbox 724 2551 778 2593; x_wconf 96' lang='lat' dir='ltr'>M.</span> <span class='ocrx_word' id='word_1_225' title='bbox 858 2553 925 2594; x_wconf 88' lang='lat'>17.</span> <span class='ocrx_word' id='word_1_226' title='bbox 954 2552 1185 2593; x_wconf 70' lang='lat' dir='ltr'>exercitum</span> <span class='ocrx_word' id='word_1_227' title='bbox 1215 2550 1269 2592; x_wconf 92' lang='lat' dir='ltr'>M.</span> <span class='ocrx_word' id='word_1_228' title='bbox 1362 2550 1544 2605; x_wconf 65' lang='lat' dir='ltr'>insignis</span> <span class='ocrx_word' id='word_1_229' title='bbox 1579 2550 1632 2602; x_wconf 89' lang='lat' dir='ltr'>M,</span> <span class='ocrx_word' id='word_1_230' title='bbox 1665 2562 1753 2590; x_wconf 89' lang='lat' dir='ltr'>non</span> <span class='ocrx_word' id='word_1_231' title='bbox 1787 2551 1991 2605; x_wconf 70' lang='lat' dir='ltr'>insiynes.</span> 
     </span>
     <span class='ocr_line' id='line_1_27' title="bbox 165 2608 1994 2662; baseline -0.003 -8"><span class='ocrx_word' id='word_1_232' title='bbox 165 2612 237 2654; x_wconf 82' lang='lat'>20.</span> <span class='ocrx_word' id='word_1_233' title='bbox 268 2611 384 2652; x_wconf 78' lang='lat' dir='ltr'>haud</span> <span class='ocrx_word' id='word_1_234' title='bbox 411 2611 463 2652; x_wconf 89' lang='lat' dir='ltr'>ab</span> <span class='ocrx_word' id='word_1_235' title='bbox 497 2610 663 2652; x_wconf 77' lang='lat' dir='ltr'>editore</span> <span class='ocrx_word' id='word_1_236' title='bbox 696 2616 776 2652; x_wconf 87' lang='lat' dir='ltr'>est.</span> <span class='ocrx_word' id='word_1_237' title='bbox 838 2609 923 2653; x_wconf 89' lang='lat' dir='ltr'>Iac.</span> <span class='ocrx_word' id='word_1_238' title='bbox 958 2610 1200 2652; x_wconf 81' lang='lat' dir='ltr'>Gronovius</span> <span class='ocrx_word' id='word_1_239' title='bbox 1232 2623 1319 2650; x_wconf 88' lang='lat' dir='ltr'>non</span> <span class='ocrx_word' id='word_1_240' title='bbox 1349 2611 1518 2662; x_wconf 81' lang='lat' dir='ltr'>nescia,</span> <span class='ocrx_word' id='word_1_241' title='bbox 1561 2608 1755 2662; x_wconf 78' lang='lat' dir='ltr'>Ryckius</span> <span class='ocrx_word' id='word_1_242' title='bbox 1784 2623 1865 2650; x_wconf 83' lang='lat' dir='ltr'>nec</span> <span class='ocrx_word' id='word_1_243' title='bbox 1897 2610 1994 2651; x_wconf 67' lang='lat' dir='ltr'>cul-</span> 
     </span>
     <span class='ocr_line' id='line_1_28' title="bbox 162 2668 1793 2727; baseline -0.001 -15"><span class='ocrx_word' id='word_1_244' title='bbox 162 2685 245 2727; x_wconf 80' lang='lat' dir='ltr'>pae</span> <span class='ocrx_word' id='word_1_245' title='bbox 275 2671 437 2724; x_wconf 81' lang='lat' dir='ltr'>nescia,</span> <span class='ocrx_word' id='word_1_246' title='bbox 468 2669 640 2724; x_wconf 88' lang='lat' dir='ltr'>Lipsius</span> <span class='ocrx_word' id='word_1_247' title='bbox 674 2669 824 2726; x_wconf 80' lang='lat' dir='ltr'>culpae</span> <span class='ocrx_word' id='word_1_248' title='bbox 857 2672 1043 2712; x_wconf 77' lang='lat' dir='ltr'>conscia.</span> <span class='ocrx_word' id='word_1_249' title='bbox 1117 2669 1163 2711; x_wconf 90' lang='lat' dir='ltr'>P.</span> <span class='ocrx_word' id='word_1_250' title='bbox 1198 2670 1252 2712; x_wconf 75' lang='lat' dir='ltr'>1t.</span> <span class='ocrx_word' id='word_1_251' title='bbox 1287 2669 1340 2711; x_wconf 87' lang='lat' dir='ltr'>M.</span> <span class='ocrx_word' id='word_1_252' title='bbox 1406 2670 1476 2712; x_wconf 76' lang='lat'>21.</span> <span class='ocrx_word' id='word_1_253' title='bbox 1506 2668 1707 2725; x_wconf 83' lang='lat' dir='ltr'>ptolomei</span> <span class='ocrx_word' id='word_1_254' title='bbox 1738 2669 1793 2711; x_wconf 87' lang='lat' dir='ltr'>M.</span> 
     </span>
    </p>
   </div>
   <div class='ocr_carea' id='block_1_6' title="bbox 166 2805 1035 2906">
    <p class='ocr_par' dir='ltr' id='par_1_8' title="bbox 166 2805 1035 2906">
     <span class='ocr_line' id='line_1_29' title="bbox 166 2805 1035 2860; baseline 0.001 -14"><span class='ocrx_word' id='word_1_255' title='bbox 166 2805 396 2847; x_wconf 73' lang='lat' dir='ltr'>vulnerare</span> <span class='ocrx_word' id='word_1_256' title='bbox 447 2818 632 2860; x_wconf 83' lang='lat' dir='ltr'>capere,</span> <span class='ocrx_word' id='word_1_257' title='bbox 692 2812 818 2860; x_wconf 83' lang='lat' dir='ltr'>atque</span> <span class='ocrx_word' id='word_1_258' title='bbox 871 2806 1035 2847; x_wconf 86' lang='lat' dir='ltr'>eosdem</span> 
     </span>
     <span class='ocr_line' id='line_1_30' title="bbox 169 2863 1035 2906; baseline 0.001 -2"><span class='ocrx_word' id='word_1_259' title='bbox 169 2864 320 2906; x_wconf 79' lang='lat' dir='ltr'>oblatis</span> <span class='ocrx_word' id='word_1_260' title='bbox 351 2864 449 2904; x_wconf 75' lang='lat' dir='ltr'>aliis</span> <span class='ocrx_word' id='word_1_261' title='bbox 481 2863 714 2906; x_wconf 78' lang='lat' dir='ltr'>trucidare.</span> <span class='ocrx_word' id='word_1_262' title='bbox 811 2864 1035 2906; x_wconf 79' lang='lat' dir='ltr'>adversum</span> 
     </span>
    </p>
   </div>
   <div class='ocr_carea' id='block_1_7' title="bbox 1121 2804 1990 2919">
    <p class='ocr_par' dir='ltr' id='par_1_9' title="bbox 1121 2804 1990 2919">
     <span class='ocr_line' id='line_1_31' title="bbox 1121 2804 1990 2860; baseline 0 -14"><span class='ocrx_word' id='word_1_263' title='bbox 1121 2805 1373 2860; x_wconf 84' lang='lat' dir='ltr'>excogitavi</span> <span class='ocrx_word' id='word_1_264' title='bbox 1416 2806 1587 2859; x_wconf 88' lang='lat' dir='ltr'>iamque</span> <span class='ocrx_word' id='word_1_265' title='bbox 1629 2805 1799 2846; x_wconf 87' lang='lat' dir='ltr'>omitto.</span> <span class='ocrx_word' id='word_1_266' title='bbox 1864 2804 1990 2855; x_wconf 83' lang='lat' dir='ltr'>Quod</span> 
     </span>
     <span class='ocr_line' id='line_1_32' title="bbox 1121 2863 1988 2919; baseline -0.001 -14"><span class='ocrx_word' id='word_1_267' title='bbox 1121 2865 1204 2905; x_wconf 87' lang='lat' dir='ltr'>lac.</span> <span class='ocrx_word' id='word_1_268' title='bbox 1222 2863 1466 2905; x_wconf 85' lang='lat' dir='ltr'>Gronovius</span> <span class='ocrx_word' id='word_1_269' title='bbox 1487 2865 1710 2919; x_wconf 82' lang='lat' dir='ltr'>suggessit</span> <span class='ocrx_word' id='word_1_270' title='bbox 1727 2878 1813 2904; x_wconf 86' lang='lat' dir='ltr'>non</span> <span class='ocrx_word' id='word_1_271' title='bbox 1825 2865 1988 2916; x_wconf 82' lang='lat' dir='ltr'>nescia,</span> 
     </span>
    </p>
   </div>
   <div class='ocr_carea' id='block_1_8' title="bbox 171 2923 1039 3686">
    <p class='ocr_par' dir='ltr' id='par_1_10' title="bbox 171 2923 1035 3330">
     <span class='ocr_line' id='line_1_33' title="bbox 171 2923 1034 2979; baseline 0.001 -16"><span class='ocrx_word' id='word_1_272' title='bbox 171 2923 381 2964; x_wconf 81' lang='lat' dir='ltr'>eludentes</span> <span class='ocrx_word' id='word_1_273' title='bbox 426 2929 594 2977; x_wconf 82' lang='lat' dir='ltr'>optatae</span> <span class='ocrx_word' id='word_1_274' title='bbox 649 2924 799 2964; x_wconf 82' lang='lat' dir='ltr'>totiens</span> <span class='ocrx_word' id='word_1_275' title='bbox 836 2937 1034 2979; x_wconf 62' lang='lat' dir='ltr'>pugnae:</span> 
     </span>
     <span class='ocr_line' id='line_1_34' title="bbox 171 2981 1034 3038; baseline 0.001 -16"><span class='ocrx_word' id='word_1_276' title='bbox 171 2982 286 3038; x_wconf 86' lang='lat' dir='ltr'>quod</span> <span class='ocrx_word' id='word_1_277' title='bbox 325 2987 391 3023; x_wconf 86' lang='lat' dir='ltr'>est</span> <span class='ocrx_word' id='word_1_278' title='bbox 431 2982 474 3021; x_wconf 89' lang='lat' dir='ltr'>in</span> <span class='ocrx_word' id='word_1_279' title='bbox 510 2981 544 3022; x_wconf 90' lang='lat' dir='ltr'>M</span> <span class='ocrx_word' id='word_1_280' title='bbox 580 2981 811 3033; x_wconf 78' lang='lat' dir='ltr'>eludentis,</span> <span class='ocrx_word' id='word_1_281' title='bbox 845 2982 887 3023; x_wconf 86' lang='lat' dir='ltr'>id</span> <span class='ocrx_word' id='word_1_282' title='bbox 919 2996 943 3023; x_wconf 86' lang='lat' dir='ltr'>a</span> <span class='ocrx_word' id='word_1_283' title='bbox 976 2983 1034 3024; x_wconf 91' lang='lat' dir='ltr'>li-</span> 
     </span>
     <span class='ocr_line' id='line_1_35' title="bbox 173 3039 1034 3096; baseline 0.001 -14"><span class='ocrx_word' id='word_1_284' title='bbox 173 3042 313 3082; x_wconf 84' lang='lat' dir='ltr'>brario</span> <span class='ocrx_word' id='word_1_285' title='bbox 356 3039 638 3095; x_wconf 87' lang='lat' dir='ltr'>subsequenti</span> <span class='ocrx_word' id='word_1_286' title='bbox 681 3043 879 3096; x_wconf 86' lang='lat' dir='ltr'>genitivo</span> <span class='ocrx_word' id='word_1_287' title='bbox 921 3043 1034 3083; x_wconf 85' lang='lat' dir='ltr'>assi-</span> 
     </span>
     <span class='ocr_line' id='line_1_36' title="bbox 173 3099 1032 3151; baseline 0.002 -11"><span class='ocrx_word' id='word_1_288' title='bbox 173 3100 364 3142; x_wconf 87' lang='lat' dir='ltr'>milatum</span> <span class='ocrx_word' id='word_1_289' title='bbox 399 3112 495 3141; x_wconf 87' lang='lat' dir='ltr'>esse</span> <span class='ocrx_word' id='word_1_290' title='bbox 529 3099 689 3151; x_wconf 82' lang='lat' dir='ltr'>iudico,</span> <span class='ocrx_word' id='word_1_291' title='bbox 723 3113 808 3140; x_wconf 89' lang='lat' dir='ltr'>non</span> <span class='ocrx_word' id='word_1_292' title='bbox 842 3113 865 3141; x_wconf 87' lang='lat' dir='ltr'>a</span> <span class='ocrx_word' id='word_1_293' title='bbox 886 3100 1032 3142; x_wconf 84' lang='lat' dir='ltr'>Tacito</span> 
     </span>
     <span class='ocr_line' id='line_1_37' title="bbox 172 3158 1035 3214; baseline 0.001 -15"><span class='ocrx_word' id='word_1_294' title='bbox 172 3160 377 3211; x_wconf 85' lang='lat' dir='ltr'>scriptum</span> <span class='ocrx_word' id='word_1_295' title='bbox 407 3171 484 3212; x_wconf 87' lang='lat' dir='ltr'>pro</span> <span class='ocrx_word' id='word_1_296' title='bbox 505 3158 732 3210; x_wconf 81' lang='lat' dir='ltr'>eludentes,</span> <span class='ocrx_word' id='word_1_297' title='bbox 756 3173 866 3214; x_wconf 83' lang='lat' dir='ltr'>quae</span> <span class='ocrx_word' id='word_1_298' title='bbox 897 3160 1035 3201; x_wconf 81' lang='lat' dir='ltr'>forma</span> 
     </span>
     <span class='ocr_line' id='line_1_38' title="bbox 172 3217 1034 3259; baseline 0.003 -3"><span class='ocrx_word' id='word_1_299' title='bbox 172 3229 287 3257; x_wconf 88' lang='lat' dir='ltr'>nunc</span> <span class='ocrx_word' id='word_1_300' title='bbox 318 3219 505 3257; x_wconf 89' lang='lat' dir='ltr'>sermoni</span> <span class='ocrx_word' id='word_1_301' title='bbox 527 3217 719 3258; x_wconf 89' lang='lat' dir='ltr'>dilucido</span> <span class='ocrx_word' id='word_1_302' title='bbox 745 3218 901 3259; x_wconf 86' lang='lat' dir='ltr'>melius</span> <span class='ocrx_word' id='word_1_303' title='bbox 925 3231 1034 3259; x_wconf 88' lang='lat' dir='ltr'>con-</span> 
     </span>
     <span class='ocr_line' id='line_1_39' title="bbox 173 3275 822 3330; baseline 0.003 -13"><span class='ocrx_word' id='word_1_304' title='bbox 173 3277 308 3326; x_wconf 84' lang='lat' dir='ltr'>venit,</span> <span class='ocrx_word' id='word_1_305' title='bbox 342 3281 388 3314; x_wconf 80' lang='lat' dir='ltr'>ut</span> <span class='ocrx_word' id='word_1_306' title='bbox 421 3275 671 3330; x_wconf 78' lang='lat' dir='ltr'>incipientes</span> <span class='ocrx_word' id='word_1_307' title='bbox 702 3275 719 3316; x_wconf 91' lang='lat' dir='ltr'>l</span> <span class='ocrx_word' id='word_1_308' title='bbox 756 3276 822 3319; x_wconf 87' lang='grc'><strong>19.</strong></span> 
     </span>
    </p>

    <p class='ocr_par' dir='ltr' id='par_1_11' title="bbox 174 3332 1036 3447">
     <span class='ocr_line' id='line_1_40' title="bbox 262 3332 1036 3387; baseline 0 -13"><span class='ocrx_word' id='word_1_309' title='bbox 262 3332 366 3387; x_wconf 77' lang='lat' dir='ltr'>Cap.</span> <span class='ocrx_word' id='word_1_310' title='bbox 411 3332 481 3374; x_wconf 78' lang='lat'>26.</span> <span class='ocrx_word' id='word_1_311' title='bbox 545 3347 599 3374; x_wconf 88' lang='lat' dir='ltr'>ne</span> <span class='ocrx_word' id='word_1_312' title='bbox 642 3333 786 3375; x_wconf 72' lang='lat' dir='ltr'>Blaesi</span> <span class='ocrx_word' id='word_1_313' title='bbox 830 3333 1036 3375; x_wconf 73' lang='lat' dir='ltr'>avvmcult‘</span> 
     </span>
     <span class='ocr_line' id='line_1_41' title="bbox 174 3391 1035 3447; baseline 0 -12"><span class='ocrx_word' id='word_1_314' title='bbox 174 3395 262 3435; x_wconf 84' lang='lat' dir='ltr'>eius</span> <span class='ocrx_word' id='word_1_315' title='bbox 282 3392 376 3433; x_wconf 77' lang='lat' dir='ltr'>laus</span> <span class='ocrx_word' id='word_1_316' title='bbox 394 3391 694 3433; x_wconf 76' lang='lat' dir='ltr'>obsolesceret:</span> <span class='ocrx_word' id='word_1_317' title='bbox 726 3405 766 3433; x_wconf 93' lang='lat' dir='ltr'>v.</span> <span class='ocrx_word' id='word_1_318' title='bbox 794 3392 849 3434; x_wconf 86' lang='grc' dir='ltr'>ΙΙΙ</span> <span class='ocrx_word' id='word_1_319' title='bbox 869 3394 924 3435; x_wconf 80' lang='lat'>72</span> <span class='ocrx_word' id='word_1_320' title='bbox 940 3406 1035 3447; x_wconf 88' lang='lat' dir='ltr'>sqq.</span> 
     </span>
    </p>

    <p class='ocr_par' dir='ltr' id='par_1_12' title="bbox 174 3450 1039 3686">
     <span class='ocr_line' id='line_1_42' title="bbox 264 3450 1037 3506; baseline -0.004 -13"><span class='ocrx_word' id='word_1_321' title='bbox 264 3459 303 3493; x_wconf 87' lang='lat' dir='ltr'>et</span> <span class='ocrx_word' id='word_1_322' title='bbox 335 3450 484 3506; x_wconf 80' lang='lat' dir='ltr'>culpae</span> <span class='ocrx_word' id='word_1_323' title='bbox 518 3450 632 3492; x_wconf 76' lang='lat' dir='ltr'>haud</span> <span class='ocrx_word' id='word_1_324' title='bbox 672 3451 844 3491; x_wconf 82' lang='lat' dir='ltr'>nescia.-</span> <span class='ocrx_word' id='word_1_325' title='bbox 900 3453 1037 3503; x_wconf 84' lang='lat' dir='ltr'>parti-</span> 
     </span>
     <span class='ocr_line' id='line_1_43' title="bbox 177 3509 1036 3566; baseline -0.002 -15"><span class='ocrx_word' id='word_1_326' title='bbox 177 3510 316 3552; x_wconf 85' lang='lat' dir='ltr'>culam</span> <span class='ocrx_word' id='word_1_327' title='bbox 348 3511 596 3566; x_wconf 85' lang='lat' dir='ltr'>negativam</span> <span class='ocrx_word' id='word_1_328' title='bbox 626 3509 841 3550; x_wconf 84' lang='lat' dir='ltr'>excidisse</span> <span class='ocrx_word' id='word_1_329' title='bbox 875 3509 1036 3550; x_wconf 86' lang='lat' dir='ltr'>clarum</span> 
     </span>
     <span class='ocr_line' id='line_1_44' title="bbox 177 3566 1039 3623; baseline -0.001 -13"><span class='ocrx_word' id='word_1_330' title='bbox 177 3582 230 3610; x_wconf 85' lang='lat' dir='ltr'>ex</span> <span class='ocrx_word' id='word_1_331' title='bbox 262 3584 300 3612; x_wconf 91' lang='lat' dir='ltr'>c.</span> <span class='ocrx_word' id='word_1_332' title='bbox 334 3571 420 3621; x_wconf 80' lang='lat'>23,</span> <span class='ocrx_word' id='word_1_333' title='bbox 454 3582 597 3623; x_wconf 84' lang='lat' dir='ltr'>neque</span> <span class='ocrx_word' id='word_1_334' title='bbox 627 3568 790 3609; x_wconf 78' lang='lat' dir='ltr'>sufficit</span> <span class='ocrx_word' id='word_1_335' title='bbox 823 3566 876 3610; x_wconf 87' lang='lat' dir='ltr'>ad</span> <span class='ocrx_word' id='word_1_336' title='bbox 907 3573 1039 3609; x_wconf 89' lang='lat' dir='ltr'>tuen-</span> 
     </span>
     <span class='ocr_line' id='line_1_45' title="bbox 174 3625 1039 3686; baseline -0.002 -14"><span class='ocrx_word' id='word_1_337' title='bbox 174 3627 271 3672; x_wconf 72' lang='lat' dir='ltr'>‹lam</span> <span class='ocrx_word' id='word_1_338' title='bbox 305 3628 503 3670; x_wconf 81' lang='lat' dir='ltr'>traditam</span> <span class='ocrx_word' id='word_1_339' title='bbox 519 3629 774 3683; x_wconf 84' lang='lat' dir='ltr'>scripturam</span> <span class='ocrx_word' id='word_1_340' title='bbox 799 3625 915 3686; x_wconf 88' lang='lat' dir='ltr'>quod</span> <span class='ocrx_word' id='word_1_341' title='bbox 935 3626 1039 3670; x_wconf 87' lang='lat' dir='ltr'>olim</span> 
     </span>
    </p>
   </div>
   <div class='ocr_carea' id='block_1_9' title="bbox 257 3724 466 3766">
    <p class='ocr_par' dir='ltr' id='par_1_13' title="bbox 257 3724 466 3766">
     <span class='ocr_line' id='line_1_46' title="bbox 257 3724 466 3766; baseline -0.024 0"><span class='ocrx_word' id='word_1_342' title='bbox 257 3726 406 3766; x_wconf 75' lang='lat' dir='ltr'>&#39;racuus</span> <span class='ocrx_word' id='word_1_343' title='bbox 430 3724 466 3761; x_wconf 88' lang='lat'>1.</span> 
     </span>
    </p>
   </div>
   <div class='ocr_carea' id='block_1_10' title="bbox 1119 2923 1991 3685">
    <p class='ocr_par' dir='ltr' id='par_1_14' title="bbox 1119 2923 1991 3685">
     <span class='ocr_line' id='line_1_47' title="bbox 1120 2923 1987 2978; baseline 0.001 -15"><span class='ocrx_word' id='word_1_344' title='bbox 1120 2923 1344 2976; x_wconf 87' lang='lat' dir='ltr'>probatum</span> <span class='ocrx_word' id='word_1_345' title='bbox 1358 2923 1722 2978; x_wconf 73' lang='lat' dir='ltr'>Bezzenberg-ero</span> <span class='ocrx_word' id='word_1_346' title='bbox 1746 2929 1788 2964; x_wconf 89' lang='lat' dir='ltr'>et</span> <span class='ocrx_word' id='word_1_347' title='bbox 1803 2923 1987 2975; x_wconf 77' lang='lat' dir='ltr'>Heraeo,</span> 
     </span>
     <span class='ocr_line' id='line_1_48' title="bbox 1119 2981 1989 3036; baseline 0 -14"><span class='ocrx_word' id='word_1_348' title='bbox 1119 2982 1225 3023; x_wconf 89' lang='lat' dir='ltr'>mihi</span> <span class='ocrx_word' id='word_1_349' title='bbox 1258 2995 1345 3023; x_wconf 89' lang='lat' dir='ltr'>nou</span> <span class='ocrx_word' id='word_1_350' title='bbox 1379 2981 1548 3036; x_wconf 86' lang='lat' dir='ltr'>placet3</span> <span class='ocrx_word' id='word_1_351' title='bbox 1583 2983 1746 3036; x_wconf 79' lang='lat' dir='ltr'>quippe</span> <span class='ocrx_word' id='word_1_352' title='bbox 1778 2995 1866 3022; x_wconf 81' lang='lat' dir='ltr'>non</span> <span class='ocrx_word' id='word_1_353' title='bbox 1885 2995 1989 3036; x_wconf 86' lang='lat' dir='ltr'>par-</span> 
     </span>
     <span class='ocr_line' id='line_1_49' title="bbox 1120 3040 1989 3083; baseline -0.002 -2"><span class='ocrx_word' id='word_1_354' title='bbox 1120 3041 1255 3083; x_wconf 84' lang='lat' dir='ltr'>ticula</span> <span class='ocrx_word' id='word_1_355' title='bbox 1288 3044 1330 3083; x_wconf 91' lang='lat' dir='ltr'>in</span> <span class='ocrx_word' id='word_1_356' title='bbox 1365 3040 1576 3082; x_wconf 86' lang='lat' dir='ltr'>eiusmodi</span> <span class='ocrx_word' id='word_1_357' title='bbox 1603 3041 1801 3082; x_wconf 85' lang='lat' dir='ltr'>formulis</span> <span class='ocrx_word' id='word_1_358' title='bbox 1836 3042 1989 3082; x_wconf 83' lang='lat' dir='ltr'>fortior</span> 
     </span>
     <span class='ocr_line' id='line_1_50' title="bbox 1121 3099 1988 3152; baseline -0.003 -11"><span class='ocrx_word' id='word_1_359' title='bbox 1121 3106 1202 3152; x_wconf 89' lang='lat' dir='ltr'>est,</span> <span class='ocrx_word' id='word_1_360' title='bbox 1248 3101 1319 3141; x_wconf 88' lang='lat' dir='ltr'>ubi</span> <span class='ocrx_word' id='word_1_361' title='bbox 1366 3102 1535 3141; x_wconf 77' lang='lat' dir='ltr'>nescius</span> <span class='ocrx_word' id='word_1_362' title='bbox 1577 3112 1672 3140; x_wconf 89' lang='lat' dir='ltr'>cum</span> <span class='ocrx_word' id='word_1_363' title='bbox 1716 3099 1875 3140; x_wconf 87' lang='lat' dir='ltr'>vocula</span> <span class='ocrx_word' id='word_1_364' title='bbox 1905 3112 1988 3139; x_wconf 85' lang='lat' dir='ltr'>ne-</span> 
     </span>
     <span class='ocr_line' id='line_1_51' title="bbox 1121 3157 1987 3214; baseline -0.002 -15"><span class='ocrx_word' id='word_1_365' title='bbox 1121 3165 1251 3214; x_wconf 83' lang='lat' dir='ltr'>gante</span> <span class='ocrx_word' id='word_1_366' title='bbox 1285 3159 1403 3200; x_wconf 89' lang='lat' dir='ltr'>valet</span> <span class='ocrx_word' id='word_1_367' title='bbox 1437 3159 1655 3207; x_wconf 75' lang='lat' dir='ltr'>conscius,</span> <span class='ocrx_word' id='word_1_368' title='bbox 1698 3164 1829 3211; x_wconf 87' lang='lat' dir='ltr'>atque</span> <span class='ocrx_word' id='word_1_369' title='bbox 1861 3157 1987 3198; x_wconf 86' lang='lat' dir='ltr'>alteri</span> 
     </span>
     <span class='ocr_line' id='line_1_52' title="bbox 1120 3215 1989 3268; baseline -0.008 -10"><span class='ocrx_word' id='word_1_370' title='bbox 1120 3218 1236 3258; x_wconf 78' lang='lat' dir='ltr'>haud</span> <span class='ocrx_word' id='word_1_371' title='bbox 1268 3223 1369 3257; x_wconf 89' lang='lat' dir='ltr'>tunc</span> <span class='ocrx_word' id='word_1_372' title='bbox 1404 3216 1560 3257; x_wconf 83' lang='lat' dir='ltr'>cedere</span> <span class='ocrx_word' id='word_1_373' title='bbox 1603 3215 1714 3268; x_wconf 85' lang='lat' dir='ltr'>apud</span> <span class='ocrx_word' id='word_1_374' title='bbox 1757 3215 1872 3255; x_wconf 87' lang='lat' dir='ltr'>hunc</span> <span class='ocrx_word' id='word_1_375' title='bbox 1905 3227 1989 3255; x_wconf 88' lang='lat' dir='ltr'>no-</span> 
     </span>
     <span class='ocr_line' id='line_1_53' title="bbox 1122 3272 1990 3327; baseline -0.001 -12"><span class='ocrx_word' id='word_1_376' title='bbox 1122 3282 1255 3316; x_wconf 87' lang='lat' dir='ltr'>strum</span> <span class='ocrx_word' id='word_1_377' title='bbox 1289 3275 1417 3316; x_wconf 86' lang='lat' dir='ltr'>solet.</span> <span class='ocrx_word' id='word_1_378' title='bbox 1471 3274 1536 3315; x_wconf 82' lang='lat' dir='ltr'>Cf.</span> <span class='ocrx_word' id='word_1_379' title='bbox 1562 3272 1599 3313; x_wconf 88' lang='lat' dir='ltr'>Il</span> <span class='ocrx_word' id='word_1_380' title='bbox 1624 3274 1710 3314; x_wconf 82' lang='lat'>55:</span> <span class='ocrx_word' id='word_1_381' title='bbox 1744 3274 1990 3327; x_wconf 74' lang='lat' dir='ltr'>adsequitur</span> 
     </span>
     <span class='ocr_line' id='line_1_54' title="bbox 1125 3331 1989 3387; baseline -0.001 -12"><span class='ocrx_word' id='word_1_382' title='bbox 1125 3335 1426 3375; x_wconf 78' lang='lat' dir='ltr'>Germanicum</span> <span class='ocrx_word' id='word_1_383' title='bbox 1448 3358 1525 3382; x_wconf 86' lang='lat'>—,</span> <span class='ocrx_word' id='word_1_384' title='bbox 1552 3331 1667 3372; x_wconf 79' lang='lat' dir='ltr'>haud</span> <span class='ocrx_word' id='word_1_385' title='bbox 1686 3334 1872 3373; x_wconf 75' lang='lat' dir='ltr'>nescium</span> <span class='ocrx_word' id='word_1_386' title='bbox 1893 3335 1989 3387; x_wconf 81' lang='lat' dir='ltr'>qui-</span> 
     </span>
     <span class='ocr_line' id='line_1_55' title="bbox 1125 3390 1987 3445; baseline -0.001 -12"><span class='ocrx_word' id='word_1_387' title='bbox 1125 3393 1196 3433; x_wconf 83' lang='lat' dir='ltr'>bus</span> <span class='ocrx_word' id='word_1_388' title='bbox 1253 3390 1603 3432; x_wconf 76' lang='lat' dir='ltr'>insectationibus</span> <span class='ocrx_word' id='word_1_389' title='bbox 1649 3392 1802 3445; x_wconf 79' lang='lat' dir='ltr'>petitus</span> <span class='ocrx_word' id='word_1_390' title='bbox 1859 3393 1987 3445; x_wconf 80' lang='lat' dir='ltr'>soret.</span> 
     </span>
     <span class='ocr_line' id='line_1_56' title="bbox 1124 3449 1988 3493; baseline 0.001 -2"><span class='ocrx_word' id='word_1_391' title='bbox 1124 3451 1182 3491; x_wconf 95' lang='lat' dir='ltr'>lV</span> <span class='ocrx_word' id='word_1_392' title='bbox 1217 3451 1300 3493; x_wconf 79' lang='lat'>50.-</span> <span class='ocrx_word' id='word_1_393' title='bbox 1349 3449 1464 3490; x_wconf 81' lang='lat' dir='ltr'>hcmd</span> <span class='ocrx_word' id='word_1_394' title='bbox 1504 3449 1647 3489; x_wconf 81' lang='lat' dir='ltr'>nescio</span> <span class='ocrx_word' id='word_1_395' title='bbox 1691 3449 1795 3491; x_wconf 78' lang='lat' dir='ltr'>duce</span> <span class='ocrx_word' id='word_1_396' title='bbox 1827 3458 1988 3493; x_wconf 83' lang='lat' dir='ltr'>nostro.</span> 
     </span>
     <span class='ocr_line' id='line_1_57' title="bbox 1124 3507 1991 3550; baseline 0 0"><span class='ocrx_word' id='word_1_397' title='bbox 1124 3509 1201 3550; x_wconf 85' lang='lat' dir='ltr'>XV</span> <span class='ocrx_word' id='word_1_398' title='bbox 1234 3508 1321 3550; x_wconf 83' lang='lat'>68:</span> <span class='ocrx_word' id='word_1_399' title='bbox 1367 3507 1482 3549; x_wconf 80' lang='lat' dir='ltr'>haud</span> <span class='ocrx_word' id='word_1_400' title='bbox 1518 3508 1685 3549; x_wconf 82' lang='lat' dir='ltr'>nescius</span> <span class='ocrx_word' id='word_1_401' title='bbox 1715 3510 1830 3550; x_wconf 81' lang='lat' dir='ltr'>inter</span> <span class='ocrx_word' id='word_1_402' title='bbox 1861 3509 1991 3550; x_wconf 80' lang='lat' dir='ltr'>adul-</span> 
     </span>
     <span class='ocr_line' id='line_1_58' title="bbox 1124 3566 1991 3610; baseline 0.001 -1"><span class='ocrx_word' id='word_1_403' title='bbox 1124 3575 1236 3609; x_wconf 80' lang='lat' dir='ltr'>teros</span> <span class='ocrx_word' id='word_1_404' title='bbox 1272 3569 1359 3610; x_wconf 80' lang='lat' dir='ltr'>eius</span> <span class='ocrx_word' id='word_1_405' title='bbox 1392 3575 1431 3609; x_wconf 85' lang='lat' dir='ltr'>et</span> <span class='ocrx_word' id='word_1_406' title='bbox 1463 3566 1696 3609; x_wconf 82' lang='lat' dir='ltr'>Caesarem</span> <span class='ocrx_word' id='word_1_407' title='bbox 1728 3582 1830 3610; x_wconf 88' lang='lat' dir='ltr'>esse.</span> <span class='ocrx_word' id='word_1_408' title='bbox 1874 3567 1991 3610; x_wconf 86' lang='lat' dir='ltr'>Idem</span> 
     </span>
     <span class='ocr_line' id='line_1_59' title="bbox 1125 3626 1991 3685; baseline 0 -14"><span class='ocrx_word' id='word_1_409' title='bbox 1125 3626 1301 3671; x_wconf 82' lang='lat' dir='ltr'>adhibet</span> <span class='ocrx_word' id='word_1_410' title='bbox 1339 3640 1426 3672; x_wconf 81' lang='lat' dir='ltr'>non</span> <span class='ocrx_word' id='word_1_411' title='bbox 1472 3632 1516 3670; x_wconf 89' lang='lat' dir='ltr'>et</span> <span class='ocrx_word' id='word_1_412' title='bbox 1562 3640 1717 3681; x_wconf 82' lang='lat' dir='ltr'>neque,</span> <span class='ocrx_word' id='word_1_413' title='bbox 1773 3627 1846 3670; x_wconf 88' lang='lat' dir='ltr'>ubi</span> <span class='ocrx_word' id='word_1_414' title='bbox 1893 3633 1991 3685; x_wconf 80' lang='lat' dir='ltr'>post</span> 
     </span>
    </p>
   </div>
   <div class='ocr_carea' id='block_1_11' title="bbox 1607 3709 1667 3765">
    <p class='ocr_par' dir='ltr' id='par_1_15' title="bbox 1607 3709 1667 3765">
     <span class='ocr_line' id='line_1_60' title="bbox 1607 3709 1667 3765; baseline 0.017 -1"><span class='ocrx_word' id='word_1_415' title='bbox 1607 3709 1667 3765; x_wconf 89' lang='grc'>17</span> 
     </span>
    </p>
   </div>
  </div>
 </body>
</html>
