2280 4004
78 68 138 117 Ze
162 115 172 119 -
220 75 265 122 21
323 52 517 147 ἶξλέκῖῗκλ
533 58 647 127 ισσυέ-ρ
703 66 761 133 μζ
808 62 938 145 Astra
954 106 983 125 az

266 314 479 364 aO-ss't).

177 458 247 509 21
271 460 438 514 donec
477 460 709 512 desertus
752 457 857 510 suis
895 457 1117 509 caderet.

822 312 986 358 LIBER
1015 302 1087 355 111.
1150 307 1258 354 cn.
1295 298 1484 355 '19-21.

2013 303 2100 356 1'83

1193 455 1335 517 Quae
1368 459 1632 522 postquam
1669 452 1826 506 Lucio
1865 454 2097 521 Apronio

269 555 412 615 (nam
450 551 660 604 Camillo
699 553 1046 614 successerat)
1086 551 1358 613 comperta,
1398 546 1560 615 magis
1598 545 1857 598 dedecore
1890 561 2097 598 suorum

273 661 420 713 quam
460 643 627 711 gloria
664 641 826 693 hostis
866 639 1075 704 anxiuS,
1128 653 1247 690 raro
1303 654 1362 690 ea
1404 642 1700 704 tempestate
1749 642 1798 689 et
1845 653 1873 689 e
1923 643 2099 690 vetere

267 735 511 788 memoria
550 733 807 796 facinore,
867 731 1132 782 decumum
1171 744 1418 796 quemque
1459 729 1833 798 ignominiosae
1873 730 2099 782 cohortis

268 831 408 878 sorte
445 825 625 876 ductos
665 822 783 874 fusti
819 827 983 874 necat.

1076 822 1385 887 Tantumque
1424 821 1696 872 severitate
1728 822 2011 887 profectum
2047 826 2141 874 uts

266 916 502 969 vexillum
535 919 909 978 veteranorum,
952 927 1055 964 non
1085 913 1295 978 amplius
1336 913 1595 980 quingenti
1622 915 1852 977 numero,
1893 911 2101 964 easdem

263 1006 601 1064 .Tacfarinatis
651 1005 824 1071 copias
873 1004 1182 1070 praesidium
1233 1004 1312 1054 cui
1363 1003 1515 1055 Thala
1577 1018 1763 1055 nomen
1823 1003 2099 1071 adgressas

267 1098 504 1151 fuderint.
554 1098 690 1159 Quo
739 1095 937 1162 proelio
977 1095 1136 1147 Rufus
1175 1095 1384 1146 Helvius
1422 1096 1693 1162 gregarius
1730 1093 1874 1145 miles
1912 1093 2102 1146 servati

269 1191 394 1242 civis
434 1190 590 1241 decus
631 1188 847 1252 rettulit,
903 1187 1220 1252 donatusque
1259 1190 1336 1237 est
1374 1185 1436 1235 ab
1472 1185 1702 1251 Apronio
1751 1183 2015 1251 torquibus
2054 1189 2104 1236 et

266 1284 427 1335 hasta.
492 1282 682 1334 Caesar
710 1279 906 1331 addidit
937 1279 1149 1329 civicam
1181 1283 1440 1341 coronam,
1473 1276 1607 1342 quod
1635 1291 1738 1327 non
1766 1292 1875 1327 eam
1903 1290 2103 1342 quoque
2122 1285 2170 1322 10

269 1374 528 1442 Apronius
585 1373 695 1424 iure
744 1370 1067 1438 proconsulis
1122 1369 1410 1433 tribuisset,
1479 1373 1683 1434 questus
1737 1367 1900 1434 magis
1955 1381 2102 1432 quam

272 1465 513 1519 offensus

590 1463 690 1516 Sed
715 1462 1011 1514 Tacfarinas
1045 1460 1294 1527 perculsis
1332 1459 1560 1511 Numidis
1600 1463 1648 1510 et
1680 1458 2104 1528 thidia„ssspet-

268 1558 503 1631 [¹211st
542 1557 735 1624 spargit
771 1554 974 1618 bellum,
1004 1553 1090 1603 ubi
1132 1553 1423 1615 instaretur,
1466 1550 1674 1615 00110115,
1717 1566 1777 1601 ac
1815 1564 2014 1602 rursum
2049 1550 2103 1599 in

268 1656 414 1717 terga
442 1662 693 1700 remeans.

768 1647 830 1698 Et
860 1645 975 1696 dum
1003 1660 1062 1695 ea
1090 1644 1220 1694 ratio
1254 1642 1473 1694 barbaro
1504 1642 1612 1706 fuit,
1644 1642 1845 1692 inritum
1881 1642 2103 1693 fessum-

270 1756 367 1808 que
421 1741 700 1792 Romanum
756 1738 957 1803 impune
1012 1733 1393 1786 ludificabatur:
1459 1739 1725 1799 postquam
1784 1733 1990 1784 deflexit
2038 1732 2169 1784 ad¹⁵

267 1831 546 1885 maritimos
590 1830 753 1893 locOS,
794 1827 1031 1896 inligatus
1081 1827 1271 1892 praeda
1312 1825 1508 1876 stativis
1552 1824 1732 1875 castris
1773 1823 2100 1887 adhaerebat,

388 2007 426 2049 1.
461 2004 512 2047 L.
549 2003 636 2046 Μ.“
698 2005 739 2046 5.
775 2004 882 2045 eusti
900 2002 955 2044 Μ.

1031 2001 1072 2044 6.
1107 2000 1233 2058 ampl.
1268 2014 1394 2055 quam
1422 2001 1541 2056 qemi
1572 2000 1718 2058 (quam
1751 2001 1795 2040 in
1827 1999 1912 2041 fine
1931 1999 2105 2058 versus)

265 2065 331 2108 M:
367 2064 558 2108 correxit
588 2063 843 2105 Beroaldus,
905 2063 948 2104 8.
978 2060 1164 2117 proelio]
1195 2073 1276 2116 pro
1309 2064 1408 2118 (per
1440 2062 1604 2116 notam)
1636 2059 1725 2113 filio
1756 2059 1811 2101 M.
1873 2059 2106 2114 qraqarius

266 2125 321 2168 M.
405 2125 471 2166 11.
506 2129 701 2177 quaestus
731 2123 786 2163 M.

269 2272 414 2329 proles
464 2283 551 2312 non
592 2271 730 2313 fuisse
778 2270 940 2312 vitalis.
1003 2268 1147 2310 Tertia

270 2345 379 2374 uxor
421 2331 560 2384 lulia3
608 2344 663 2372 ex
707 2342 758 2371 ea
798 2331 888 2371 nati
934 2327 1063 2370 Gaius
1105 2334 1151 2375 et

270 2389 669 2450 [Quaeres
683 2390 911 2443 restuinus
927 2386 1145 2444 Agrippa.

269 2450 513 2550 Afflipqina
533 2446 733 2504 etJuliaL
764 2447 811 2489 In
837 2447 903 2488 his
920 2445 1144 2502 plerisque

270 2523 374 2553 vera
448 2509 552 2551 aciti
594 2514 710 2550 nota.
776 2506 907 2549 Gaius
956 2506 1071 2547 enirn
1105 2510 1147 2546 et

270 2567 428 2612 Lucius
490 2580 663 2610 veneno
727 2565 881 2608 crediti
943 2565 1145 2619 periisse,

269 2629 512 2686 Agrippina
555 2627 690 2680 fame,
735 2625 964 2667 Postumus
1013 2624 1145 2665 ferro.

271 2687 423 2730 Iuliam
468 2687 666 2741 excipio,
719 2686 842 2727 cuius
874 2689 1057 2725 mortem
1091 2681 1146 2723 lV

272 2748 324 2790 71
367 2747 428 2788 ita
468 2751 612 2788 narrat
655 2746 751 2800 ipse
792 2742 964 2786 Tacitus
1003 2747 1051 2782 ut
1095 2754 1149 2783 ex

272 2812 424 2847 natura
454 2805 678 2857 videatur,
726 2805 830 2845 ferri
871 2808 945 2844 aut
986 2801 1148 2842 veneni

272 2865 393 2906 nulla
427 2862 676 2905 mentione’.
739 2861 931 2904 stum.

362 2921 466 2977 Cap.
500 2925 572 2966 20.
634 2921 806 2964 trahere
836 2933 992 2976 ¹qraves
1013 2932 1150 2975 prae-

276 2982 383 3025 das:
419 2983 596 3036 proprie
630 2979 878 3022 Tacfarinas
910 2978 1042 3020 trahit
1065 2977 1151 3018 1111-

275 3042 376 3083 lites
416 3040 575 3095 praeda
620 3052 800 3097 graves,
844 3038 921 3080 sed
964 3037 1049 3079 hoc
1098 3035 1151 3078 ad

277 3102 412 3156 ipsam
435 3099 636 3155 praedam
659 3098 880 3140 transferri
913 3101 1072 3152 potest,
1106 3101 1152 3136 ut

277 3161 406 3202 etiam
439 3158 499 3201 lv
523 3157 594 3202 48.
638 3157 755 3200 Alibi
789 3170 919 3213 aqere
945 3156 1150 3213 praedaS,

276 3217 414 3260 veluti
449 3218 498 3259 H.
533 3217 592 3259 tv
626 3218 696 3261 28.

368 3275 582 3317 cohortem
612 3277 898 3318 Romanam>
933 3274 975 3316 11.
1010 3288 1049 3316 0.
1084 3271 1152 3314 le·-

280 3335 520 3391 gionariam
551 3334 647 3375 sive
672 3335 833 3375 civium
847 3334 1150 3376 Romanorum.

281 3394 348 3435 Cf.
382 3393 434 3433 ad
467 3391 484 3432 Ῑ
515 3392 588 3434 60.
708 3393 964 3447 siqniferos:
1009 3390 1153 3445 signi-

281 3453 362 3494 feri
396 3457 496 3493 sunt
528 3450 600 3505 qui
635 3451 799 3492 vexilla
841 3450 1038 3491 ordinum
1073 3460 1152 3488 00-

281 3511 418 3552 hortis
441 3513 636 3565 gestant:
675 3522 716 3550 v.
751 3508 802 3548 ad
837 3508 931 3550 134
963 3513 1007 3549 et
1028 3506 1063 3548 11
1086 3507 1151 3547 17.

370 3569 494 3611 simul
526 3575 703 3624 excepta
732 3566 914 3608 vulnera
936 3580 949 3607 .-
996 3564 1152 3618 supple

281 3636 401 3682 sunt‚
454 3627 569 3684 quod
618 3633 716 3683 post
757 3626 880 3668 simut
925 3624 1152 3675 omittitur,

285 3697 381 3730 cum
412 3688 539 3732 stilus
571 3687 717 3744 aliqua
738 3686 1153 3731 festinatione-nova

866 2121 934 2163 16.
969 2120 1206 2161 adherebat
1237 2120 1289 2162 Μ.

1228 2274 1271 2310 et
1314 2267 1492 2310 insolita
1535 2266 1758 2309 describit.
1821 2264 1888 2308 Cf.
1923 2265 1984 2308 lv
2016 2267 2105 2310 25:

1226 2327 1429 2382 simulque
1461 2333 1629 2383 coeptus
1661 2326 1780 2378 dies,
1831 2332 1871 2366 et
1900 2333 2109 2369 concentu

1227 2387 1423 2441 tubarum
1456 2400 1509 2428 ac
1540 2385 1652 2428 truci
1684 2384 1871 2427 clamore
1903 2384 2104 2428 aderaut.

1226 2446 1406 2487 Paulum
1428 2444 1518 2487 abit
1539 2444 1557 2486 Ι
1577 2445 1632 2488 65
1649 2443 1797 2487 :simul
1811 2444 1919 2485 haec
1933 2442 2106 2502 (dixit),

1229 2512 1268 2546 et
1287 2519 1382 2546 cum
1397 2504 1569 2546 delectis
1585 2505 1742 2545 scindit
1761 2515 1928 2560 aymen.
1962 2502 2107 2544 Aliam

1230 2563 1569 2617 explicationem
1583 2563 1686 2604 olim
1701 2576 1726 2604 a
1739 2575 1808 2605 me
1822 2563 2106 2616 propositam,

1229 2636 1313 2679 qua
1345 2623 1527 2664 vulnera
1558 2623 1809 2665 accusativo
1837 2625 1939 2663 casu
1964 2621 2106 2676 posita

1229 2682 1560 2739 intelliguntur,
1601 2694 1689 2736 non
1732 2682 1858 2737 sequi
1891 2679 2109 2723 debebant

1229 2740 1540 2799 Doederlinius
1575 2747 1617 2783 et
1651 2740 1856 2794 Oi·ellius.

1320 2800 1424 2855 Cap.
1450 2802 1522 2844 21.
1555 2800 1757 2842 vexillum
1779 2806 2106 2841 veteranorum.-

1231 2860 1347 2902 conf.
1382 2866 1530 2902 annot.
1564 2859 1617 2901 ad
1648 2860 1666 2900 l
1695 2859 1768 2902 38.
1877 2857 2108 2914 iuliqatus:

1232 2917 1467 2963 ἀπόδοσιν
1499 2919 1696 2960 inchoari
1730 2931 1754 2959 a
1785 2917 1914 2959 missu
1952 2916 2108 2973 patris,

1231 2977 1316 3020 hoc
1357 2978 1674 3034 subsequentia
1720 2975 1963 3032 praesentis
1995 2982 2110 3017 tem-

1231 3039 1349 3092 poris
1378 3037 1512 3079 verba
1540 3050 1730 3093 pugnam
1757 3036 1867 3092 facit
1893 3034 2109 3091 pellitque,

1232 3103 1330 3152 post
1347 3097 1583 3151 praeterita
1601 3096 1768 3150 deflexit
1786 3100 1829 3136 et
1847 3092 2110 3136 adhaerebat

1233 3156 1383 3208 illata,
1435 3162 1478 3197 et
1533 3156 1626 3209 ipsa
1682 3153 1911 3196 diversitas
1964 3163 2108 3193 rerum

1234 3215 1438 3256 ostendit.
1499 3213 1585 3254 lam
1621 3225 1726 3254 vero
1758 3210 2028 3252 enuntiatum
2055 3207 2109 3249 ab

1233 3274 1437 3328 inliyatus
1482 3271 1695 3324 incipiens
1747 3267 1961 3325 particula
2006 3269 2109 3307 iun-

1235 3337 1368 3386 gente
1402 3342 1551 3371 carere
1584 3329 1657 3370 vix
1690 3332 1859 3381 potest:
1910 3338 1961 3367 ea
1994 3326 2108 3366 enim

1236 3391 1417 3440 omissa,
1469 3387 1659 3442 legentis
1709 3386 1877 3426 animus
1929 3383 2111 3425 inclinat

1236 3446 1474 3491 ἀπόδοσιν
1523 3446 1731 3486 inchoare
1781 3443 1834 3485 ab
1887 3440 2108 3497 inligatus,

1238 3518 1379 3560 eoque
1431 3504 1599 3546 lucidus
1646 3502 1750 3543 ordo
1802 3507 1845 3543 et
1895 3506 2110 3542 structura

1236 3564 1384 3606 labare
1418 3563 1586 3617 incipit.
1649 3561 1800 3617 ltaque
1828 3560 2111 3616 inliqatusque

1237 3623 1475 3666 Tacitinum
1509 3635 1607 3667 esse
1639 3634 1735 3664 cum
1770 3618 1993 3663 Walthero
2033 3623 2110 3661 su-

1239 3694 1397 3740 spicor.
