2280 4004
209 257 298 299 198

986 249 1278 297 ANNALIVM

1786 271 1826 302 a.
1858 268 1903 302 u.
1936 254 2037 306 774.

210 395 409 446 Cestius
435 401 643 447 senator
674 395 916 446 disseruit
940 392 1196 460 principes
1223 393 1425 461 quidem
1455 394 1616 447 instar
1650 395 1861 449 deorum
1895 413 2038 452 esse:

211 486 303 538 sed
342 501 506 552 neque
552 502 580 536 a
622 485 700 535 dis
741 484 839 535 nisi
882 484 1040 536 iustas
1082 484 1361 551 supplicum
1406 500 1588 552 preces
1637 486 1828 552 audiri,
1877 502 2043 556 neque

211 591 508 643 quemquam
544 575 595 624 in
623 574 924 640 Capitolium
963 575 1129 627 aliave
1165 575 1308 628 urbis
1338 576 1519 643 templa
1557 578 1849 645 perfugere,
1887 584 1942 630 ut
1979 594 2043 633 eo

210 666 439 718 subsidio
472 666 536 717 ad
574 666 766 733 flagitia
803 670 987 717 utatur

1059 661 1293 719 Abolitas
1323 667 1467 736 leges
1503 673 1554 720 et
1586 668 1809 721 funditus
1846 685 2042 736 versaS,

171 758 294 812 subi
333 758 384 808 in
422 758 553 823 for0,
590 757 643 808 in
681 757 852 809 limine
889 758 1062 810 curiae
1100 759 1164 810 ab
1202 759 1371 811 Annia
1408 759 1621 825 Rufilla,
1661 775 1808 827 quam
1849 761 2042 815 fraudis

208 851 301 902 sub
352 849 522 901 iudice
575 849 949 915 damnavisset,
1007 850 1196 916 probra
1245 851 1344 903 sibi
1395 856 1444 902 et
1490 852 1657 904 minae
1688 853 2043 919 intendantur,

208 954 375 1006 neque
411 940 521 1006 ipse
560 938 745 992 audeat
781 941 858 992 ius
899 942 1121 1007 experiri
1158 941 1223 993 ob
1266 942 1488 1010 effigiem
1523 943 1843 1010 imperatoris
1882 958 2045 1012 oppo-

208 1031 372 1082 sitam.
446 1031 591 1082 Haud
630 1031 896 1083 dissimilia
933 1032 1043 1097 alii,
1099 1037 1148 1084 et
1185 1033 1388 1100 quidam
1428 1034 1685 1086 atrociora
1720 1036 2047 1088 circumstre-

206 1123 418 1188 pebant3

478 1122 918 1190 precabanturque
968 1124 1220 1189 Drusum,
1280 1125 1424 1176 daret
1475 1125 1682 1177 ultionis
1744 1126 2042 1193 exemplum,

147 1227 195 1263 ιο
211 1214 377 1266 donec
415 1214 629 1264 accitam
672 1215 1059 1281 convictamque
1098 1216 1300 1267 attineri
1349 1216 1552 1282 publica
1609 1218 1839 1270 custodia
1880 1219 2040 1271 iussit.

210 1306 274 1357 Et
309 1306 581 1357 Considius
618 1306 827 1372 Aequus
866 1311 916 1358 et
953 1307 1155 1359 Caelius
1181 1308 1373 1360 Cursor
1407 1309 1601 1375 equites
1638 1310 1869 1375 Romani,
1907 1310 2042 1377 quod
2057 1318 2128 1369 37

208 1396 339 1448 fictis
395 1397 673 1448 maiestatis
727 1397 1021 1450 criminibus
1075 1399 1297 1467 Magium
1355 1399 1699 1452 Caecilianum
1755 1406 2044 1468 praetorem

206 1486 523 1553 petivissent,
555 1492 765 1540 auctore
790 1489 1022 1555 principe
1049 1505 1110 1542 ac
1138 1490 1347 1543 decreto
1379 1496 1585 1544 senatus
1614 1492 1790 1558 puniti.
1842 1493 2046 1545 Utrum-

210 1592 308 1645 que
343 1579 396 1629 in
433 1579 634 1631 laudem
672 1580 824 1631 Drusi
865 1581 1185 1633 trahebatur:
1226 1582 1289 1633 ab
1326 1598 1387 1634 eo
1425 1582 1477 1634 in
1513 1583 1657 1649 urbe,
1697 1584 1830 1636 inter
1868 1588 2044 1637 coetus

146 1687 192 1723 ss
213 1675 263 1722 et
314 1685 579 1723 sermones
632 1671 891 1722 hominum
954 1672 1262 1726 obversante
1331 1679 1531 1747 secreta
1585 1675 1761 1755 patris
1804 1675 2041 1744 mitigari.

206 1763 381 1828 Neque
419 1761 566 1813 luxus
606 1761 658 1811 in
699 1762 884 1814 iuvene
933 1763 1063 1815 adeo
1121 1745 1454 1831 displicebat:

319 1903 361 1945 2.
394 1900 474 1942 diis
508 1901 550 1943 h.
585 1901 616 1944 l.
651 1902 705 1945 M.

207 1962 275 2004 14.
311 1960 509 2003 trabatur
538 1959 594 2003 M.

289 2084 337 2124 in
357 2086 470 2139 foro,
496 2084 544 2125 in
565 2084 711 2126 limine
736 2085 911 2128 curiae:
933 2087 1081 2129 verbis

201 2145 248 2186 in
293 2143 439 2185 limine
494 2146 643 2186 curiae
689 2143 997 2189 antecedentia
1034 2148 1083 2189 in

200 2206 297 2258 foro
360 2204 607 2245 accuratius
666 2203 947 2247 definiuntur.
1011 2206 1082 2248 Uti

202 2263 287 2304 hoc
342 2262 441 2304 loco
494 2263 718 2305 Beckerus
774 2267 990 2319 potuisset
1035 2268 1081 2307 in

201 2319 427 2363 Enchirid.
490 2322 542 2363 A.
596 2322 646 2364 R.
692 2321 709 2363 Ι
756 2337 798 2377 p.
841 2325 953 2376 333,
1006 2325 1079 2366 ubi

204 2381 720 2424 coniecturamBunsenii
741 2383 903 2424 curiam
925 2383 1079 2426 Iuliam

204 2453 258 2481 ex
275 2440 371 2482 foro
392 2441 586 2483 Romano
611 2439 665 2482 ad
687 2440 930 2484 Palatinum
952 2456 1081 2484 mon-

204 2504 291 2540 tem
324 2499 626 2542 transferentis
650 2506 771 2543 recte
792 2503 1079 2558 oppugnavit.

291 2560 357 2600 ius
375 2560 587 2615 experiri:
620 2559 849 2602 mulierem
875 2562 927 2602 ad
949 2575 1081 2615 prae-

202 2623 342 2659 torem
375 2618 536 2659 ducere
570 2623 614 2659 et
652 2619 906 2660 iniuriarum
944 2633 1080 2663 accu-

202 2682 338 2718 satam
371 2677 485 2733 legis
517 2689 687 2731 poenae
718 2678 905 2720 tradere.

293 2735 397 2791 Cap.
421 2737 503 2779 ⁴37.
563 2737 956 2790 aedificationibus:
988 2737 1080 2779 edi-

204 2795 386 2837 tionibus
410 2795 594 2849 aLipsio
618 2797 965 2839 commendatum
986 2798 1080 2838 iure

203 2854 728 2908 reprobavitWaltherus.
747 2855 1080 2898 Ostenditlocus

204 2914 389 2955 Drusum
406 2915 586 2967 privatis
601 2914 981 2957 aedificationibus
997 2918 1080 2956 im-

204 2972 421 3014 modicum
456 2972 606 3014 fuisse.
672 2974 770 3014 Alia
813 2989 864 3016 ac
908 2974 1079 3016 diversa

206 3033 334 3086 patri,
370 3033 439 3072 cui
461 3031 575 3072 nlius
598 3032 682 3074 hoc
705 3033 802 3074 loco
828 3035 1079 3087 opponitur,

206 3094 250 3132 in
312 3090 526 3133 aedificiis
589 3093 771 3146 privatis
827 3093 1080 3135 extruendis

206 3163 372 3191 morum
404 3151 490 3203 via,
524 3150 577 3192 de
608 3165 692 3207 qua
729 3150 784 3194 v1
815 3153 897 3195 45:
943 3153 1079 3194 milies

204 3210 442 3251 sestertium
475 3224 527 3251 ea
565 3212 856 3264 vnvtnificentia
887 3211 1080 3254 coltoca-

206 3277 314 3321 tum,
368 3276 486 3310 tanto
538 3272 753 3326 acceptius
803 3273 849 3313 in
896 3272 1079 3327 vulyum,

207 3335 363 3381 quanto
395 3330 583 3370 modicus
612 3332 794 3384 privatis
811 3332 1079 3385 aedificatio-

206 3388 329 3429 nibus
378 3402 429 3428 ne
466 3389 634 3443 publice
677 3390 841 3443 quidem
882 3392 967 3433 nisi
999 3391 1079 3432 duo

208 3460 340 3501 opera
371 3449 549 3498 struxit,
594 3449 789 3504 templum
823 3450 1008 3505 Auyusto
1043 3458 1082 3492 et

210 3505 639 3560 scenamPompeiani
660 3508 831 3550 theatri.
886 3509 1078 3551 Membro

207 3564 318 3605 diem
349 3566 713 3618 aedificationibus
732 3568 966 3622 respondet
988 3575 1080 3611 sta-

206 3623 283 3663 tim
350 3628 565 3679 tamquam
627 3628 890 3670 contrarium
951 3628 1078 3680 solus,

778 1903 820 1947 8.
859 1902 1175 1948 haudissimilia
1207 1906 1260 1949 M.

1514 1766 1613 1816 huc
1662 1765 1830 1832 potius
1874 1765 2044 1818 inten-

1337 1908 1403 1950 11.
1440 1907 1613 1950 Caelius
1646 1907 1699 1961 M,
1733 1920 1820 1949 non
1856 1906 2039 1952 Coelius.

1165 2088 1526 2144 quemadmodum
1588 2089 1805 2144 prioribus
1877 2096 2044 2132 noctem

1166 2148 1370 2191 conviviis
1399 2146 1714 2204 subsequentia
1754 2147 1884 2191 nullis
1917 2150 2043 2192 volu-

1160 2208 1347 2263 ptatibus
1394 2216 1612 2251 avocatus,
1673 2207 1723 2251 In
1771 2208 2042 2252 aedificando

1165 2268 1313 2322 cogita
1343 2267 1549 2310 iuvenem
1593 2282 1644 2310 ea
1685 2268 1809 2310 turba
1851 2269 2042 2310 circum-

1164 2325 1332 2377 datum,
1367 2328 1540 2381 qualem
1574 2326 1805 2381 descripsit
1839 2327 2042 2368 Horatius

1165 2383 1306 2426 Carni.
1356 2385 1413 2426 111
1466 2389 1486 2428 1
1531 2387 1589 2428 33
1609 2386 1762 2429 -372
1814 2393 2042 2428 contracta

1159 2445 1299 2500 pisces
1347 2458 1538 2500 aequo-ra
1583 2447 1771 2487 sentiunt
1822 2445 1949 2486 iactis
1994 2446 2042 2486 in

1163 2503 1297 2544 altum
1326 2504 1527 2557 molibus3
1574 2503 1658 2545 huc
1693 2505 1894 2558 frequens
1935 2517 2040 2546 cae-

1163 2570 1308 2603 menta
1340 2563 1517 2606 demittit
1554 2563 1796 2620 redemptor
1839 2578 1933 2606 cum
1961 2567 2039 2619 sa-

1162 2620 1300 2674 mulis,
1319 2622 1591 2677 dominusque
1613 2628 1756 2664 terrae
1775 2621 2037 2677 fastidiosus.

1254 2681 1474 2723 traheret.-
1509 2683 1546 2723 si
1590 2682 1832 2723 infinitivus
1865 2682 2040 2724 trahere

1163 2738 1261 2781 libri
1277 2741 1315 2782 M
1330 2747 1504 2783 tenetur
1521 2755 1570 2783 ac
1586 2740 1774 2783 refertur
1788 2740 1841 2783 ad
1859 2741 2038 2783 verbum

1161 2800 1419 2853 intenderet,
1453 2800 1643 2855 populus
1674 2800 1943 2858 significaret
1967 2801 2040 2842 iu-

1164 2872 1321 2901 venem
1355 2859 1543 2901 nondum
1585 2859 1963 2902 aedificationibus
1995 2865 2041 2902 et

1165 2920 1384 2960 conviviis
1428 2919 1520 2960 dies
1562 2925 1803 2975 noctesque
1848 2919 2038 2973 trahere,

1163 2977 1239 3018 sed
1274 2980 1315 3018 in
1351 2991 1403 3019 eo
1438 2990 1535 3019 esse
1581 2984 1626 3019 ut
1658 2979 1745 3020 tale
1779 2978 1882 3034 quid
1915 2990 2039 3020 com-

1163 3038 1331 3077 mittat:
1366 3043 1409 3078 at
1441 3038 1705 3079 contrarium
1738 3037 1902 3091 populo
1934 3039 2039 3079 satis

1163 3108 1416 3149 persuasum
1473 3101 1712 3151 notumque
1766 3103 1892 3138 erat:
1955 3095 2038 3137 Dio

1163 3154 1276 3195 lvu
1318 3155 1395 3197 14.
1443 3155 1497 3215 τῇ
1537 3170 1583 3199 τε
1620 3159 1743 3215 μέθῃ
1781 3156 2041 3214 κατακορὴς

1162 3215 1386 3273 ἐγίγνετο.

1253 3272 1356 3327 Gap.
1404 3273 1476 3315 38.
1540 3272 1762 3328 increpitis
1799 3272 2036 3316 iudicibus:

1163 3345 1249 3373 non
1283 3332 1490 3374 iudicium
1524 3333 1567 3372 in
1610 3332 1837 3386 provincia
1868 3331 2036 3373 consti-

1162 3398 1299 3433 tutum
1333 3391 1409 3433 sed
1432 3391 1594 3433 Romae
1613 3403 1638 3431 a
1663 3397 1864 3445 praetore
1889 3390 2033 3431 datum

1163 3451 1355 3507 intelligi
1390 3450 1577 3503 videtur,
1604 3456 1649 3491 ut
1665 3450 1876 3491 Antistius
1899 3446 2033 3489 Vetus

1163 3517 1236 3552 aut
1268 3512 1310 3552 in
1312 3487 1449 3552 5urbe
1485 3509 1746 3551 habitaverit
1778 3513 1852 3550 aut
1882 3521 1906 3549 a
1941 3506 2032 3548 Ma-

1166 3571 1378 3613 cedoniae
1410 3575 1580 3611 rectore
1605 3568 1657 3610 ad
1677 3566 1901 3609 dicendam
1926 3576 2032 3607 cau-

1165 3642 1254 3674 sam
1286 3629 1465 3672 Romam
1497 3628 1652 3669 missus
1683 3626 1752 3668 sit.
