2222 4022
213 248 430 299 XXXVIII
966 254 970 258 ’
1014 255 1282 301 PROOEMII

215 400 576 453 Corbeiensem
612 414 759 466 quem
799 404 1001 465 vocant,
1042 401 1178 452 illum
1215 407 1379 453 autem
1419 415 1539 452 mox
1576 400 1795 452 deletum
1835 414 1950 453 esse
2001 406 2052 453 et

213 492 467 557 amissum,
507 496 591 543 aut
633 491 760 542 duos
801 491 1008 542 codices
1050 493 1133 558 qui
1171 492 1370 558 priores
1408 492 1678 543 Annalium
1718 491 1879 543 libros
1920 505 2052 543 con·-

213 584 472 647 tinuerint,
516 583 770 649 quondam
809 583 860 632 in
896 581 1164 634 Germania
1205 583 1381 648 fuisse,
1420 598 1631 650 quorum
1671 583 1800 635 alter
1836 583 1888 633 in
1927 597 2054 635 coe-

214 674 370 726 nobio
412 674 648 726 Fuldensi
688 673 921 739 perierit,
974 673 1102 748 alter
1153 678 1412 739 superstes
1454 673 1606 726 fuerit
1645 673 1697 724 in
1737 673 2051 725 corbeiensi.

215 767 290 818 Eo
325 770 464 818 certe
503 771 729 831 tempore
768 779 866 831 quo
907 753 1186 816 monachus
1225 763 1487 816 Fuldensis
1530 765 1752 816 Tacitum
1788 765 2051 833 cognitum

216 857 406 921 habuit,
444 872 609 922 neque
648 856 881 922 proximo
922 856 1097 908 seculo
1125 857 1172 908 X
1210 856 1262 907 in
1287 857 1585 909 Corbeiensi
1622 857 1933 908 monasterio
1954 856 2056 907 Ta-

215 950 300 1001 citi
336 949 451 999 libri
490 948 774 999 adfuerunt.
845 947 1053 1001 Scilicet
1074 948 1430 1013 WidukinduS,
1476 949 1622 999 huius
1661 947 1900 999 coenobii
1939 961 2054 998 mo-

215 1040 406 1091 nachus
448 1039 616 1090 medio
657 1039 832 1091 seculo
866 1039 1083 1104 decimO,
1123 1045 1172 1092 et
1193 1040 1292 1091 illis
1316 1040 1627 1106 temporibus
1651 1040 1774 1091 satis
1799 1039 2066 1091 litteratus».

214 1145 379 1197 neque
418 1130 576 1181 malus
613 1130 894 1182 Latinitatis
933 1136 1126 1195 auctor,
1164 1131 1215 1181 in
1250 1131 1355 1182 suis
1395 1131 1458 1182 de
1497 1132 1650 1182 rebus
1688 1131 1847 1199 gestis
1892 1130 2054 1181 Fran-

214 1237 388 1273 corum
425 1222 584 1272 tribus
620 1221 765 1272 libris
815 1237 980 1288 neque
1013 1223 1319 1274 mentionem
1357 1223 1515 1274 Taciti
1552 1223 1727 1274 iniecit
1764 1236 1930 1288 neque
1970 1221 2054 1272 lo-

220 1313 473 1363 cutionem
523 1313 673 1363 ullam
718 1313 838 1364 inde
882 1313 1103 1364 imitatus
1152 1319 1244 1364 est.
1319 1314 1433 1364 Non
1467 1314 1632 1365 minus
1671 1314 1830 1364 Taciti
1867 1327 2054 1364 nomen

216 1403 536 1455 desideratur
586 1403 636 1453 in
690 1403 925 1471 catalogo
973 1404 1317 1470 manuscripto
1355 1405 1598 1456 librorum
1647 1405 2049 1468 Corbeiensium‚

215 1496 298 1561 qui
333 1511 467 1546 nunc
505 1495 634 1561 apud
677 1495 948 1547 Britannos
988 1496 1041 1545 in
1078 1495 1386 1547 bibliotheca
1415 1496 1703 1562 Phillippica
1719 1494 2052 1560 (Middlehill)

215 1591 508 1638 asservatur
545 1587 617 1653 (ei
658 1601 867 1638 nomen:
907 1586 1179 1652 Cataloyus
1215 1586 1460 1638 librorum
1497 1587 1550 1636 in
1588 1586 1885 1638 bibliotheca
1923 1585 2057 1638 Cor-

216 1678 407 1728 beiensi
444 1677 641 1728 insitus.
718 1677 813 1729 Hic
854 1678 1068 1729 habetur
1106 1679 1345 1730 titulatus.
1410 1679 1648 1744 Inprimis
1688 1677 1885 1729 codices
1923 1677 2058 1729 beati

217 1768 495 1835 Auyustini.
584 1769 777 1820 Deinde
830 1770 1046 1820 aliorum
1105 1770 1388 1836 doctorum)
1407 1809 1420 1834 ,
1479 1786 1627 1837 quem
1693 1784 1831 1820 nono·
1880 1768 2055 1822 seculo

218 1862 502 1913 confectum
554 1877 669 1913 esse
726 1862 948 1913 Pertzius
1004 1863 1126 1913 dicit
1178 1861 1395 1926 (Archiv
1446 1863 1536 1913 der
1587 1862 1919 1928 Gesellschast
1969 1862 2058 1928 sicr

220 1953 377 2002 cillere
415 1952 667 2002 Deutsche
709 1952 1163 2003 Geschichtskunde
1198 1959 1317 2004 tom.
1363 1954 1432 2005 IX
1470 1968 1517 2019 p.
1557 1951 1689 2019 499)
1712 1993 1726 2019 ,
1783 1968 2058 2020 possessor

222 2044 348 2108 eiuS,
392 2044 608 2095 Thomas
643 2044 879 2110 Phillips,
931 2045 983 2095 in
1022 2044 1264 2111 exemplis
1302 2045 1562 2111 impressis
1599 2044 1860 2095 undecimo
1895 2045 2060 2099 ascri-

220 2133 333 2199 psit.
408 2134 635 2186 Eundem
669 2135 966 2200 propediem
1006 2135 1206 2187 Urlichs
1251 2135 1517 2201 professor
1564 2135 2058 2202 Gryphiswaldensis

218 2225 271 2274 in
307 2226 482 2276 Museo
521 2225 764 2277 Rhenano
807 2226 1080 2293 evulgabit.

359 2317 545 2367 Verum
580 2316 632 2366 in
670 2316 906 2368 Fuldensi
945 2317 1255 2368 monasterio
1292 2331 1396 2368 non
1433 2318 1594 2368 solum
1619 2318 1762 2384 prior
1785 2318 2055 2370 Annalium

218 2422 335 2474 pars
372 2422 509 2458 nono
548 2408 723 2459 seculo
766 2408 1153 2473 asservabatur,
1207 2408 1299 2460 sed
1341 2409 1528 2460 ibidem
1568 2410 1717 2461 etiam
1755 2409 2057 2461 Germaniae

221 2499 453 2550 codicem
493 2500 673 2551 eodem
718 2505 944 2566 ternpore
983 2501 1240 2565 extitisse,
1293 2500 1461 2567 quode
1500 2502 1758 2567 copiosius
1800 2501 1965 2554 dicam
2004 2503 2057 2554 in

218 2590 535 2654 praefatione
572 2591 735 2655 quarti
773 2591 1061 2656 voluminis,
1099 2592 1402 2658 perspicitur
1437 2592 1627 2659 legenti
1657 2591 2059 2645 Translationem

220 2680 269 2732 S.
314 2679 623 2747 Alemandri,
677 2698 703 2732 a
751 2683 1005 2735 Ruodolfo
1064 2699 1109 2735 a.
1160 2683 1262 2736 863
1311 2683 1467 2735 scribi
1517 2688 1774 2750 coeptam,
1828 2685 1890 2736 ab
1948 2685 2057 2736 eius

222 2772 470 2839 discipulo
520 2773 836 2840 Meginharto
883 2779 998 2840 post
1046 2780 1259 2827 mortem
1298 2774 1530 2827 Ruodolfi
1568 2775 1865 2826 absolutam.
1940 2775 2054 2826 Vid.

221 2863 404 2916 Pertzii
439 2860 658 2917 Monum.
701 2870 733 2916 t.
771 2866 813 2918 II
850 2881 966 2934 pag.
1008 2866 1126 2918 675.
1201 2867 1372 2933 Itaque
1419 2865 1669 2918 Fuldense
1701 2866 2061 2919 monasterium

220 2956 331 3008 iure
365 2955 648 3022 meritoque
684 2971 774 3022 pro
815 2957 1132 3008 incunabulis
1170 2957 1385 3009 habetur
1426 2972 1601 3009 eorum
1642 2957 1799 3009 Taciti
1836 2957 2060 3024 scripto-

220 3063 330 3100 rum
382 3063 510 3114 quae
562 3049 613 3099 in
675 3048 815 3100 Italia
868 3048 1171 3100 delituerunt
1216 3065 1276 3100 ac
1323 3049 1520 3099 demum
1576 3065 1639 3100 ex
1682 3048 1950 3100 Germania
2004 3049 2056 3100 in

220 3138 433 3205 patriam
471 3138 760 3202 redierunt,
806 3138 922 3189 dico
958 3154 1051 3190 sex
1088 3140 1278 3205 primos
1318 3139 1587 3190 Annalium
1626 3139 1801 3203 libros,
1842 3139 2058 3191 Germa-

223 3230 392 3294 niam,
431 3229 700 3298 Dialogum
740 3229 804 3281 de
841 3229 1146 3281 oratoribus.
1223 3231 1298 3281 De
1337 3230 1554 3282 Corbeia
1593 3245 1712 3283 mox
1747 3231 2050 3284 videbimus.

363 3321 464 3370 Iam
503 3319 747 3372 tenebrae
783 3320 975 3371 densae
1012 3337 1072 3372 ac
1107 3321 1400 3386 diuturnae,
1453 3327 1688 3387 quantum
1738 3322 1939 3389 quidem
1991 3322 2054 3373 ad
2069 3324 2141 3374 2?

221 3411 441 3476 priorem
476 3417 668 3476 partem
700 3412 968 3464 Annalium
1016 3413 1206 3464 attinet.
1282 3414 1452 3480 Itaque
1495 3413 1687 3482 ingenti
1735 3413 1863 3465 saltu
1901 3428 2054 3464 acce-

227 3500 390 3551 dimus
427 3501 489 3551 ad
528 3501 720 3553 initium
763 3504 922 3555 seculi
963 3505 1120 3570 quinti
1159 3504 1358 3557 decimi.
1422 3505 1560 3556 Tunc
1597 3505 1729 3556 enim
1769 3504 1933 3555 codex
1970 3503 2055 3555 ille

226 3591 484 3643 Fuldensis
523 3592 682 3645 seculi
706 3594 827 3645 noni
854 3610 1028 3647 rursus
1053 3613 1116 3648 ex
1143 3596 1366 3650 tenebris
1389 3594 1761 3662 quodammodo
1787 3610 2052 3664 emergere
