2280 4004
222 294 257 336 a,
279 282 328 331 C.
362 286 433 331 54.
806 284 971 330 LIBER
1000 283 1111 329 xm.
1174 283 1280 330 CAP.
1318 284 1446 332 1-2.

1956 287 2047 331 10⁹

222 429 394 483 Silano
446 444 625 484 necem
679 429 851 483 molita
908 431 1122 483 ultorem
1157 430 1436 496 metuebat,
1497 429 1677 483 crebra
1719 428 1860 498 vulgi
1911 430 2043 482 fama

222 522 627 589 anteponendum
676 538 792 576 esse
837 522 1042 575 vixdum
1077 523 1340 589 pueritiam
1380 537 1594 590 egresso
1632 521 1824 575 Neroni
1862 527 1912 574 et
1946 522 2047 573 im-

219 613 413 680 perium
447 629 540 681 per
576 613 744 666 scelus
783 614 964 680 adepto
1002 614 1164 664 virum
1214 618 1378 665 aetate
1420 613 1728 680 composita,
1791 613 2044 666 insontem

220 704 466 771 nobilem,
519 710 570 757 et
619 705 754 772 quod
807 710 927 756 tunc
977 709 1323 771 spectaretur,
1390 721 1418 756 e
1474 705 1747 757 Caesarum
1790 705 2043 772 posteris:

222 796 403 863 quippe
454 800 505 848 et
542 795 743 849 Silanus
798 796 904 847 divi
949 796 1167 864 Augusti
1217 796 1442 862 abnepos
1497 801 1620 848 erat.
1716 797 1855 849 Haec
1892 804 2084 848 causas

221 888 381 939 necis.
450 887 666 940 Ministri
702 887 847 939 fuere
878 887 1078 939 Publius
1115 887 1262 939 Celer
1299 901 1455 953 eques
1490 876 1746 949 Romanus
1785 893 1836 940 et
1871 888 2045 940 Helius

220 977 447 1044 libertus,
486 978 564 1030 rei
603 977 839 1030 familiari
872 978 1118 1044 principis
1155 978 1207 1028 in
1233 977 1357 1030 Asia
1385 978 1623 1044 impositi.
1697 978 1777 1030 Ab
1806 978 1886 1030 his
1923 993 2049 1045 pro-

223 1069 419 1120 consuli
446 1084 697 1122 venenum
726 1069 859 1121 inter
897 1069 1070 1135 epulas
1110 1069 1277 1120 datum
1317 1074 1394 1121 est
1430 1069 1650 1136 apertius
1687 1085 1835 1136 quam
1869 1074 1923 1120 ut
1949 1069 2049 1122 fal-

220 1159 398 1212 lerent.
481 1161 589 1214 Nec
629 1161 792 1212 minus
845 1166 1118 1226 properato
1155 1161 1426 1212 Narcissus
1467 1160 1662 1213 Claudii
1702 1161 1940 1228 libertus,
1983 1161 2048 1214 de

222 1251 364 1302 cuius
401 1251 581 1319 iurgiis
621 1251 868 1303 adversus
906 1250 1239 1318 Agrippinam
1276 1251 1472 1317 rettuli,
1511 1267 1691 1319 aspera
1731 1253 1960 1305 custodia
1999 1257 2049 1305 et
2067 1270 2113 1308 ro

221 1342 527 1394 necessitate
568 1347 792 1395 extrema
834 1341 898 1393 ad
935 1346 1147 1393 mortem
1184 1342 1374 1408 agitur,
1411 1342 1570 1394 invito
1608 1343 1864 1410 principe,
1907 1343 2048 1395 cuius

224 1432 408 1484 abditis
445 1432 611 1484 adhuc
646 1433 784 1485 vitiis
814 1448 907 1499 per
944 1433 1207 1484 avaritiam
1254 1448 1314 1484 ac
1348 1433 1722 1502 prodigentiam
1759 1436 1887 1487 mire
1922 1449 2052 1486 con-

175 1515 458 1592 2gruebat.
533 1523 800 1590 Ibaturque
834 1524 886 1574 in
925 1523 1111 1575 caedes
1135 1562 1148 1588 ,
1211 1524 1311 1575 nisi
1345 1524 1589 1577 Afranius
1627 1525 1816 1578 Burrus
1856 1530 1904 1578 et
1939 1526 2053 1578 An-

224 1629 382 1667 naeus
397 1615 593 1668 Seneca
613 1614 814 1666 obviam
843 1614 1019 1666 issent.
1076 1615 1136 1666 Hi
1162 1620 1391 1668 rectores
1412 1615 1769 1683 imperatoriae
1793 1618 2047 1684 iuventae,

339 1747 381 1791 6.
417 1746 464 1792 Ρ.
499 1748 680 1791 celerius
713 1746 841 1791 GMa:
884 1749 1074 1791 correxit
1114 1748 1287 1803 Lipsius
1331 1762 1386 1791 ex
1426 1763 1463 1793 c.
1501 1750 1573 1794 33.
1723 1730 1860 1794 aelius
1892 1751 1983 1794 Ma:
2017 1750 2052 1796 G
2101 1731 2106 1734 Ι

221 1806 371 1850 helius.
405 1807 463 1850 cf.
496 1808 616 1851 Suet.
648 1807 749 1851 Ner.
774 1809 830 1852 23
863 1814 906 1850 et
938 1808 1020 1850 Dio
1043 1807 1100 1851 63
1136 1810 1204 1852 12.
1285 1809 1325 1851 7.
1362 1809 1599 1865 familiaris
1629 1810 1723 1853 Ma:
1757 1811 1791 1854 G
1820 1813 2049 1867 familiari.

221 1873 319 1921 post
351 1880 393 1910 v.
429 1868 615 1926 impositi
653 1868 699 1908 in
731 1866 799 1910 Ma
834 1880 958 1910 erasa
1002 1873 1068 1910 est
1099 1867 1261 1909 littera.
1349 1883 1522 1925 procos.
1557 1884 1652 1913 cum
1685 1870 1763 1913 lin.
1797 1869 1878 1913 Ma.
1982 1873 2050 1916 10.

221 1925 350 1969 retuli
380 1925 460 1970 Ma.
559 1928 628 1971 13.
661 1940 827 1970 anneus
857 1925 938 1969 Ma.
1063 1926 1131 1970 14.
1164 1927 1206 1969 Ii
1234 1925 1327 1970 Ma:
1362 1926 1396 1970 G
1426 1928 1486 1971 hi.

315 2071 466 2127 quippe
508 2075 549 2112 et
588 2068 766 2112 Silanus
797 2069 885 2111 divi
914 2068 1095 2125 Auyusti

223 2129 410 2185 abnepos
457 2136 577 2172 erat:
617 2142 660 2172 v.
700 2128 810 2170 Plin.
843 2128 893 2171 N.
926 2128 977 2170 H.
1017 2127 1093 2170 VII

1177 2068 1366 2125 Augusti
1408 2081 1547 2124 nepos
1587 2069 1685 2112 fuit.
1751 2069 1919 2113 Plinius
1953 2084 2049 2113 cum

1179 2128 1330 2170 scribit
1379 2129 1569 2171 Marcum
1624 2129 1818 2171 Silanum
1875 2142 2050 2172 veneno

227 2191 248 2231 1
258 2190 278 2231 1
294 2202 306 2230 ε
340 2190 460 2231 divus
471 2189 684 2245 Augustus
701 2189 748 2230 in
763 2189 931 2243 reliqua
949 2202 1094 2229 exem-

221 2248 389 2305 plorum
420 2249 604 2290 raritate
624 2249 761 2304 neptis
776 2261 880 2289 suae
902 2254 1096 2303 nepotem

224 2307 329 2350 vidit
372 2309 559 2363 ¹(lenitum
606 2321 685 2362 quo
735 2308 914 2349 excessit
961 2320 1092 2360 anno,

229 2366 430 2409 Marcum
460 2367 653 2410 Silanum
663 2381 679 2419 ,·
722 2368 794 2420 qui
824 2380 918 2408 cum
945 2365 1096 2408 Asiam

226 2425 433 2468 obtineret
463 2433 555 2482 yost
586 2425 868 2478 consulatum,
908 2426 1095 2468 Neronis

222 2486 434 2542 principis
476 2487 764 2538 successione,
802 2498 964 2527 veneno
1006 2486 1096 2527 eius

225 2546 501 2602 interemptus
533 2551 607 2587 est.
661 2543 900 2586 Consulatu
920 2545 1095 2586 functus

228 2610 320 2645 erat
365 2617 405 2647 a.
449 2604 559 2657 7993
617 2616 660 2646 v.
707 2604 760 2646 ad
799 2603 857 2646 XI
907 2606 944 2647 1.
1007 2604 1095 2658 Ipsi

227 2663 439 2720 fratrique
470 2663 606 2705 Lucio
639 2663 789 2707 Silano
821 2663 1094 2720 Agrippinae

229 2717 392 2764 artibus
425 2735 580 2765 everso
625 2721 725 2778 (XII
753 2725 783 2766 4
815 2728 858 2765 et
887 2722 939 2780 8)
973 2729 1097 2777 pater

227 2782 310 2824 fuit
341 2783 508 2837 Appius
541 2783 691 2825 lunius
723 2782 912 2834 Silanus,
942 2782 1095 2825 consul

229 2854 268 2884 a.
303 2841 385 2884 781
422 2845 488 2897 (V.
520 2841 579 2883 IV
616 2841 720 2898 68),
755 2840 936 2883 Claudio
969 2854 1097 2883 socer

230 2907 274 2942 et
305 2902 486 2942 vitricus
503 2900 779 2952 Messalinae,
805 2912 932 2942 socer
955 2900 1096 2942 desti..

230 2966 355 3001 natus
392 2958 600 3002 Octaviae
632 2959 749 3001 filiae
783 2958 984 3012 Claudii,
1018 2959 1096 3002 sed

231 3019 283 3060 ab
317 3018 401 3060 hoc
443 3020 611 3061 incerto
655 3019 836 3060 crimine
875 3018 1095 3060 sublatus:

233 3078 412 3120 Sueton.
449 3076 599 3120 Claud.
635 3077 692 3121 29
723 3083 766 3119 et
796 3079 869 3121 37.
923 3079 1097 3120 Seneca

231 3137 471 3189 Apocoloc.
508 3139 576 3179 11.
608 3136 692 3178 Dio
724 3136 796 3178 LX
821 3137 889 3179 14.
934 3137 974 3178 ls
1001 3138 1096 3191 Ap-

234 3196 328 3247 pius
347 3195 520 3236 Silanus
539 3197 744 3237 extremis
760 3196 947 3252 Augusti
971 3198 1096 3237 annis

234 3253 365 3294 liliam
418 3254 630 3308 quandam
681 3254 816 3296 Lucio
871 3254 1006 3296 Paulo
1055 3260 1099 3296 et

232 3311 341 3353 Iulia
375 3314 443 3366 (v.
467 3313 644 3354 Sueton.
666 3313 780 3369 Aug.
803 3313 883 3370 64)
909 3314 1098 3369 Augusti

233 3377 363 3425 nepte
395 3372 612 3427 genitam,
654 3371 841 3413 fortasse
872 3371 1099 3414 Aemiliam

235 3430 438 3486 Lepidam
481 3433 548 3485 (v.
583 3431 762 3472 Sueton.
808 3429 959 3472 Claud.
999 3430 1098 3487 26),

232 3490 506 3531 matrimonio
549 3489 630 3530 sibi
675 3490 870 3531 iunxisse
915 3494 958 3530 et
997 3488 1099 3530 inde

233 3548 411 3590 Lucium
445 3555 488 3591 et
515 3548 702 3590 Marcum
726 3548 897 3591 Silanos
929 3547 1100 3589 videtur

234 3618 501 3661 procreasse.
545 3607 648 3649 'l'um
679 3609 792 3649 enim
817 3608 983 3649 Marcus
1004 3607 1099 3649 Au-

236 3669 351 3725 gusti
398 3668 592 3724 abnepos
647 3674 690 3710 et
752 3667 892 3711 Iuliae
954 3668 1100 3722 neptis

1177 2187 1363 2229 Neronis
1397 2189 1590 2231 occisum
1625 2202 1745 2241 esse,
1791 2201 1879 2230 non
1912 2203 2049 2232 accu-

1177 2253 1271 2289 rate
1292 2247 1486 2303 loquitur
1505 2261 1555 2290 ac
1579 2247 1741 2290 Neroni
1763 2248 1913 2290 tribuit
1937 2262 2049 2305 quae

1178 2306 1257 2348 sub
1292 2308 1388 2349 eius
1419 2308 1666 2363 principatu
1697 2321 1723 2349 a
1753 2309 1845 2350 suis
1877 2315 2046 2363 patrata

1179 2371 1293 2408 sunt.

1263 2438 1472 2467 venenum
1497 2450 1554 2458 -
1573 2425 1716 2467 datum
1749 2434 1832 2469 est:
1865 2427 1948 2470 Dio
1977 2441 2046 2483 ap.

1180 2484 1346 2539 Xiphil.
1380 2485 1472 2527 LXI
1507 2484 1549 2528 6.
1601 2484 1666 2527 De
1699 2485 1827 2528 Helio
1861 2487 1918 2528 cf.
1952 2486 2045 2530 Ind.

1179 2543 1281 2586 hist.
1316 2550 1360 2585 et
1390 2545 1588 2587 Prooem.
1623 2558 1660 2586 c.
1700 2547 1767 2590 12.
1876 2546 2047 2588 rettuli.-

1178 2616 1222 2644 v.
1262 2602 1338 2645 XII
1385 2605 1440 2647 57
1490 2609 1533 2646 et
1578 2603 1650 2646 65.
1773 2604 1831 2646 ad
1872 2613 2050 2648 mortem

1179 2663 1351 2719 aqiturx
1386 2663 1431 2706 cf
1462 2663 1546 2705 Dio
1578 2662 1651 2704 Lx
1678 2663 1751 2706 34.

1269 2721 1374 2777 Cap.
1407 2724 1450 2766 2.
1513 2722 1680 2764 obviam
1709 2724 1860 2765 issent:
1904 2724 2049 2766 sciens

1179 2781 1424 2837 volensque
1475 2782 1629 2824 eodem
1677 2782 1814 2824 verbo
1858 2785 2046 2838 repetito

1181 2841 1293 2883 haec
1333 2842 1508 2895 scripsit
1553 2847 1652 2895 post
1685 2854 1736 2883 ea
1776 2855 1887 2897 quae
1921 2843 2047 2885 modo

1181 2900 1290 2942 dixit
1325 2900 1549 2955 ibaturque
1590 2902 1637 2942 in
1673 2901 1839 2942 caedes.
1901 2901 2049 2944 'l'heo-

1182 2959 1328 3001 disce:
1370 2960 1460 3001 und
1500 2973 1546 3001 so
1589 2973 1684 3001 war
1713 2974 1816 3002 man
1848 2963 1934 3017 auf
1958 2964 2051 3003 clem

1192 3019 1314 3074 Weqe
1363 3033 1415 3061 zu
1464 3019 1668 3072 morden,
1725 3025 1874 3061 waren
1930 3021 2050 3063 nicht

1180 3077 1394 3132 Afranius
1424 3079 1588 3120 Burrus
1617 3078 1708 3119 und
1736 3078 1942 3120 Annaeus
1966 3081 2050 3121 Se-

1180 3150 1291 3178 neca
1307 3139 1354 3178 in
1374 3137 1456 3178 den
1494 3138 1586 3192 Weq
1610 3143 1816 3191 yetreten.
1852 3137 1946 3178 XIII
1970 3140 2048 3180 11:

1182 3209 1276 3236 cum
1317 3197 1364 3236 in
1409 3202 1510 3236 acta
1560 3196 1805 3250 principum
1850 3196 2048 3238 iurarent

1181 3255 1478 3308 maqistratus,
1524 3253 1572 3293 in
1602 3267 1681 3294 sua
1710 3261 1812 3295 acta
1843 3254 2051 3311 collegam

1182 3313 1412 3354 Antistium
1429 3313 1579 3353 iurare
1593 3311 1823 3367 prohibuit.
1858 3313 1909 3355 H.
1929 3313 1946 3355 1
1970 3314 2047 3357 16:

1184 3371 1299 3412 Nero
1332 3385 1361 3412 a
1387 3372 1566 3427 pessimo
1600 3384 1758 3426 quoque
1783 3386 1947 3427 semper
1971 3373 2049 3414 de-

1183 3430 1467 3471 siderabitur:
1501 3429 1605 3470 mihi
1635 3444 1689 3471 ac
1721 3431 1795 3472 tibi
1814 3432 2049 3487 providen-

1185 3489 1282 3530 dum
1322 3495 1405 3542 est,
1444 3501 1497 3529 ne
1541 3489 1669 3530 etiam
1708 3503 1736 3529 a
1775 3490 1893 3530 bonis
1932 3491 2049 3532 desi-

1185 3548 1369 3590 deretur.
1432 3547 1513 3591 29:
1555 3548 1736 3603 affertur
1773 3563 1919 3590 rumor
1949 3552 2050 3606 rapi

1183 3608 1229 3648 in
1255 3614 1400 3649 castra
1417 3607 1626 3649 incertum
1647 3620 1767 3662 quem
1790 3615 2049 3663 senatorem,

1182 3679 1281 3710 mox
1320 3666 1526 3709 Othonem
1563 3681 1652 3710 esse
1691 3667 1762 3723 qui
1804 3675 2046 3728 raperetur.
