2280 4004
236 298 342 344 a‘C.
374 299 446 346 62.

162 480 169 487 ,‚
237 443 457 498 medium
486 441 586 494 diei
620 441 784 492 nudus
823 440 1151 493 exercitando
1183 438 1403 506 corpori.

849 297 1012 342 LIBER
1042 296 1158 341 XIV.
1222 294 1328 338 GAP.
1363 293 1552 339 58-59.

1970 290 2063 338 233

1477 436 1647 488 Talem
1681 449 1809 488 eum.
1829 431 2062 489 centurio

237 533 524 598 trucidavit,
568 548 738 585 coram
774 532 1028 599 Pelagone
1065 530 1309 597 spadone,
1350 543 1496 595 quem
1521 529 1658 581 Nero
1694 526 1978 579 centurioni
2016 530 2066 579 et

225 625 521 691 manipulo,
562 624 704 691 quasi
745 623 1043 676 satellitibus
1079 622 1362 673 ministrum
1397 621 1622 688 regium,
1679 620 2059 685 praeposuerat.

239 715 398 782 Caput
433 715 684 767 interfecti
720 715 958 779 relatum3
1014 714 1155 765 cuius
1193 718 1402 779 aspectu
1457 713 1594 779 (ipsa
1630 710 1872 778 principis
1907 708 2066 762 verba

238 806 485 873 referam)
515 804 656 871 ‘cur‘,
698 805 887 873 inquit,

921 804 1079 857 ‘Nero
1119 817 1150 853 at<
1190 818 1220 853 νε
1258 802 1332 854 *ἲ

1402 803 1464 854 Et
1491 802 1658 870 posito
1695 806 1829 853 metu
1866 801 2104 868 nuptiass

240 899 539 965 Poppaeae,
604 898 669 948 ob
731 897 979 949 eiusmodi
1038 901 1263 947 terrores
1328 894 1525 960 dilatas,
1589 898 1842 945 maturare
1902 897 2063 959 parat,

215 976 608 1055 ‘Octaviamque
664 989 931 1057 coniugem
992 987 1220 1051 amoliri,
1293 985 1519 1052 quamvis
1579 984 1810 1036 modeste
1868 988 2062 1051 ageret,

240 1081 447 1136 nomine
504 1080 662 1146 patris
714 1085 764 1130 et
817 1079 997 1131 studiis
1050 1077 1221 1144 populi
1269 1090 1498 1144 gravem.

1584 1075 1683 1129 Sed
1736 1075 1799 1126 ad
1837 1079 2066 1126 senatum

238 1172 431 1223 litteras
461 1171 596 1221 misit
625 1171 690 1222 de
729 1171 888 1222 caede
914 1169 1082 1223 Sullae
1107 1168 1363 1234 Plautique
1397 1166 1529 1219 haud
1569 1167 1854 1232 confeSSUS,
1891 1181 2067 1218 verum

240 1262 499 1328 utriusque
536 1260 787 1311 turbidum
823 1260 1080 1327 ingenium
1120 1273 1269 1323 esse,
1327 1263 1376 1310 et
1423 1257 1521 1309 sibi
1560 1257 1954 1309 incolumitatem
1990 1257 2066 1310 rei
2085 1267 2136 1313 ω’

242 1352 474 1421 publicae
510 1367 691 1419 magna
730 1366 850 1402 cura
899 1350 1093 1401 haberi.

1169 1351 1419 1401 Decretae
1453 1363 1514 1400 eo
1566 1348 1772 1400 nomine
1808 1347 2067 1414 supplica-

242 1445 426 1508 tioneS,
463 1448 616 1509 utque
653 1442 788 1496 Sulla
825 1446 874 1492 et
909 1442 1107 1493 Plautus
1143 1446 1322 1492 senatu
1358 1443 1701 1505 moverentur,
1741 1439 2065 1511 gravioribus

243 1539 412 1588 tamen
447 1534 681 1587 ludibriis
720 1548 868 1601 quam
906 1533 1067 1586 malis.

363 1707 406 1746 4.
443 1701 581 1757 capud
611 1701 690 1743 Ma.

247 1762 436 1804 correxit
467 1760 746 1804 Puteolanus.

245 1821 288 1869 6.
321 1835 513 1878 poppeac
545 1819 625 1864 Ma.

248 1879 523 1927 emendatum
555 1880 602 1921 in
640 1879 687 1924 G.

814 1715 888 1758 asp
895 1702 989 1744 ecti‘i
1020 1700 1100 1743 Ma.

254 2023 442 2072 σώνιος.
516 2021 618 2065 Post
659 2022 801 2066 Plauti
847 2024 1024 2066 caedem
1068 2037 1121 2065 ex

251 2084 359 2126 Asia
385 2095 587 2124 reversus
612 2088 703 2124 erat
728 2083 807 2124 sub
833 2083 959 2124 finem
992 2083 1119 2124 huius

251 2143 353 2185 anni
387 2142 458 2194 62,
493 2155 590 2183 cum
612 2141 785 2185 Persius
819 2144 915 2197 pius
937 2141 1119 2184 Cornuti

252 2201 491 2255 discipulus
556 2201 650 2243 VIII
710 2201 799 2243 kal.
853 2202 1120 2244 Decembres

251 2263 343 2304 vita
365 2261 571 2303 excessit.
624 2262 823 2304 Suetonii
856 2263 944 2302 vita
963 2262 1116 2304 Persii.

253 2319 422 2362 Laudes
452 2321 547 2362 eius
579 2321 693 2375 apud
724 2320 917 2362 Persium
953 2321 1039 2362 Sat.
1066 2321 1115 2361 V.

253 2379 303 2422 ln
343 2380 450 2421 urbe
483 2380 607 2433 Lepti
642 2382 846 2436 (magna)
890 2379 943 2421 ad
992 2382 1121 2421 maris

252 2439 391 2481 Africi
425 2439 528 2480 litus
560 2441 702 2492 posita
735 2442 801 2494 (v.
828 2438 981 2481 Strabo
1004 2439 1125 2480 XVII

254 2499 283 2541 3
319 2497 387 2549 18,
421 2498 534 2542 Mela
566 2496 584 2537 Ι
616 2499 657 2551 7,
691 2497 801 2539 Plin.
835 2498 886 2541 N.
921 2498 972 2538 H.
1011 2499 1047 2539 V
1076 2502 1118 2550 4,

253 2556 388 2598 Tacit.
422 2557 474 2598 H.
507 2556 568 2597 IV
603 2558 683 2614 50)
718 2556 871 2599 Graeci
901 2569 1045 2599 mores
1079 2563 1122 2599 et

256 2615 422 2658 Graeca
453 2615 672 2669 facundia,
707 2622 750 2657 et
774 2615 938 2658 Graeca
969 2616 1122 2672 lingua

255 2675 404 2729 scripti
449 2681 572 2718 erant
615 2673 795 2717 Cornuti
844 2675 969 2729 libri3
1020 2675 1121 2717 inde

259 2734 418 2776 Graeci
451 2734 622 2789 yeneris
667 2741 864 2777 vocatur.
927 2735 993 2777 De
1025 2735 1122 2777 Mu-

256 2795 383 2836 sonio
405 2806 430 2834 a
447 2792 621 2835 Nerone
651 2793 793 2849 pulso,
815 2799 914 2848 post
937 2800 1122 2836 mortem

259 2853 354 2894 eius
373 2858 580 2894 revocato
608 2852 664 2895 cf.
682 2854 760 2894 XV
782 2855 852 2895 71.
900 2853 950 2895 Η.
971 2853 1027 2895 111
1048 2855 1120 2905 81,

260 2911 320 2953 lv
357 2911 410 2954 10
441 2917 485 2952 et
516 2911 588 2955 40.
651 2911 762 2954 Plin.
783 2911 922 2965 Epist.
955 2912 1016 2953 llI
1053 2914 1120 2955 11.

260 2969 547 3011 Philostratus
581 2969 656 3012 vit.
690 2970 838 3024 Apoll.
881 2970 958 3012 Vll
995 2972 1063 3015 16.

352 3043 471 3084 quem
494 3028 609 3071 Nero
625 3053 682 3062 —·
696 3037 1032 3086 praeposuerat:
1065 3030 1121 3071 cf.

262 3094 409 3130 annot.
435 3088 487 3130 ad
513 3087 608 3129 XIII
641 3089 712 3132 21.
778 3088 1025 3145 Mam'qvulus
1050 3090 1124 3145 qui

260 3150 404 3190 statim
446 3146 608 3189 dicitur
652 3148 798 3202 potius
832 3150 1028 3190 centuria
1058 3154 1126 3190 est

263 3207 345 3262 (60
373 3204 560 3263 milites)
587 3219 714 3262 quam
741 3207 982 3264 manipulus
1015 3209 1126 3262 (120

262 3264 464 3322 milites).

346 3323 463 3376 ‘cur,
496 3323 632 3379 inquit
665 3325 795 3377 Nero,
834 3342 858 3368 α
893 3339 916 3367 ⁴-
953 3323 1013 3368 ἐς
1047 3338 1127 3365 ex-

265 3383 370 3424 cidit
387 3382 571 3424 Neronis
595 3382 839 3424 exhortatio
867 3395 964 3425 sese
988 3385 1125 3437 ipsum

265 3442 556 3495 stimulantis,
600 3455 656 3483 ne
693 3443 923 3498 quidquam
957 3445 1129 3484 timeret

264 3507 338 3544 aut
369 3502 493 3556 pensi
527 3501 723 3555 haberet,
758 3503 886 3543 immo
920 3500 1129 3558 quidquid

265 3562 502 3612 videretur,
538 3568 737 3615 prompto
764 3561 906 3602 animo
930 3561 1123 3603 auderet.

265 3619 435 3662 'l'acitus
481 3620 687 3661 continuo
741 3629 915 3661 narrare
967 3620 1124 3675 pergit,

269 3689 379 3736 quae
401 3677 503 3722 huic
523 3678 814 3723 adhortationi
841 3677 1133 3723 conveniunt.v

868 1761 1016 1816 inquid
1056 1760 1135 1803 Ma.

719 1822 759 1864 7.
795 1822 1007 1864 octaviam
1040 1834 1146 1876 quae
1177 1819 1258 1865 Ma.

1224 1702 1265 1744 5.
1299 1699 1542 1757 referebam
1571 1698 1662 1755 Ma,
1696 1700 1944 1758 referebant
1971 1700 2070 1744 BG:

1260 1767 1299 1802 et
1323 1760 1460 1817 posito
1493 1757 1584 1801 Ma:
1633 1760 1707 1802 alii
1751 1760 1825 1819 (G)
1868 1761 2070 1816 deposito.

1356 1821 1424 1866 10.
1458 1820 1583 1878 reip.
1617 1819 1697 1866 Ma.
1797 1821 1865 1867 13.
1897 1821 1943 1865 tct
1974 1819 2071 1865 Ma:

1211 2023 1266 2065 Et
1287 2023 1330 2064 in
1355 2022 1573 2078 principio
1603 2022 1851 2064 sententiae
1884 2023 2074 2077 positum

1206 2083 1300 2124 fere
1351 2083 1464 2123 idem
1512 2082 1635 2124 valet
1686 2086 1817 2137 atque
1862 2089 1901 2124 ct
1950 2096 2070 2128 sane.

1207 2141 1411 2183 Ceterum
1445 2141 1517 2183 hic
1548 2141 1672 2183 locus
1701 2141 1806 2183 olim
1840 2141 1892 2183 ab
1928 2142 2072 2183 edito..

1205 2202 1323 2242 ribus
1345 2200 1458 2243 male
1490 2201 1665 2242 habitus
1691 2207 1786 2254 est3
1820 2200 1924 2256 lege
1948 2208 2072 2244 notas

1205 2261 1395 2302 Ernestii
1432 2266 1475 2301 et
1513 2259 1744 2302 Waltheri.
1817 2259 1963 2301 Alium
1997 2275 2074 2303 ru..

1205 2333 1368 2361 morem
1406 2319 1490 2361 Dio
1537 2319 1648 2360 LXII
1697 2321 1751 2361 14
1791 2319 1950 2360 tradit:
1994 2317 2076 2366 τὸν

1206 2383 1327 2437 γοῦν
1344 2381 1569 2423 Πλαῦτον
1599 2378 1892 2431 ἀποκτείνας,
1913 2381 1993 2423 ἕπε
1983 2397 2073 2425 ·ιτα

1207 2438 1287 2492 τὴν
1315 2434 1522 2496 κεφαλὴν
1559 2437 1702 2482 αὐτοῦ
1733 2445 2073 2497 προσενεχθεῖ-

1209 2498 1299 2542 miv
1347 2500 1395 2542 οἱ
1436 2497 1579 2551 ἰδών,
1627 2496 1720 2542 Οὔκ
1762 2497 1914 2557 ᾔδειν,
1968 2501 2074 2558 ἔφη,

1206 2556 1277 2601 ὅτι
1316 2559 1526 2613 μεγάλην
1608 2564 1686 2602 ἵνα
1741 2558 1878 2614 εἶχεν.
1961 2559 2072 2601 Ηίηο

1205 2617 1555 2671 supplementum
1572 2575 1970 2673 ssezzenbergerif
1958 2617 2075 2659 ‘cre-

1207 2677 1356 2717 debam
1381 2675 1572 2730 curtum’,
1604 2677 1757 2731 inquit,
1787 2675 1937 2720 εηαεο’.
1992 2677 2077 2720 Sed

1205 2737 1270 2777 sic
1312 2747 1401 2776 non
1443 2741 1543 2790 apte
1586 2737 1807 2791 pergitur:
1858 2744 1898 2777 et
1937 2739 2075 2793 posito

1205 2802 1317 2837 metu
1362 2796 1534 2851 nuptias
1572 2794 1818 2850 Poppaeae,
1863 2796 1912 2837 ob
1956 2798 2071 2838 eius-

1209 2855 1322 2895 modi
1366 2860 1552 2895 terrores
1599 2854 1787 2908 dilatas,
1854 2862 2075 2898 maturare

1204 2915 1394 2969 festinat.

1295 2972 1344 3014 ob
1369 2971 1573 3014 eiusmodi
1598 2978 1809 3015 terrores.-
1844 2972 1953 3015 haec
1986 2986 2071 3015 non

1208 3033 1302 3074 sine
1332 3032 1475 3073 ironia
1506 3032 1669 3086 scripta
1696 3038 1797 3073 sunt
1829 3032 1882 3074 ad
1916 3039 2074 3074 nolan-

1209 3091 1304 3132 dam
1339 3090 1510 3132 foedam
1543 3090 1729 3132 Neronis
1782 3091 2073 3134 timiditatem.

1211 3150 1390 3193 Scilicet
1424 3161 1691 3205 magnopere
1741 3150 1919 3191 timendi
1955 3156 2077 3192 erant

1211 3208 1295 3249 duo
1337 3207 1536 3248 homines
1584 3209 1627 3248 in
1677 3208 1810 3249 exilio
1858 3210 1952 3250 sinc
1986 3209 2076 3253 ulla

1211 3273 1420 3308 novarum
1471 3277 1612 3307 rerum
1661 3268 1932 3322 cogitatione
1978 3281 2076 3310 mo-

1213 3327 1336 3368 deste
1379 3323 1612 3382 agentes,'
1642 3325 1695 3367 ad
1752 3326 2074 3382 philosophiam

1214 3385 1532 3427 incumbentes.

1273 3444 1552 3500 'qravioribus
1576 3450 1717 3485 tamen
1737 3441 1931 3485 ludibriis
1951 3457 2076 3499 quam

1215 3504 1367 3545 malis:
1410 3502 1453 3544 h.
1490 3516 1527 3544 e.
1566 3507 1612 3542 ut
1647 3501 1756 3543 haec
1786 3503 1925 3558 magis
1958 3503 2075 3546 ludi..

1211 3565 1303 3605 bria
1325 3567 1470 3603 essent
1504 3567 1546 3602 et
1578 3560 1788 3603 hactenus
1812 3564 1939 3604 etiam
1972 3576 2075 3619 gra-

1214 3622 1296 3673 via,
1321 3631 1448 3677 quam
1480 3619 1604 3662 malis
1628 3619 1841 3673 poenisve
1873 3619 2072 3665 homines

1212 3684 1458 3739 premerent
1490 3678 1631 3736 iisque
1664 3684 1913 3726 nocerent„
1956 3711 1960 3714 »
