2280 4004
188 315 218 349 a
230 312 234 315 ·
247 301 307 347 G.
335 305 405 350 14.
445 326 461 330 νὴ

814 301 978 347 LIBER
1007 302 1041 347 1.
1104 300 1213 349 Okr-
1244 300 1438 348 44—47.
1969 303 2036 349 51-

132 465 135 468 ⁴
203 445 430 498 duorum·
469 445 870 499 adulescentium
918 445 1143 498 nondum
1203 444 1373 497 adulta
1424 443 1725 497 auctoritate
1767 444 2030 510 'comprimi

144 1751 155 1890 i

207 1912 292 1959 aut
325 1907 492 1958 Druso
529 1920 684 1972 posse
721 1920 750 1956 a
792 1920 849 1956 se
887 1903 1110 1971 mitigari
1144 1902 1227 1954 vel
1266 1902 1506 1969 infringit
1567 1903 1701 1969 quod
1739 1903 1874 1955 aliud
1912 1905 2038 1955 sub-

204 542 372 604 queat.

445 538 527 590 Ire
567 538 727 604 ipsum
767 543 817 590 et
854 552 1112 605 opponere
1156 536 1470 588 maiestatem
1516 534 1896 601 imperatoriam
1936 536 2032 588 de-

202 629 376 682 buisse
413 630 669 694 cessum,
718 631 805 681 ubi
840 630 1118 696 prinoipem
1165 629 1322 696 longa
1367 626 1678 694 experientia
1715 626 2031 693 eundemque

201 720 491 773 severitatis
530 725 579 772 et
616 720 988 773 munificentiae
1020 735 1265 772 summum
1301 719 1564 772 vidissent.

203 811 340 863 fessa
367 816 532 863 aetate
555 812 750 863 ¹totiens
778 813 831 862 in
858 811 1156 864 Germanias
1184 825 1471 862 commeare
1495 809 1747 876 potuisse:
1776 809 2027 862 Tiberium
2045 825 2071 863 s

201 901 461 969 vigentem
501 902 647 954 annis
692 903 876 955 sedere
914 903 965 954 in
1002 906 1207 967 senatu,
1245 901 1402 954 verba
1439 905 1635 967 patrum
1672 900 2030 952 cavillantem?
2094 905 2253 965 g·

204 993 697 1059 Satis‘prospectum
732 993 958 1045 urbanae
995 992 1254 1045 servituti:
1317 993 1615 1044 militaribus
1664 992 1844 1043 animis
1879 968 2198 1044 adm-*³1³³*
2230 999 2270 1007 ²*

119 1083 372 1137 &banda
414 1084 664 1149 fomenta,
716 1089 769 1134 ut
806 1084 941 1136 serre
988 1099 1167 1149 pacem
1206 1082 1378 1133 veli-nt.

1636 717 1720 771 An
1747 717 2030 786 Augustum

1487 1083 1749 1133 Immotum
1787 1082 2033 1135 adversus

203 1189 296 1226 eos
320 1189 584 1227 sermones
621 1175 872 1240 fixumque
895 1174 1097 1226 Tiberio
1139 1172 1232 1225 suit
1266 1171 1630 1243 nonomittere
1672 1177 1820 1237 caput
1842 1187 2030 1237 rerum,

202 1280 369 1333 nequ-e
408 1282 466 1319 se
503 1281 712 1332 remque
746 1265 999 1332 publicam
1050 1265 1103 1315 in
1141 1279 1315 1314 casum
1350 1243 1502 1314 dare.
1574 1260 1726 1314 Multa
1764 1262 1946 1330 quippe
1983 1265 2100 1321 etio

204 1358 407 1410 diversa
442 1358 724 1425 angebant,
764 1356 986 1408 validior
1020 1371 1113 1421 per
1146 1354 1466 1407 Germaniam
1505 1354 1786 1419 exercitus,
1825 1356 2035 1421 propior

203 1449 335 1517 apud
370 1450 679 1501 Pannoniam
700 1466 714 1512 3
767 1448 852 1500 ille
893 1447 1168 1499 Galliarum
1205 1446 1388 1513 opi-bus
1419 1446 1696 1511 subnix11S‚
1734 1447 1820 1497 hic
1859 1447 2035 1499 ltaliae

203 1540 495 1598 imminens:
535 1554 663 1606 quos
694 1540 850 1606 igitur
875 1537 1188 1590 anteferret?
1240 1551 1299 1587 ac
1329 1551 1394 1588 ne
1421 1537 1690 1602 postpositi
1725 1537 2034 1589 contumelia

203 1631 614 1684 incenderentur.
686 1631 754 1682 At
798 1644 890 1696 per
932 1629 1063 1680 filios
1113 1627 1511 1703 pariteruadirss
1572 1628 1834 1680 maiestate
1871 1626 2032 1695 salva,
2091 1671 2223 1701 ‚2

147 1712 150 1723 ¹
207 1724 288 1775 cui
328 1724 492 1774 maior
527 1738 556 1774 e
593 1722 875 1789 longinquo
912 1721 1218 1772 reverentia.

205 1819 431 1868 cusatum
472 1814 718 1881 quaedam
757 1813 821 1864 ad
848 1817 1040 1879 patrem
1064 1812 1279 1876 reicere,
1319 1808 1704 1878 resistentisque
1729 1810 2034 1864 Germanico

207 1997 424 2063 sidium,
470 1997 514 2048 si
551 1997 908 2063 imperatorem
945 1993 1300 2061 sprevissent?
1340 1993 1574 2044 Ceterum
1614 1998 1667 2043 ut
1701 1991 1799 2044 iam
1838 1993 2037 2060 iamque

206 2089 384 2154 ituruS,
422 2087 549 2155 legit
574 2072 803 2151 comites,
834 2085 1139 2152 conquisivit
1159 2084 1533 2150 impedimenta,
1556 2084 1830 2158 adornavit
1853 2099 2037 2136 naves:

206 2194 326 2232 mox
377 2179 595 2230 hiemem
650 2182 734 2229 aut
783 2178 990 2244 negotia
1042 2176 1186 2227 varie
1241 2179 1477 2226 causatus
1527 2174 1688 2241 primo
1741 2175 2033 2242 prudenteS‚
2051 2194 2100 2231 20

208 2271 325 2322 dein
361 2269 596 2337 vulgum,
645 2268 928 2325 diutissime
963 2267 1257 2334 provincias
1293 2266 1487 2318 fefellit.

325 2385 364 2426 1.
408 2389 576 2424 tuorum
613 2381 668 2423 Μ.
762 2383 804 2425 2.
848 2381 944 2422 irae
976 2380 1030 2423 Μ.

1156 2379 1392 2434 imperator
1429 2378 1518 2418 iam
1547 2375 1603 2420 M.
1698 2377 1740 2420 5.
1785 2378 1947 2419 tociens
1978 2377 2033 2421 M.

209 2443 250 2486 7.
282 2442 449 2484 urbane
480 2442 535 2483 Μ.
607 2440 650 2483 8.
684 2441 788 2482 inm.
822 2440 876 2482 M.
941 2440 1148 2481 aduersos
1180 2438 1234 2480 M.
1301 2438 1369 2480 10.
1402 2438 1619 2478 incassum
1635 2436 1689 2478 M.
1757 2438 1824 2480 12.
1860 2444 1962 2492 aput
1977 2438 2034 2479 M.

207 2501 427 2544 subnixius
455 2500 510 2542 M.

208 2562 280 2606 21.
315 2560 576 2603 diutissimae
607 2558 663 2601 M.

209 2661 361 2704 scribit
393 2660 640 2715 carnificem
677 2665 717 2702 et
755 2657 951 2715 laqueum
977 2657 1078 2716 pri-

209 2721 302 2773 dem
333 2720 510 2763 abolita.

303 2821 439 2863 neque
501 2806 681 2849 duorum
745 2804 1080 2848 adulescentium

208 2867 396 2909 nondum
441 2866 591 2908 adulta
637 2866 918 2907 auctoritate.-
969 2877 1079 2906 con-

210 2926 324 2966 sulto
363 2925 706 2979 reprehensores
748 2926 924 2965 nomina
966 2923 1079 2964 aclu-

210 2985 455 3027 lescentium
488 2990 530 3025 et
560 2983 747 3024 nondum
776 2983 925 3024 adulta
957 2995 1080 3024 com-

212 3050 392 3097 ponunt,
419 3047 758 3100 παρονομασίςι
782 3048 1079 3096 contem-ptum

212 3102 420 3145 adversus
455 3103 640 3144 iuvenes
672 3101 860 3144 Drusum
894 3108 938 3142 et
971 3100 1081 3143 Ger-

211 3163 424 3204 manicum
457 3160 715 3202 indicantes.
834 3174 892 3202 an
930 3160 1082 3215 Augu-

212 3227 319 3261 stum
338 3246 393 3253 —
408 3234 644 3262 commeare
658 3221 842 3275 potuisse
855 3234 868 3259 :
903 3219 1081 3261 Sueten.

213 3279 329 3334 Aug.
364 3280 435 3322 20.
474 3279 559 3320 Dio
590 3278 684 3319 LIV
717 3280 788 3331 20,
822 3277 895 3319 LV
928 3278 970 3320 6.

306 3362 410 3417 Cap.
443 3363 516 3406 47.
577 3365 1082 3418 immotum-efioeumquc

222 3422 385 3465 Tiberio
413 3424 521 3477 reaia.-
558 3422 751 3476 Lipsium
784 3423 976 3463 immotus
1007 3435 1082 3463 re-

217 3481 345 3523 scribi
368 3483 710 3535 praecipientem
732 3480 956 3535 redarguit
973 3479 1083 3521 Gro-

218 3540 375 3582 nov-ius
409 3540 569 3582 collato
589 3538 763 3594 Virgilii
796 3539 906 3580 Aen.
925 3538 982 3579 1v
1006 3539 1084 3579 15:

219 3600 257 3640 sn·
281 3599 384 3640 mihi
414 3613 499 3639 non
520 3600 663 3641 αηίηιο
684 3599 817 3651 fimum
845 3600 1084 3638 immotum-

222 3651 298 3711 oue
322 3658 499 3700 sederet.
549 3657 674 3699 conf.
698 3656 774 3698 XV
802 3657 851 3698 5:
894 3655 1087 3712 Vologesi

223 3723 337 3759 velus
372 3724 410 3759 et
437 3718 607 3775 penitus
636 3717 811 3772 infixum
844 3722 951 3758 erat.

601 2501 670 2542 14.
702 2500 1032 2542 intenderentur
1065 2497 1128 2539 M:
1164 2498 1356 2538 correxit
1386 2495 1644 2539 Beroaldus.

1736 2497 1802 2538 17.
1837 2496 1948 2538 alius
1978 2497 2034 2539 M.

1256 2668 1311 2699 ac
1337 2667 1392 2698 ne
1419 2655 1643 2714 postpositi
1672 2655 1932 2698 contumelia
1961 2657 2037 2698 in-

1165 2716 1476 2758 cenderentur.-
1554 2729 1608 2758 ex
1671 2715 2036 2757 anteced-entibus

1164 2775 1318 2832 (multa
1344 2775 1651 2831 -anyebano
1688 2774 1797 2816 haec
1830 2776 1890 2816 ita
1922 2788 2035 2829 pen..

1164 2835 1282 2887 dent,
1313 2841 1361 2875 ut
1381 2836 1504 2875 notio
1537 2835 1660 2876 verbi
1689 2835 1899 2875 metuebat
1927 2847 2034 2887 sup-

1164 2893 1351 2948 pleatur.
1402 2893 1654 2935 Consimilis
1672 2899 1889 2935 structura
1906 2893 1956 2935 H.
1977 2890 2036 2934 ΙΙΙ

1163 2952 1246 2996 46:
1276 2954 1446 3007 iamque
1476 2961 1622 2994 castra
1642 2952 1854 3008 leyionum
1882 2953 2036 2993 εποίη-

1166 3012 1265 3053 dere
1285 3013 1519 3068 parabant,
1548 3014 1597 3053 ni
1616 3013 1846 3054 Mucianus
1872 3018 2037 3053 sextam

1166 3070 1376 3126 leyionem
1411 3074 1697 3127 opposuisset,
1737 3072 2035 3113 Cremonensis

1165 3131 1375 3172 victoriae
1418 3144 1604 3185 ynarus,
1657 3144 1713 3171 ac
1754 3144 1807 3171 ne
1855 3137 2036 3170 externa

1166 3189 1297 3231 moles
1317 3190 1526 3242 utrimque
1546 3190 1782 3244 inqrueret.
1826 3188 1877 3228 Π.
1898 3189 1934 3228 11
1952 3186 2034 3229 34:

1166 3248 1369 3289 inchoato
1409 3255 1537 3301 ponte
1574 3248 1803 3288 transitum
1837 3246 1945 3287 Padi
1972 3246 2036 3285 si-

1168 3306 1392 3358 mulantes,
1413 3318 1467 3346 ac
1486 3320 1540 3346 ne
1561 3306 1748 3360 ipsorum
1768 3304 1888 3346 miles
1909 3315 2037 3359 seyne

1167 3365 1296 3406 otium
1329 3371 1497 3405 tereret.

1254 3421 1483 3463 adornavit
1507 3434 1664 3462 naves:
1699 3421 1741 3461 in
1770 3419 2035 3461 Pannoniam

1170 3481 1282 3521 ituro
1315 3493 1432 3521 mare
1478 3492 1683 3533 superum
1723 3479 1818 3520 sive
1850 3479 2036 3521 Hadria-

1168 3539 1301 3580 ticum
1343 3539 1528 3581 navibus
1573 3538 1879 3592 pei-meandum
1929 3544 2036 3590 crat,

1171 3599 1214 3638 in
1268 3597 1537 3639 Germaniam
1603 3596 1799 3639 tendenti
1847 3597 2039 3638 Massilia

1171 3657 1373 3710 petenda,
1407 3656 1507 3701 dein
1540 3655 1750 3698 Rhodano
1782 3656 1962 3698 flumine
1995 3661 2040 3696 et

1171 3715 1306 3759 Arare
1340 3715 1415 3772 (ΙΙ.
1449 3712 1486 3759 11
1518 3716 1597 3774 59)
1631 3714 1976 3758 subvehendum.

1298 1719 1456 1772 Simul
1495 1718 1903 1771 adulescentibus
1941 1737 2035 1772 ex-
2049 1734 2099 1777 ιο

2144 1592 2170 1624 ,νε
