2280 4004
248 260 306 307 16
1009 261 1303 307 ANNALIVM

1825 274 1864 304 a.
1901 272 1944 303 .u
1974 258 2075 305 7671.

248 405 459 471 classeS,
502 409 683 456 cuncta
723 403 856 454 inter
892 415 949 455 se
990 416 1250 466 connexa;
1290 402 1368 454 ius
1409 399 1540 467 apud
1575 382 1737 467 cives,
1774 400 2076 454 modestiam

247 498 378 565 apud
419 499 622 561 socios3
658 496 835 548 urbem
873 494 1032 561 ipsam
1058 494 1330 562 magnifico
1364 497 1544 544 ornatu
1557 510 1572 557 3
1609 506 1773 558 pauca
1805 491 2075 546 admodum

245 590 296 641 vi
335 595 564 655 tractata,
606 603 703 655 quo
737 586 921 639 ceteris
950 586 1093 652 quies
1133 590 1285 638 esset.

246 687 346 734 tem
390 697 514 749 erga
550 685 811 747 parentem
848 683 897 731 et
932 683 1158 756 tempora
1193 677 1271 729 rei
1308 675 1543 744 publicae
1590 676 1818 728 obtentui
1853 678 2075 742 sumpta:

209 777 472 826 &ceterum
524 772 760 840 cupidine
801 756 1373 823 dominandi‘roncitos
1420 784 1513 836 per
1561 768 1886 837 largitionem
1931 771 2080 820 vete-

244 880 432 930 ranos,
473 868 701 930 paratum
742 863 804 915 ab
849 862 1202 940 adulescente}
1216 861 1416 928 privato
1458 860 1768 925 exercitum,
1812 861 2076 926 corruptas

247 956 470 1009 consulis
505 956 740 1024 legiones
760 995 773 1022 ,
818 955 1101 1008 simulatam
1136 942 1551 1022 Pompeianarum
1585 952 1802 1021 gratiam
1835 950 2076 1018 partium3

245 1064 366 1101 mox
400 1049 486 1100 ubi
540 1048 749 1100 decreto
798 1052 996 1114 patrum
1050 1047 1218 1098 fasces
1273 1051 1322 1098 et
1375 1045 1454 1098 ius
1508 1043 1761 1112 praetoris
1813 1041 2075 1107 invaserit,

249 1142 416 1194 caesis
441 1141 604 1193 Hirtio
645 1145 695 1192 et
716 1140 894 1205 Pansa,
931 1139 1042 1191 sive
1079 1138 1242 1191 hostis
1284 1138 1418 1203 illos,
1458 1152 1551 1189 seu
1577 1137 1789 1188 Pansam
1826 1147 2079 1186 venenum

181 1238 228 1275 ¹⁰
245 1232 442 1284 vulneri
477 1231 726 1296 adfusum,
761 1231 839 1283 sui
876 1230 1058 1281 milites
1081 1228 1295 1281 Hirtium
1333 1233 1382 1281 et
1404 1228 1723 1280 machinator
1759 1225 1864 1277 doli
1890 1224 2081 1278 Caesar

248 1324 550 1390 abstulerat,
609 1323 874 1389 utriusque
930 1323 1104 1388 copias
1169 1320 1535 1388 occupavisse3
1613 1322 1864 1372 extortum
1918 1304 2078 1368 invito

246 1421 427 1469 senatu
481 1415 822 1481 consulatum,
884 1429 1123 1480 armaque
1181 1428 1309 1480 quae
1366 1413 1419 1464 in
1469 1411 1747 1464 Antonium
1803 1409 2077 1477 acceperit,

246 1514 424 1560 contra
461 1523 570 1561 rem
591 1507 845 1574 publicam
880 1522 1059 1558 versa:
1095 1505 1523 1571 proscriptionem
1553 1504 1755 1569 civium,
1795 1501 2078 1562 divisiones

118 1673 122 1676 η
245 1615 519 1668 agrorum,
569 1614 636 1651 ne
672 1598 796 1665 ipsis
836 1597 1039 1664 quidem
1078 1597 1161 1664 qui
1200 1611 1384 1662 cepere
1419 1595 1667 1647 laudataS.

174 1706 226 1742 Ἰιε’.
245 1696 295 1744 et
332 1692 598 1747 Brutorum
636 1690 799 1745 exitus
836 1688 1062 1756 paternis
1110 1687 1386 1739 inimicitiis
1425 1686 1603 1753 datos,
1659 1698 1959 1752 quamquam
1995 1682 2078 1738 ,fas

362 1841 400 1882 1.
436 1851 602 1880 coneaea
634 1836 688 1879 M.

238 1905 383 1942 retus:
417 1899 456 1941 M
487 1901 646 1955 fecere.

330 2065 408 2107 quo
442 2049 659 2094 Valerium
682 2049 867 2092 Corvum
899 2054 938 2089 et
965 2047 1118 2090 Gaium

242 2110 432 2154 Marium
443 2109 567 2152 simul
590 2115 880 2164 aequaverat.-
905 2106 1116 2150 tredecim

242 2171 495 2213 consulatus
519 2171 657 2226 gessit
671 2170 922 2224 Augustus3
951 2180 1117 2222 aequa-

241 2233 306 2272 vit
340 2232 474 2286 igitur
506 2236 674 2284 septem
708 2228 962 2270 consulatus
995 2227 1118 2268 Marii

244 2296 288 2332 et
319 2304 396 2331 sex
432 2289 578 2331 Corvi.
694 2289 807 2328 mari
841 2287 1012 2328 Oceano
1046 2293 1120 2327 aut

243 2349 437 2390 mnitibus
481 2347 721 2402 lonqinquis
764 2354 954 2402 saeptum
984 2347 1119 2401 impe-

243 2410 383 2452 rium.-
430 2406 687 2462 praedicant
719 2405 971 2448 laudatores
1005 2404 1121 2459 quod

245 2468 432 2523 imperio
467 2467 733 2522 longinquos
759 2465 867 2506 fines
899 2466 1046 2519 posuit
1079 2469 1122 2505 et

245 2534 381 2569 tutos.
436 2526 598 2568 Amnes
620 2525 850 2581 longinqui
876 2531 977 2565 sunt
998 2523 1120 2565 Rhe-

245 2601 341 2640 nus,
362 2586 604 2637 Danubius,
629 2583 890 2637 Euphrates.
984 2583 1121 2638 leqio-

247 2661 321 2687 nes
335 2645 586 2702 provincias
605 2643 775 2697 classes,
798 2650 955 2684 cuncta
969 2658 982 2684 .·
1004 2642 1120 2684 conf.

248 2711 396 2748 annot.
433 2704 486 2746 ad
517 2703 573 2745 XI
604 2703 646 2745 6.

338 2791 443 2846 Cap.
471 2791 538 2834 10.
585 2790 804 2834 dicebatur
823 2796 1000 2833 contra.-
1021 2786 1123 2829 hinc

250 2851 529 2906 subsequitur
571 2853 791 2893 sententia
824 2862 1000 2900 eorum,
1049 2847 1123 2902 qui

251 2912 450 2967 quamvis
502 2910 740 2965 prudentes
796 2909 929 2964 paulo
982 2913 1125 2947 tamen

251 2971 450 3013 severius
468 2968 678 3012 iudicant.
773 2974 997 3023 corruptas
1018 2979 1125 3007 con-

251 3030 356 3072 sulis
390 3029 606 3086 leyiones:
643 3030 748 3070 dicit
766 3027 990 3069 consulem
1025 3025 1125 3066 anni

253 3091 340 3133 710
379 3089 434 3131 Μ.
468 3088 721 3130 Antonium.
789 3085 856 3129 Cf.
900 3086 1126 3139 Appianas

253 3149 303 3190 B.
339 3147 386 3190 C.
419 3147 475 3189 111
496 3146 687 3190 43—44.
755 3146 910 3188 Cicero
936 3143 1125 3197 Philipp.

252 3207 313 3250 lv
347 3209 400 3260 2,
435 3207 489 3249 ad
519 3207 653 3249 Attic.
688 3206 787 3247 XVI
817 3206 860 3248 8.
928 3203 1127 3245 Velleius

253 3267 395 3309 1161.
470 3266 554 3308 Dio
587 3266 701 3308 XLV
746 3266 813 3308 13.
890 3263 1128 3305 Drumanni

255 3327 450 3369 llistoria
475 3326 598 3369 Rom.
632 3332 662 3367 t.
695 3325 714 3367 1
746 3338 787 3379 p.
815 3322 903 3367 204
931 3329 974 3364 et
997 3322 1097 3365 215.

347 3427 400 3454 ne
433 3415 535 3468 ipsis
568 3413 732 3467 quidem
747 3413 825 3466 ‘qui
847 3424 997 3467 cepere
1029 3409 1129 3449 lau-

260 3471 410 3513 datas.-
444 3474 705 3513 sententiam
728 3477 874 3513 tuetur
903 3484 954 3511 ac
986 3473 1131 3511 servat

257 3531 415 3573 Mureti
443 3545 607 3586 cepere,
633 3532 790 3572 evertit
813 3531 1027 3584 scriptura
1051 3539 1130 3569 co-

257 3590 367 3634 dicis
384 3590 423 3632 M
445 3592 611 3645 fecere:
645 3596 846 3631 auctores
866 3592 981 3631 enim
998 3600 1130 3644 agro-

257 3662 352 3695 rum
392 3648 725 3694 dividundorum
754 3648 798 3693 id
826 3648 942 3706 quod
982 3650 1125 3705 fecere

770 1843 873 1894 aput
903 1837 1014 1878 cives
1049 1848 1099 1891 pr
1131 1834 1186 1890 M,
1221 1833 1335 1891 apud
1366 1848 1402 1876 c.
1437 1846 1533 1876 corr
1564 1830 1618 1876 Μ.

727 1897 795 1939 15.
825 1903 1050 1954 prucorum
1081 1895 1137 1938 M.

1745 1594 1883 1647 Sane
1915 1591 2079 1645 Cassii

1695 1834 1763 1876 14.
1799 1843 1948 1890 cepere
1978 1825 2077 1873 Mu-

1199 1895 1440 1938 inimicitius
1470 1892 1526 1936 M.

1203 2045 1319 2088 haud
1348 2044 1478 2087 dubie
1502 2049 1545 2086 et
1568 2041 1866 2099 probaverunt
1898 2047 1944 2084 et
1973 2041 2074 2085 lau-

1205 2105 1435 2157 daverunt,
1463 2117 1609 2160 neque
1628 2114 1772 2145 sermo
1792 2115 1910 2143 nunc
1932 2107 2000 2144 est
2019 2101 2074 2144 de

1202 2165 1476 2219 poenitentia
1527 2163 1711 2219 quadam
1759 2161 1972 2204 malorum
2019 2174 2074 2203 ex

1204 2224 1326 2266 civili
1366 2223 1487 2266 bello
1528 2229 1730 2264 natorum
1774 2234 1887 2277 quae
1919 2227 2075 2276 postea

1203 2283 1489 2325 Octavianum
1504 2279 1711 2333 moverit,
1730 2282 1860 2321 immo
1883 2279 1938 2322 de
1959 2287 2074 2322 tein-

1202 2355 1308 2397 porc
1343 2355 1439 2383 cum
1481 2341 1697 2382 triumviri
1729 2341 1951 2382 veteranis
1984 2341 2074 2381 suis

1204 2409 1247 2443 et
1291 2400 1662 2443 commilitonibus
1722 2400 1838 2441 iusta
1877 2398 2075 2441 laborum

1202 2462 1397 2516 praemia
1442 2472 1491 2502 se
1542 2460 1711 2501 referre
1757 2458 2075 2514 gloriabantur.

1204 2522 1322 2562 llaec
1354 2531 1433 2574 per
1475 2532 1522 2561 se
1565 2518 1695 2573 plana
1728 2523 1772 2559 et
1818 2519 2075 2573 perspicua:

1203 2580 1315 2622 nihil
1342 2585 1486 2621 autem
1511 2577 1718 2632 praesidii
1740 2577 1897 2619 Mureti
1922 2589 2078 2620 emen-

1206 2639 1369 2681 dationi
1404 2638 1667 2679 conciliatur
1698 2636 1898 2679 Suetonii
1930 2635 2076 2678 verbis

1204 2699 1318 2755 Aug.
1343 2699 1421 2740 13:
1454 2711 1588 2752 neque
1611 2704 1913 2738 veteranorum
1943 2709 2078 2750 neque

1203 2771 1490 2815 possessorum
1519 2757 1708 2812 qratiam
1738 2756 1896 2808 tenuit,
1929 2755 2078 2796 alteris

1203 2817 1308 2874 pelli
1339 2831 1397 2870 se,
1431 2815 1581 2857 alteris
1611 2829 1699 2856 non
1725 2828 1808 2870 pro
1841 2828 1912 2871 spe
1942 2815 2077 2855 meri-

1208 2885 1345 2919 torum
1368 2876 1554 2917 tractari
1574 2873 1858 2930 querentibus.
1903 2872 2077 2916 Etenim

1206 2939 1405 2978 veterani
1438 2947 1525 2976 non
1546 2934 1841 2990 querebantur
1862 2932 1978 2988 quod
2000 2945 2077 2974 ac-

1210 2997 1431 3049 cepissent
1463 3006 1606 3050 agros,
1640 2993 1718 3035 sed
1742 2991 1858 3048 quod
1879 3005 1965 3034 non
1999 3003 2077 3046 pro

1210 3068 1287 3108 spe
1320 3055 1571 3095 meritorum
1606 3053 1843 3107 cepissent.

1297 3113 1370 3155 sed
1383 3112 1586 3168 Leptdum
1600 3126 1613 3152 .·
1646 3112 1847 3165 apposite
1865 3111 2079 3164 repetitur

1211 3172 1467 3214 adversandi
1501 3170 1740 3225 particula,
1784 3175 1831 3210 ut
1871 3174 2077 3224 appareat

1211 3231 1428 3287 quomodo
1452 3231 1622 3272 iudices
1646 3229 1711 3271 illi
1733 3229 1968 3283 prudentes
2000 3226 2079 3270 sed

1211 3292 1348 3346 iniqui
1373 3297 1532 3343 tamen,
1566 3290 1639 3345 qui
1673 3294 1774 3330 ante
1800 3289 1979 3330 inimico
1997 3299 2077 3329 suo

1211 3350 1423 3406 quaedam
1458 3349 1839 3401 condonaverant,
1887 3347 2078 3388 acriores

1210 3415 1441 3466 resurgant
1474 3415 1604 3464 atque
1628 3413 1834 3450 excusata
1859 3406 2078 3462 graviori-

1211 3469 1292 3511 bns
1340 3469 1523 3523 prolatis
1579 3467 1748 3509 diluere
1798 3463 2076 3507 contendant.

1213 3528 1519 3588 ὑστερολογία
1562 3527 1663 3578 illa,
1703 3532 1800 3581 post
1829 3523 2078 3574 Antonium,

1218 3588 1446 3630 Tarentino
1464 3585 1804 3638 Brundisinoque
1834 3581 2007 3638 foedere
2040 3587 2080 3624 et

1211 3648 1367 3706 nuptiis
1388 3646 1550 3692 sororis
1563 3642 1776 3699 inlectam,
1790 3667 1846 3676 -
1858 3641 2078 3698 ambisse,

1389 583 1666 636 Dicebatur
1701 588 1878 636 contra
1911 583 2163 650 pieta-10
