2280 4004
972 259 975 262 '
1006 249 1214 294 ANNALI
1220 250 1304 294 VM

235 251 326 294 260
1809 269 1850 302 a.
1880 267 1930 303 u.
1959 256 2060 318 777.

235 394 445 460 squalor
585 393 708 444 situs
749 396 799 444 et
833 396 935 443 tum
975 398 1153 445 catena
1197 393 1394 445 vinctus
1429 394 1715 460 postulante
1750 384 2064 473 filio,'lprae-

233 393 800 551 paratusqltufescens
848 484 1014 536 multis
1065 485 1350 550 munditiiS,
1412 485 1569 537 alacri
1608 486 1761 538 vultu.
1837 488 2062 542 Structas

232 576 450 642 principi
505 575 744 640 insidias,
801 575 1086 628 missos-in
1134 576 1344 628 Galliam
1395 578 1685 630 concitores
1740 578 1858 631 belli
1907 567 2064 634 index

233 667 368 718 idem
414 672 464 718 et
513 667 656 718 testis
715 666 943 732 dicebat,
1007 651 1410 735 adnectebatque
1465 669 1739 722 Caecilium
1790 670 2068 723 Cornutum

195 758 543 823 spraetorium
585 758 964 811 ministravisse
1001 760 1301 826 pecuniam3
1355 761 1438 827 qui
1493 762 1663 814 taedio
1713 769 1973 827 curarum,
2015 766 2065 830 et

232 849 347 914 quia
385 849 664 915 periculum
693 864 786 915 pro
826 849 980 901 exitio
1019 850 1315 917 habebatur,
1354 857 1566 903 mortem
1604 852 1657 903 in
1694 868 1751 905 se
1789 851 2060 905 festinavit.

228 940 296 990 At
335 945 512 991 contra
551 955 669 992 reus
708 941 832 991 nihil
875 941 1094 993 infracto
1133 942 1318 1008 animo,
1366 942 1612 995 obversus
1651 944 1703 995 in
1741 943 1893 995 filium
1934 958 2068 1010 qua-

228 1034 336 1082 tere
370 1031 564 1097 vincla,
614 1047 806 1084 vocare
842 1033 1034 1085 ultores
1075 1033 1228 1099 deos,
1290 1034 1487 1086 ut'sibi
1541 1035 1743 1101 quidem
1785 1034 2063 1087 redderent

230 1122 453 1189 exilium,
491 1123 577 1173 ubi
615 1124 795 1189 procul
836 1124 923 1176 tali
960 1140 1104 1177 more
1144 1130 1337 1192 ageret,
1364 1125 1518 1177 filium
1553 1131 1718 1179 autem
1757 1126 2060 1194 quandoque

168 1225 216 1262 ω
229 1214 494 1280 supplicia
515 1221 867 1281 sequerentur.
942 1217 1397 1284 Adseverabat'que
1431 1218 1754 1272 innocentem
1784 1219 2058 1271 Cornutum

230 1310 280 1356 et
308 1306 437 1358 falso
478 1307 799 1371 exterritum3
832 1292 984 1374 idque
1011 1309 1161 1360 facile
1187 1309 1462 1374 intellecta,
1481 1381 1483 1383 ·
1501 1310 1544 1362 si
1572 1310 1912 1376 proderentur
1944 1309 2057 1362 alii:

226 1410 331 1449 non
373 1398 507 1450 enim
546 1414 602 1450 se
639 1399 850 1451 caedem
887 1400 1129 1466 principis
1179 1405 1228 1451 et
1265 1416 1350 1453 res
1383 1415 1545 1453 novas
1584 1416 1686 1453 uno
1725 1401 1870 1453 socio
1911 1400 2062 1469 cogi-

225 1493 381 1540 tasse.
457 1490 578 1541 Tum
621 1495 892 1541 accusator
929 1490 1154 1543 Gnaeum
1177 1491 1436 1544 Lentulum
1475 1497 1524 1544 et
1547 1492 1716 1546 Seium
1740 1491 2145 1546 Tuberonem29

225 1579 480 1644 nominat,
541 1595 727 1648 magno
773 1580 971 1647 pudore
1021 1582 1284 1647 Caesaris,
1355 1597 1465 1634 cum
1514 1584 1765 1650 primores
1822 1583 2058 1648 civitatiS,

163 1671 385 1722 isintimi
424 1671 581 1737 ipsius
619 1671 787 1736 amici,
826 1672 1064 1724 Lentulus
1100 1673 1378 1725 senectutis
1417 1679 1690 1740 extremae,
1728 1674 1927 1727 Tubero
1966 1674 2062 1746 dg:

226 1763 360 1843 *⁸399
402 1777 658 1838 corpore,
715 1763 950 1815 tumultus
1006 1764 1206 1816 hostilis
1265 1770 1315 1817 et
1374 1765 1654 1818 turbandae
1700 1766 1777 1818 rei
1825 1765 2059 1834 publicae

348 1945 384 1985 ἱ.
414 1943 659 2000 postulante
701 1944 867 1987 editor:
915 1946 954 1988 M
989 1948 1244 2003 peroranti,
1279 1948 1506 1991 Memmius
1536 1957 1794 2006 perorante,
1837 1948 2056 1993 Freherus

217 2010 346 2059 pater
380 2011 547 2057 orante,
584 2004 823 2058 Seyffertus
854 2007 1108 2062 imperante.
1166 2016 1464 2064 praeparatur
1494 2009 1558 2052 M:
1592 2011 1781 2051 correxit
1801 2010 2054 2055 Venturius.

220 2064 263 2104 3.
297 2064 445 2104 missos
476 2063 531 2115 M,
569 2076 655 2104 non
688 2065 915 2120 missosque
947 2065 1099 2121 Lipsii.
1174 2069 1215 2110 5.
1251 2068 1361 2109 tedio
1397 2068 1451 2110 Μ.
1524 2068 1566 2111 9.
1601 2069 1687 2111 tale
1721 2068 1776 2112 M.
1842 2070 1910 2111 11.
1942 2069 2055 2125 falso

224 2121 403 2164 Ursinus
437 2128 480 2164 et
511 2123 730 2165 Muretus:
764 2124 802 2166 Μ
833 2125 964 2181 falsa.
1039 2126 1108 2170 13.
1143 2134 1391 2169 accussator
1425 2127 1477 2170 M.
1557 2127 1605 2171 C.
1643 2128 1785 2178 N.‚M.

223 2181 331 2223 blice
363 2182 418 2224 Μ.

1875 2128 1942 2173 16.
1969 2143 2056 2186 pu-

1265 2343 1558 2391 praeparatus
1576 2362 1631 2368 ——
1648 2337 1791 2379 multis
1814 2337 2056 2380 munditiis.-

1182 2393 1291 2435 haec
1324 2401 1551 2437 externum
1572 2395 1766 2437 habitum
1785 2396 1864 2438 filii
1883 2396 2054 2438 descri-

1182 2452 1289 2493 bunt
1323 2460 1506 2507 paterno
1539 2455 1732 2510 squalori
1771 2457 2051 2509 contrarium,

223 2339 347 2371 orare
380 2336 454 2371 aut
475 2329 633 2372 habere
661 2334 899 2375 orationem
921 2334 1002 2389 (ΙΙΙ
1024 2335 1095 2386 67,

221 2387 283 2430 1V
319 2390 392 2433 21.
436 2389 486 2432 H.
522 2390 539 2431 Ι
573 2391 651 2448 90)
687 2399 760 2434 aut
798 2395 979 2448 precari
1011 2394 1095 2449 (lv

220 2448 318 2503 37).
383 2448 468 2490 Sed
509 2449 625 2491 filius
665 2465 808 2507 neque
852 2454 1094 2494 orationem

221 2505 374 2547 habuit
416 2521 560 2564 neque
604 2523 697 2551 eam
742 2511 795 2552 ad
828 2511 954 2554 finem
990 2525 1095 2567 per-

220 2564 366 2618 duxit,
412 2580 509 2608 cum
540 2574 663 2621 pater
696 2571 918 2625 ingressus
953 2578 1018 2612 est
1052 2574 1092 2613 in

219 2630 443 2678 senatum,
500 2627 630 2668 immo
683 2629 778 2682 ipse
828 2644 923 2670 cum
973 2637 1093 2684 patre

219 2683 421 2725 inductus
485 2690 564 2729 est.
641 2686 825 2729 Omnino
882 2691 1092 2731 orationis

216 2744 383 2784 mentio
396 2742 567 2785 deinum
582 2746 623 2786 in
638 2745 935 2803 subsequente
949 2762 1092 2791 enun-

218 2803 325 2843 tiato
346 2802 463 2844 sacta
485 2810 573 2845 est:
602 2818 745 2860 neque
765 2820 912 2848 rursus
941 2817 1092 2851 orante

217 2859 545 2916 significatione
598 2866 805 2917 precandi
848 2867 1090 2921 praeditum

217 2920 379 2962 ceteris
414 2924 651 2964 convenit:
688 2938 784 2966 nam
818 2925 870 2967 (le
905 2941 1090 2970 accusa-

216 2984 311 3021 tore
368 2993 454 3021 non
506 2995 635 3023 orare
683 2985 755 3025 vel
797 2987 975 3041 precari
1014 2987 1091 3028 sed

209 3039 431 3094 postulare
465 3047 508 3082 ct
533 3048 678 3096 petere
709 3043 882 3086 dicitur.
947 3045 1088 3100 Ipsum

216 3097 352 3140 filium
379 3100 641 3154 postulasse,
685 3108 729 3143 ut
763 3110 886 3157 pater
920 3105 972 3146 ad
1010 3118 1088 3146 co-

214 3159 458 3212 gnitionem
492 3161 732 3203 maiestatis
765 3163 818 3204 ab
858 3164 992 3207 exilio
1014 3178 1087 3206 re-

216 3223 376 3258 tractus
399 3219 443 3259 in
469 3225 666 3261 senatum
695 3221 989 3276 induceretur,
1005 3223 1089 3265 hoc

214 3275 313 3317 loco
348 3280 771 3322 commemorandum
806 3288 912 3325 erat.
974 3284 1087 3325 Ver-

212 3335 314 3376 bum
343 3337 587 3392 postulante
617 3353 670 3380 ex
699 3342 960 3396 compendio
986 3343 1087 3398 p’u-

213 3394 331 3436 lante
363 3397 407 3436 in
438 3396 660 3452 p’orante‚
701 3399 741 3442 11.
779 3414 816 3443 e.
851 3409 1086 3458 perorante

214 3460 463 3507 corruptum
498 3456 685 3500 videtur.
741 3460 930 3501 Serenus
963 3467 1087 3515 pater

214 3525 328 3553 anno
363 3519 463 3554 ante
497 3515 550 3555 de
584 3518 627 3556 vi
660 3517 839 3570 publica
860 3520 1085 3561 damnatus

213 3576 257 3610 et
289 3572 344 3612 ob
367 3574 644 3615 atrocitatem
659 3588 827 3620 morum
846 3579 1085 3637 Amorgum

213 3628 438 3691 relegatus
471 3637 590 3691 erat,
625 3644 667 3678 v.
705 3636 774 3680 13.

1181 2512 1416 2555 munditias
1451 2514 1723 2569 capillorum,
1757 2516 1941 2557 amictus
1964 2520 2050 2558 cet.

1181 2570 1247 2613 Cf.
1283 2571 1338 2613 111
1373 2574 1445 2616 30.
1511 2573 1586 2614 Eis
1629 2574 1882 2631 adiungitur
1914 2573 2052 2618 vultus

1179 2629 1404 2674 alacritas.
1487 2633 1598 2687 salso
1632 2635 1908 2676 exterritum:
1944 2633 1986 2675 h.
2009 2648 2051 2677 e.

1178 2690 1273 2731 sine
1307 2691 1420 2732 iusta
1441 2704 1571 2734 causa
1594 2693 1864 2735 exterritum.
1921 2691 2052 2735 Falsa

1180 2751 1454 2802 emen-ritum,
1494 2758 1540 2792 ut
1582 2751 1745 2808 legitur
1776 2753 1820 2794 in
1851 2752 1919 2805 M,
1963 2751 2050 2794 dici

1177 2820 1308 2861 posse
1353 2809 1478 2850 multi
1520 2812 1753 2865 opinantur
1795 2811 1848 2853 ad
1889 2810 2050 2853 simili-

1178 2867 1372 2910 tudinem
1406 2868 1558 2912 Graeci
1601 2872 1816 2912 sermonis
1857 2870 2050 2925 ἐκπλήτ-

1175 2932 1350 2971 τεσθαί
1378 2945 1447 2980 τι,
1484 2929 1562 2971 sed
1594 2943 1649 2971 ne
1683 2930 1835 2973 Graeci
1873 2929 2049 2986 quidem

1175 2987 1323 3043 ψευδῆ
1367 2990 1680 3046 ἐκπληχθέντα
1730 2996 1804 3032 aut
1845 2990 2050 3046 ἐκπληχ-

1174 3046 1340 3099 θῆναι,
1399 3047 1475 3088 sed
1528 3048 1724 3104 ψευδέσι
1774 3049 1923 3090 dicunt
1975 3053 2049 3090 ant

1173 3106 1380 3160 ψευδῶν.
1430 3106 1532 3147 'l'uin
1552 3107 1724 3149 'l‘acitus
1746 3121 1831 3149 non
1854 3109 1915 3150 ita
1932 3119 2048 3149 nova

1173 3170 1388 3217 sectatur,
1425 3171 1472 3206 ut
1504 3165 1613 3208 haec
1645 3168 1811 3209 minuta
1841 3166 2047 3222 amplecti

1176 3225 1362 3279 gestiat,
1415 3225 1493 3266 scd
1538 3226 1651 3267 idem
1696 3227 1739 3267 in
1794 3225 1952 3268 talibus
1993 3225 2047 3268 ab

1173 3295 1253 3323 usu
1286 3283 1464 3325 minime
1496 3284 1707 3327 recedere
1741 3286 1870 3329 solet.
1919 3284 2045 3327 Falso

1174 3348 1425 3385 constanter
1450 3342 1590 3397 11160,
1612 3344 1725 3398 V18‚
1749 3344 1890 3388 X118.
1911 3343 1957 3386 G.
1971 3342 2043 3386 36.

1275 3404 1313 3444 si
1358 3402 1648 3458 proderentur
1699 3404 1812 3447 alii.-
1872 3402 2044 3444 scilicet

1172 3463 1281 3514 patri
1327 3461 1553 3504 innocenti
1597 3469 1762 3505 certum
1811 3467 1901 3504 erat
1929 3460 2041 3502 alios

1173 3522 1489 3563 coniurationis
1531 3523 1676 3564 socios
1708 3520 1921 3562 nominari
1953 3531 2041 3561 non

1171 3591 1302 3633 posse
1345 3586 1420 3622 aut
1459 3581 1580 3622 nullo
1624 3583 1879 3635 argumento
1929 3590 2041 3620 con-

1170 3639 1288 3684 vinci
1342 3652 1474 3699 posse
1522 3651 1630 3697 quos
1680 3637 1866 3685 mendax
1922 3636 2043 3687 filius
