2280 4004
277 289 340 335 48
992 294 995 295 ’
1025 285 1318 331 ANNALWM
1848 301 1890 332 a.
1916 293 1967 333 ἱ.
1994 289 2101 337 802.

420 431 546 483 Gaio
585 428 823 495 Pompeio
876 428 1062 490 Quinto
1099 429 1335 482 'Veranio
1379 431 1672 484 consulibus
1729 435 1927 498 pactum
1973 429 2154 484 inter5

282 522 542 575 Claudium
585 525 635 572 et
669 519 1001 588 Agrippinam
1038 521 1412 573 matrimonium
1451 523 1551 575 iam
1589 523 1749 589 sama,
1789 523 1890 575 iam
1929 536 2104 575 amore

279 613 474 665 inlicito
527 610 843 676 firmabatur3
904 611 1122 663 necdum
1179 612 1443 666 celebrare
1498 614 1766 667 sollemnia
1819 613 2105 681 nuptiarum

276 703 559 768 audebant,
584 774 590 779 .
617 702 755 754 nullo
810 702 1041 770 exemplo
1091 703 1342 772 deductae
1384 705 1437 756 in
1478 705 1680 757 domum
1733 706 1895 773 patrui
1932 704 2106 757 fratris

240 794 430 847 sfiliae.
505 795 638 857 Quin
676 799 725 847 et
759 794 1039 860 incestum,
1097 779 1159 847 ac
1207 796 1252 848 si
1300 803 1658 863 sperneretur,
1715 813 1782 850 ne
1834 798 1888 849 in
1923 795 2106 849 malum

276 887 535 954 >publicum
571 891 879 954 erumperet,
917 887 1247 940 metuebatur.
1319 890 1426 942 Nec
1474 895 1591 942 ante
1629 889 1816 941 omissa
1858 889 2110 940 cunctatio

280 982 432 1046 'quam
461 979 690 1032 Vitellius
726 979 832 1031 suis
869 979 1059 1032 artibus
1097 980 1150 1031 id
1178 981 1825 1048 perpetrandum‘sumpsit.
1885 981 2113 1033 Percon—

280 1076 514 1138 tatusque
566 1072 839 1124 Caesarem
895 1086 960 1124 an
1015 1072 1167 1124 iussis
1205 1072 1403 1139 populi,
1469 1088 1534 1125 an
1575 1073 1864 1124 auctoritati
1902 1077 2110 1125 senatus

284 1162 522 1229 cederet,
581 1162 666 1214 ubi
705 1162 790 1214 ille
823 1178 975 1214 unum
1023 1177 1080 1214 se
1123 1163 1306 1214 civium
1346 1169 1395 1215 et
1430 1163 1704 1216 consensui
1743 1164 1986 1231 imparem
2022 1178 2111 1215 re—

215 1266 271 1304 ·10
284 1253 505 1321 spondit,
547 1253 768 1320 opperiri
797 1253 928 1305 intra
952 1253 1192 1305 Palatium
1227 1253 1380 1305 iubet.
1440 1255 1552 1320 Ipse
1584 1255 1775 1306 curiam
1809 1254 2111 1322 ingreditur,

281 1359 626 1412 summamque
665 1361 773 1397 rem
810 1345 1062 1411 publicam
1100 1345 1186 1412 agi
1226 1345 1485 1397 obtestans
1520 1347 1723 1398 veniam
1755 1345 1965 1397 dicendi
1998 1349 2115 1398 ante

282 1437 414 1490 alios
454 1437 710 1504 exposcit,
750 1437 1045 1503 orditurque
1082 1436 1419 1503 gravissimos
1454 1437 1699 1503 principis
1738 1436 1962 1502 laboreS,
2003 1436 2115 1503 quis

279 1529 459 1580 orbem
497 1533 667 1580 terrae
712 1533 960 1595 capessat,
1000 1543 1158 1595 egere
1194 1528 1546 1594 adminiculis,
1585 1534 1639 1580 ut
1675 1528 1955 1580 domestica
1994 1541 2115 1579 cura

282 1634 475 1672 vacuus
512 1620 566 1671 in
606 1635 871 1672 commune
928 1619 1175 1671 consulat.
1278 1619 1426 1682 Quod
1478 1635 1635 1687 porro
1687 1621 1951 1674 honestius
1978 1627 2119 1673 'cen-—

219 1712 457 1765 *isson-iae
484 1711 666 1764 mentis
695 1711 1029 1764 levamentum
1066 1726 1212 1778 quam
1240 1711 1510 1764 adsumere
1542 1712 1829 1781 coniugem,
1856 1712 2118 1781 prosperis

287 1804 555 1870 dubiisque
589 1804 799 1869 sociam,
841 1803 922 1854 cui
951 1803 1291 1870 cogitationes
1329 1803 1547 1869 intimaS,
1589 1804 1669 1854 cui
1702 1819 1890 1870 parvos
1926 1804 2117 1858 liberos

284 1895 468 1960 tradat,
507 1910 612 1946 non
651 1894 790 1947 luxui
828 1899 912 1945 aut
948 1894 1286 1960 voluptatibus
1320 1894 1662 1960 adsuefactUS,
1704 1894 1798 1947 sed
1837 1895 1922 1962 qui
1957 1895 2117 1962 prima

287 1987 350 2039 ab
381 1987 584 2038 iuventa
623 1986 824 2054 legibus
856 1985 1324 2052 obtemperavisset.
1387 1986 1655 2051 Postquam
1693 1985 1823 2038 haec
1849 1985 2168 2038 favorabili6

285 2078 522 2131 oratione
577 2076 838 2145 praemisit
868 2072 1145 2143 ‘multaque
1201 2081 1397 2143 patrum
1454 2076 1739 2129 adsentatio
1797 2077 2120 2144 sequebatur,

410 2236 448 2277 1.
485 2234 533 2276 Ο.
565 2232 645 2276 Ma.
679 2256 684 2263 ·
971 2233 1160 2274 uerania
1184 2231 1264 2275 Ma.
1300 2233 1358 2276 cf.
1392 2233 1445 2275 ad
1477 2233 1504 2276 3
1540 2235 1609 2278 10.
1697 2248 1782 2276 cos.
1816 2246 1913 2276 cum
1945 2232 2022 2276 lin.
2041 2230 2122 2278 Ma.

289 2295 331 2338 2.
366 2295 599 2351 aqrippina
630 2291 711 2335 Ma.
814 2294 857 2335 3.
895 2291 1149 2348 sollempnia
1179 2291 1260 2335 Ma.
1369 2294 1414 2335 4.
1449 2293 1654 2335 deductae
1686 2319 1742 2326 —
1768 2292 1864 2347 filia
1894 2291 1974 2346 Ma,
2008 2291 2124 2336 unde

291 2353 415 2395 codd.
450 2354 649 2408 plerique
684 2357 726 2394 et
760 2351 855 2393 edd.
891 2358 992 2393 ante
1026 2351 1261 2393 Pichenam
1295 2352 1547 2394 deducta—
1568 2353 1676 2407 filia.
1761 2353 2015 2409 [percunt.
2051 2351 2122 2396 Or.

290 2414 338 2457 9.
380 2413 608 2455 consensui
640 2410 756 2464 Gina,
789 2423 877 2452 non
910 2425 1119 2453 consensu
1149 2411 1396 2454 Puteolani.
1478 2415 1545 2455 11.
1580 2426 1879 2467 summamque.
1913 2413 1968 2455 R.
2002 2413 2124 2466 (cum

290 2472 396 2529 lin.)
431 2472 476 2515 P.
510 2470 590 2514 Ma.
719 2472 786 2513 13.
823 2478 1023 2526 capescat
1053 2483 1102 2525 pr
1133 2470 1213 2513 Ma.
1318 2472 1387 2514 15.
1421 2470 1702 2514 levamentum
1733 2485 1860 2527 quan
1889 2470 2124 2517 Peterson:

293 2532 486 2573 levamen
516 2544 704 2585 unquam
735 2529 804 2572 Ma
834 2532 941 2586 (non
978 2530 1170 2571 levamen
1200 2543 1388 2585 unquam
1421 2534 1493 2588 et).
1612 2545 1696 2574 ass.
1732 2529 1804 2575 Or.
1902 2530 1970 2574 17.
2004 2531 2127 2574 lua-ui

292 2589 374 2645 Ma,
407 2603 494 2632 non
526 2590 644 2634 luxu.
771 2588 838 2631 19.
871 2596 1028 2631 assent.
1057 2588 1128 2631 Or.

730 2235 779 2286 Q.
814 2230 894 2275 Ma.

365 2732 469 2786 Cap.
494 2733 535 2774 5.
588 2731 626 2772 si
645 2737 922 2786 sperneretur
941 2754 996 2761 —
1021 2744 1168 2772 erum-

291 2799 442 2851 peret:
493 2792 529 2832 si
564 2790 814 2846 prodigium
856 2790 1014 2831 incesti
1048 2789 1169 2830 nulla

297 2852 607 2907 procuratione
651 2850 903 2902 expiaretur
943 2851 1009 2903 (v,
1044 2848 1097 2890 ad
1130 2863 1167 2890 c.

296 2912 375 2968 8),
410 2923 466 2951 ne
499 2908 752 2964 pestilentia
788 2921 838 2950 ac
870 2909 995 2949 malis
1028 2921 1052 2949 a
1085 2921 1171 2948 nu-

299 2971 417 3012 mine
457 2970 568 3010 irato
601 2966 805 3009 immissis
845 2967 1033 3021 populus
1070 2967 1171 3021 ple-

301 3035 516 3081 cteretur,
549 3033 690 3069 metus
724 3032 831 3068 erat.

387 3100 673 3142 summamque
721 3100 812 3127 rem
855 3085 1071 3142 publicam
1102 3085 1176 3139 aqi

300 3149 537 3191 obtestans:
584 3146 640 3188 cf.
689 3145 868 3188 Sueton.
905 3142 1056 3186 Claud.
1091 3143 1173 3188 26:

300 3207 551 3250 subornavit
574 3205 773 3262 proximo
796 3210 948 3246 senatu
975 3204 1046 3259 qui
1069 3216 1174 3244 cen-

299 3274 445 3310 serent
487 3265 721 3321 coqendum
761 3277 806 3305 se
851 3263 910 3305 ad
940 3263 1176 3305 ducendum

302 3340 397 3368 eam
447 3338 651 3376 uxorem,
707 3323 829 3377 quasi
875 3323 943 3364 rei
977 3322 1175 3378 publicae

300 3386 486 3428 niaxime
534 3385 772 3425 interesset.
835 3381 955 3423 Idem
1000 3379 1173 3422 dicendi

304 3457 443 3501 genus
474 3449 696 3493 (summam
726 3455 818 3482 rem
843 3440 1061 3497 publicam
1082 3441 1174 3498 aqi)

303 3503 403 3545 XVI
437 3502 510 3547 28.
573 3501 640 3543 De
671 3513 719 3541 re
751 3502 882 3541 etiam
914 3499 998 3541 Dio
1015 3499 1085 3541 Lx
1101 3500 1174 3542 31.

394 3561 619 3603 censoriae
669 3561 822 3600 mentis
868 3559 1175 3600 levamentum:

304 3620 349 3662 h.
386 3634 425 3662 e.
461 3632 545 3675 quo
579 3630 701 3659 mens
735 3619 929 3659 censoris
963 3618 1178 3674 gravissi-

306 3679 387 3724 mis
421 3679 614 3738 negotiis
632 3677 818 3726 districti
838 3676 1060 3722 levaretur
1081 3678 1177 3722 sive

1254 2735 1542 2772 recrearetur.
1608 2729 1733 2782 Quod
1772 2743 1999 2773 censorum
2032 2737 2126 2773 erm

1256 2790 1437 2844 exigere
1471 2790 1766 2842 matrimonia,
1812 2789 1853 2831 id
1897 2789 1982 2832 huc
2014 2790 2125 2832 nihil

1255 2850 1461 2902 pertinet,
1498 2848 1755 2904 falliturque
1786 2849 1819 2892 1.
1848 2848 1918 2892 Fr.
1954 2849 2126 2892 Grono-

1256 2909 1353 2949 vius
1387 2908 1461 2963 qui
1493 2907 1595 2950 inde
1616 2908 1726 2950 haec
1752 2908 1885 2951 verba
1904 2907 2127 2964 explicare

1259 2973 1439 3008 conatus
1499 2973 1578 3009 est.
1640 2967 1795 3009 Forma
1847 2967 2128 3010 levamentum

1261 3028 1391 3067 etiam
1435 3025 1452 3066 1
1489 3027 1538 3068 17
1575 3032 1617 3068 et
1648 3028 1729 3079 30,
1779 3026 1840 3068 111
1883 3028 1942 3071 28
1982 3033 2027 3069 et
2053 3027 2126 3079 34,

1259 3084 1317 3125 IV
1350 3086 1378 3126 8
1412 3091 1455 3126 et
1485 3085 1557 3127 66.
1592 3085 1644 3127 ll.
1680 3085 1698 3127 l
1730 3085 1773 3138 8,
1804 3085 1843 3127 11
1872 3087 1955 3139 44,
1989 3085 2129 3128 altera

1260 3143 1311 3185 H.
1351 3144 1386 3185 V
1419 3145 1473 3186 3:
1507 3144 1552 3185 id
1582 3143 1793 3187 levamen.

1369 3259 1474 3316 Cap.
1530 3261 1572 3304 6.
1635 3262 1777 3319 abripi
1821 3262 2023 3319 coniunge:
2071 3261 2130 3304 ad

1260 3320 1381 3363 libita
1399 3321 1662 3363 Caesarum:
1694 3334 1829 3375 prava
1859 3320 2126 3364 assimilandi

1261 3379 1558 3432 consuetudo,
1603 3383 1672 3422 cui
1715 3380 1859 3423 scriba
1901 3380 1999 3422 libri
2034 3379 2127 3422 Me-

1262 3439 1377 3481 dicei
1396 3439 1612 3481 obnoxius
1638 3446 1718 3493 est,
1743 3439 1964 3496 vulgatam
1988 3439 2128 3493 arripi

1261 3499 1510 3552 procreavit
1526 3513 1535 3539 :
1566 3499 1712 3555 adripi
1726 3510 1832 3541 vero
1845 3497 2126 3552 subsequenti

1262 3558 1321 3599 ad
1359 3557 1482 3599 libita
1509 3559 1704 3599 iunctum
1737 3557 1853 3598 omni
1886 3561 2005 3597 caret
2035 3561 2128 3597 arte

1264 3623 1308 3658 et
1339 3617 1577 3673 elegantia,
1613 3617 1756 3672 abripi
1776 3614 1995 3670 significat
2017 3626 2128 3656 con-

1262 3676 1390 3736 iuges
1424 3691 1477 3721 ex
1505 3677 1737 3736 complexu
1755 3674 2008 3725 maritorum
2027 3673 2129 3721 duci
