2280 4004
254 241 320 289 82
989 253 991 255 ·
1006 241 1301 291 ANNAwa
1364 290 1367 291 a

258 396 368 435 eius
404 382 716 436 Mithridates
753 380 1014 433 obtinebat
1065 381 1245 448 opibus
1298 383 1504 435 nostris.

1825 261 1870 293 a.
1890 255 1943 296 ’1.
1973 247 2080 296 804.-

1577 385 1701 437 Erat
1731 387 2082 446 Pharasmanis

256 473 388 525 filius
425 473 630 524 nomine
656 470 1006 535 RadamistuS,
1046 471 1235 524 decora
1276 474 1602 541 proceritate,
1641 477 1693 528 vi
1733 480 1965 546 corporis
2001 481 2086 544 in-

258 563 440 630 signis,
478 565 527 612 et
558 561 748 629 patrias
788 566 922 614 artes
960 561 1199 627 edoctUS,
1245 562 1483 630 claraque
1519 566 1652 619 inter
1689 569 1894 621 accolas
1932 570 2082 623 fama.

257 653 304 705 Is
339 652 592 706 modicum
629 651 868 704 Hiberiae
914 668 1128 720 regnum
1168 660 1376 706 senecta
1410 657 1566 722 patris
1606 658 1821 712 detineri
1859 637 2083 714 ferocius

221 743 590 810 screbriusque
646 742 865 795 iactabat
915 749 1162 810 quam²ut
1210 745 1496 812 cupidinem
1545 749 1841 803 occultaret.

1925 751 2084 820 Igitur

254 833 623 887 Pharasmanes
670 834 904 887 iuvenem
950 837 1207 902 potentiae
1252 843 1563 905 promptum,
1626 845 1676 892 et
1719 841 1887 894 studio
1921 856 2089 910 popu-

255 922 437 979 larium
475 926 774 992 accinctum,
813 926 1146 994 vergentibus
1182 927 1280 981 iam
1323 929 1471 983 annis
1503 931 1610 984 suis
1651 937 1901 1009 metuens,
1937 933 2087 1003 aliam

259 1017 324 1073 ad
359 1033 498 1086 spem
522 1018 744 1083 trahere,
783 1022 832 1070 et
854 1017 1149 1070 Armeniam
1187 1024 1463 1087 ostentare,
1503 1022 1661 1088 pulsis
1686 1023 1882 1077 Parthis
1918 1025 2085 1078 datam

257 1107 532 1162 Mithridati
571 1125 598 1161 a
641 1113 800 1161 semet
839 1108 1198 1162 memorando:
1233 1110 1324 1162 sed
1359 1111 1460 1165 vim
1500 1111 1865 1180 differendam,
1905 1120 1954 1167 et
1990 1130 2088 1182 po-

199 1199 440 1252 mtiorem
496 1199 696 1265 dolum,
759 1214 857 1266 quo
911 1199 1166 1252 incautum
1215 1201 1572 1268 opprimerent.

1661 1205 1734 1257 Ita
1767 1205 2086 1259 Radamistus

258 1291 490 1345 simulata
527 1291 774 1345 adversus
809 1296 1002 1357 patrem
1044 1291 1336 1357 discordia,
1374 1297 1625 1359 tamquam
1659 1309 1919 1349 novercae
1942 1295 2088 1354 >odiis

258 1383 435 1450 impar,
473 1383 641 1450 pergit
679 1382 742 1434 ad
784 1387 1049 1448 patruum3
1108 1383 1361 1449 multaque
1400 1384 1462 1435 ab
1501 1399 1563 1436 eo
1603 1385 1840 1437 comitate
1875 1385 1930 1439 in
1967 1401 2091 1454 spe-.-

260 1474 390 1526 ciem
417 1473 631 1526 liberum
661 1472 821 1525 cultus
846 1473 1098 1538 primores
1123 1473 1480 1527 Armeniorum
1509 1475 1575 1526 ad
1604 1491 1690 1528 res
1716 1491 1877 1530 novas
1909 1477 2088 1544 inlicit,

259 1565 442 1632 ignaro
480 1569 530 1616 et
563 1570 778 1615 ornante
807 1564 1015 1630 insuper
1046 1564 1350 1617 Mithridate.

195 1656 523 1722 is‘adsumpta
559 1670 932 1723 regressusque
973 1655 1036 1707 ad
1073 1661 1298 1722 patrem,
1362 1671 1492 1723 quae
1537 1658 1717 1711 fraude
1776 1659 1958 1711 confici
1993 1674 2093 1727 po-

259 1747 474 1812 tuerint,
530 1750 757 1813 prompta
803 1746 1025 1812 nuntiat,
1086 1751 1255 1799 cetera
1304 1747 1458 1798 armis
1497 1748 1813 1814 exequenda.

383 1901 420 1941 1.
455 1898 671 1955 optinebat
693 1896 774 1940 Ma.

259 1969 479 2014 nunquam
502 1959 779 2013 aspirationis
810 1963 928 2000 nota.

254 2084 425 2133 partem
456 2089 506 2131 pr
537 2075 618 2119 Ma.
721 2084 837 2131 tanq.
874 2075 944 2118 Or.

259 2138 403 2178 statim
438 2144 668 2193 assumpta.
716 2137 939 2178 Victorius
971 2135 1111 2178 inlicit
1152 2150 1176 2178 e
1208 2135 1272 2178 Ma
1307 2136 1517 2178 enotavit.

769 2197 836 2239 15.
872 2209 955 2250 qua
986 2193 1074 2237 Ma:
1110 2195 1359 2238 emendavit
1386 2194 1574 2250 Lipsius,

261 2197 451 2238 correxit
482 2195 670 2250 Lipsius.

261 2254 511 2298 emendavit
541 2255 672 2297 idem.

346 2378 565 2435 potentiae
592 2385 854 2434 promptum:
906 2377 959 2420 ad
991 2378 1136 2420 susci-

262 2437 464 2492 piendam
529 2438 771 2492 potentiam
834 2437 1134 2490 inclinantem,

261 2497 307 2539 h.
343 2510 382 2538 e.
432 2498 657 2550 potentiae
700 2498 853 2552 regiae
894 2497 1135 2538 studiosum

264 2562 307 2597 et
326 2556 620 2597 affectantem.
662 2555 881 2597 Potentiae
896 2564 1134 2611 promptae,

263 2621 310 2654 ut
349 2614 485 2669 vulgo
529 2615 716 2669 legit-ur,
769 2615 942 2655 iuvenis
990 2621 1056 2655 est
1099 2617 1134 2655 is

265 2673 389 2714 cuius
421 2675 620 2726 potentia
651 2673 855 2726 expedita
889 2679 954 2713 est
987 2679 1029 2714 et
1053 2687 1134 2727 pa-

262 2737 370 2784 rata,
403 2744 515 2787 quae
548 2731 812 2788 significatio
834 2744 950 2772 nunc
973 2731 1132 2775 aliena.

262 2791 396 2833 Error
445 2797 564 2832 ortus
607 2796 673 2832 est
713 2790 982 2832 assimilandi
1026 2804 1135 2833 con-

264 2850 512 2893 suetudine.

355 2908 459 2963 Cap.
486 2910 558 2952 45.
616 2912 879 2965 praefectus,
914 2910 1134 2950 cenem-io.-

267 2968 384 3011 conf.
423 2973 570 3009 annot.
606 2969 659 3010 ad
690 2968 768 3010 XII
799 2969 870 3011 35.
936 2975 981 3009 at
1019 2969 1140 3010 nobis

266 3053 322 3061 --
359 3040 504 3082 quara
544 3034 633 3069 est.-
675 3033 773 3082 post
811 3029 1012 3082 iynarum
1051 3040 1136 3068 non

265 3093 389 3143 grate
433 3085 631 3128 succedit
671 3100 839 3142 quara,
885 3086 963 3127 sed
993 3092 1136 3128 tamen

266 3145 457 3201 glossam
490 3144 602 3187 haec
625 3158 712 3186 non
735 3147 926 3200 sapiunt,
958 3151 1004 3187 ut
1033 3145 1135 3186 olim

266 3206 439 3258 putavi,
473 3204 546 3246 vel
585 3211 763 3260 propter
805 3205 996 3247 additum
1030 3217 1136 3259 pro-

264 3276 425 3305 nomen
458 3263 594 3305 nobis.

357 3329 650 3364 verterentur.-
684 3322 727 3365 h.
759 3335 798 3364 e.
833 3328 1134 3365 everterentur

265 3382 362 3423 sive
394 3394 568 3436 pessum
602 3381 831 3434 darentur3
875 3382 931 3425 cf.
981 3382 1017 3424 11
1049 3385 1132 3426 42:

263 3454 391 3482 versa
440 3441 676 3483 Caesarum
723 3441 881 3483 subole.
946 3440 1002 3483 111
1044 3442 1131 3484 54:

266 3500 479 3541 civitatem
492 3500 602 3541 verti
613 3525 668 3531 —-
683 3500 974 3542 clamitabunt.
1009 3501 1130 3556 Virg.

263 3559 375 3599 Aen.
409 3557 428 3599 1
459 3558 542 3601 24:
582 3559 729 3614 Tyrias
760 3559 859 3602 olim
891 3573 998 3615 quae
1029 3573 1131 3602 ver-

266 3622 373 3660 teret
403 3629 542 3660 areca.

912 1899 1181 1953 farasmanis
1211 1896 1294 1940 Ma.

1012 1960 1055 2001 4.
1080 1958 1244 2000 hiberia
1264 1956 1344 1999 Ma.

257 2025 375 2074 ptum
408 2018 605 2072 Lipsius:
646 2016 713 2060 Ma
748 2024 968 2073 prompte,
1012 2016 1046 2058 G
1080 2024 1320 2074 promptae.

1061 2078 1128 2120 13.
1167 2076 1281 2119 cultii
1314 2073 1401 2118 Ma:
1437 2075 1469 2117 G
1502 2078 1650 2120 cultus.

1887 1749 2091 1803 Interim

1417 1900 1459 1943 2.
1493 1899 1754 1942 radamistus
1785 1898 1875 1954 Ma,
1927 1902 1972 1943 in
2004 1915 2090 1958 quo

1423 1957 1464 2000 6.
1501 1957 1543 2001 Ιι.
1578 1958 1608 2002 l.
1631 1958 1759 2001 Phar.
1791 1958 1872 2003 Ma.
1940 1975 2094 2018 prom-

1436 2017 1506 2060 10.
1538 2019 1812 2061 radamastus
1842 2017 1924 2062 Ma.
2024 2022 2092 2064 11.

1773 2078 1838 2121 itt.
1874 2077 1945 2121 Or.
1978 2077 2094 2121 idem

1643 2139 1711 2180 14.
1746 2145 1898 2179 orante
1930 2136 2093 2180 BGMae

1673 2197 1740 2239 16.
1771 2204 1967 2254 prompte
1997 2196 2094 2240 Ma:

1318 2377 1572 2419 Ummidium
1603 2377 1892 2430 Quadratum:
1930 2378 1973 2420 in
2001 2377 2095 2421 Me-

1222 2435 1336 2478 dicei
1388 2437 1604 2490 scriptura
1657 2437 1907 2490 taimidium,
1961 2437 2005 2480 h.
2054 2451 2094 2480 e.

1221 2496 1502 2547 tummidium,
1553 2497 1690 2550 prima
1732 2496 1879 2538 littera
1923 2510 1978 2538 ex
2009 2497 2096 2539 fine

1220 2554 1527 2608 praecedentis
1558 2555 1856 2597 absterruisset
1880 2554 2092 2599 adhaesit.

1219 2613 1336 2654 Idem
1371 2614 1483 2654 liber
1515 2613 1723 2668 liquidam
1750 2614 1937 2656 litteram
1962 2627 2093 2668 prae-

1219 2672 1295 2713 bet
1313 2671 1558 2725 simplicem
1579 2671 1674 2713 xm
1706 2672 1734 2714 8
1767 2679 1810 2714 et
1833 2673 1874 2726 9,
1903 2672 2000 2714 XIV
2021 2674 2092 2725 26,

1221 2737 1268 2771 ut
1301 2737 1366 2772 est
1398 2732 1439 2771 in
1475 2730 1601 2772 titulo
1626 2731 1738 2785 apud
1756 2731 1984 2774 Gruterum
2009 2733 2095 2776 579

1220 2792 1263 2842 3,
1286 2796 1329 2831 et
1340 2789 1565 2838 ,Norisium
1593 2790 1762 2844 Epoch.
1785 2791 2092 2845 Syro-Maced.

1221 2849 1325 2891 diss.
1358 2849 1416 2891 111
1449 2862 1488 2903 p.
1513 2849 1610 2901 158,
1644 2848 1721 2891 sed
1753 2850 1951 2892 Ummidii
1977 2851 2091 2904 apud

1222 2909 1340 2951 Grut.
1374 2909 1461 2952 672
1494 2910 1535 2960 7,
1565 2907 1653 2951 895
1691 2909 1744 2952 10
1777 2915 1821 2951 et
1856 2911 1933 2962 113
1975 2909 2091 2952 conf.

1225 2967 1378 3009 Orellii
1419 2967 1620 3021 Inscript.
1655 2981 1697 3011 n.
1739 2968 1855 3011 3665
1889 2974 1932 3010 et
1963 2980 2095 3022 prae-

1224 3029 1354 3080 cipue
1385 3026 1602 3068 Boeckhii
1637 3026 1684 3069 C.
1718 3026 1752 3068 1.
1781 3027 1853 3069 Gr.
1885 3041 1928 3070 n.
1962 3027 2092 3079 2637,

1222 3085 1294 3126 ubi
1351 3086 1394 3126 in
1452 3084 1580 3126 tituto
1631 3084 1792 3139 Cyprio
1851 3087 2093 3140 reperimus

1222 3143 1457 3185 Ummidios
1474 3144 1677 3196 Graecos,
1689 3158 1712 3186 a
1725 3144 1926 3198 praeside
1939 3145 2093 3198 Syriae

1218 3202 1448 3244 Boeckhio
1466 3203 1611 3244 iudice
1635 3205 1896 3256 nominatOS,
1922 3209 1966 3246 et
1990 3205 2093 3259 qui-

1219 3263 1316 3304 dem
1352 3263 1491 3307 Γάϊον
1525 3262 1811 3321 Οὐμμίδιον,
1851 3266 2090 3320 Τηρητίνᾳ,

1221 3320 1563 3378 Κουαδρᾶτον,
1619 3322 1761 3367 Γαΐου
1821 3320 2090 3379 Οὗμμιδίου

1216 3382 1513 3437 Πανιαύχου
1563 3381 1683 3424 υἱόν.
1749 3379 1833 3423 Sed
1890 3380 2090 3434 imperite

1217 3452 1392 3493 prorsus
1427 3446 1469 3481 et
1501 3441 1667 3495 antiqui
1696 3440 1886 3481 editores
1916 3444 1959 3479 et
1984 3437 2089 3479 novi

1218 3513 1273 3540 ex
1330 3500 1439 3540 vitio
1508 3504 1607 3540 ante
1662 3502 1899 3540 memorato
1959 3496 2091 3538 Titum

1222 3557 1471 3600 Ummidium
1490 3558 1754 3611 Quadratum
1783 3555 1933 3598 nescio
1959 3567 2088 3610 quem

1216 3617 1478 3661 elicuerunt.
1540 3616 1645 3661 Nam
1694 3615 1804 3659 haec
1861 3614 2087 3662 nominum

1424 1567 1879 1620 Reconciliationis
1915 1568 2090 1636 specie
2106 1566 2176 1620 45
