2280 4004
176 639 242 686 31

257 307 363 351 aro.
397 309 588 354 :zo-21.
826 302 990 347 LIBER
1019 299 1093 344 111.
1157 299 1263 344 CAP.
1298 301 1489 347 29-31.
1990 300 2096 344 198

258 452 359 504 tiae
395 467 514 504 raro
549 450 913 517 sempiternae,
970 460 1034 497 an
1069 445 1223 497 satias
1264 445 1397 512 capit
1432 449 1516 496 aut
1562 443 1702 508 illos,
1759 457 1870 494 cum
1909 443 2077 493 omnia

260 543 554 608 tribuerunt,
584 547 667 594 aut
702 541 814 603 hos,
847 552 959 589 cum
997 537 1097 588 iam
1133 536 1256 587 nihil
1288 535 1536 602 reliquum
1573 539 1651 587 est
1684 534 1819 601 quod
1858 533 2076 599 cupiant.

400 612 631 700 Sequitur
681 628 870 681 Tiberii
929 633 1159 695 quartUS,
1229 627 1380 679 Drusi
1440 625 1696 679 secundus
1765 624 2074 689 consulatuS,

259 724 415 791 patris
453 729 599 788 atque
645 721 732 771 filii
775 720 994 787 collegio
1052 719 1286 786 insigniS.
1359 719 1484 770 Nam
1526 717 1731 769 biennio
1793 721 1908 767 ante
1946 716 2079 767 Ger-

259 815 442 866 manici
478 828 587 864 cum
627 810 831 872 Tiberio
877 810 1010 861 idem
1065 809 1231 860 honor
1275 823 1441 874 neque
1482 814 1661 874 patruo
1713 807 1875 858 laetus
1912 821 2115 873 neques

259 910 432 957 natura
481 908 578 953 tam
624 916 883 952 connexus
935 900 1115 951 suerat.
1189 900 1312 951 Eius
1362 899 1481 950 anni
1530 898 1778 965 principio
1827 897 2076 963 TiberiuS,

260 995 402 1062 quasi
443 993 720 1044 firmandae
760 991 1049 1054 valitudini,
1089 991 1142 1040 in
1182 990 1505 1056 Campaniam
1545 989 1831 1054 concessit,
1872 988 2080 1055 longam

259 1091 308 1138 et
342 1085 629 1136 continuam
681 1083 958 1135 absentiam
1008 1081 1246 1148 paulatim
1298 1080 1579 1144 meditanS,
1644 1080 1753 1131 siv-e
1809 1086 1863 1130 ut
1912 1084 2079 1130 amoto

256 1181 398 1242 patre
425 1176 617 1225 Drusus
654 1174 821 1224 munia
859 1172 1150 1224 consulatus
1178 1171 1317 1223 solus
1349 1170 1594 1236 impleret.
1649 1170 1728 1220 Ac
1762 1170 1895 1221 forte
1924 1185 2082 1235 parva

255 1281 339 1318 res
375 1281 610 1332 magnum
650 1265 713 1316 ad
754 1269 1010 1316 certamen
1047 1276 1323 1330 progressa
1350 1261 1582 1327 praebuit
1613 1260 1784 1312 iuveni
1820 1261 2080 1312 materiem
2098 1274 2144 1310 io

256 1356 519 1423 apiscendi
578 1356 786 1407 favoris.
885 1354 1133 1406 Domitius
1187 1352 1407 1404 Corbulo
1465 1356 1702 1418 praetura
1761 1352 1961 1403 functus
2019 1351 2082 1403 de

255 1448 410 1498 Lucio
447 1447 581 1499 Sulla
637 1446 794 1497 nobili
847 1446 1030 1496 iuvene
1073 1449 1277 1510 questus
1329 1449 1405 1495 est
1459 1443 1589 1509 apud
1629 1448 1885 1508 senatum,
1948 1443 2082 1509 quod

256 1538 355 1589 sibi
401 1538 534 1588 inter
568 1536 854 1602 spectacula
903 1535 1242 1602 gladiatorum
1278 1534 1395 1585 loco
1435 1549 1539 1584 non
1587 1534 1912 1585 decessisset.
1986 1534 2082 1583 Pro

257 1627 546 1678 Corbulone
584 1631 739 1691 aetas,
778 1626 968 1692 patrius
1008 1640 1135 1690 mOS,
1175 1625 1340 1676 studia
1383 1624 1640 1676 seniorum
1682 1630 1825 1675 erant
1852 1643 1868 1675 ε,
1907 1629 2084 1675 contra

255 1719 536 1770 Mamercus
577 1718 794 1769 Scaurus
834 1723 884 1768 et
919 1716 1100 1768 Lucius
1143 1716 1415 1767 Arruntius
1444 1715 1636 1782 aliique
1666 1715 1833 1768 Sullae
1871 1715 2145 1781 propin-¹⁵

258 1810 341 1876 qui
388 1809 690 1860 nitebantur.
764 1808 1136 1873 certabantque
1175 1807 1517 1870 orationibus3
1574 1812 1624 1858 et
1674 1807 2085 1858 memorabantur

258 1900 486 1965 exempla
523 1899 796 1964 maiorum,
840 1899 923 1965 qui
966 1898 1236 1949 iuventutis
1274 1898 1668 1949 inreverentiam
1703 1897 1945 1963 gravibus
1991 1897 2086 1948 de-

259 1992 411 2043 cretis
469 1991 813 2054 notavissent,
875 1989 1040 2040 donec
1091 1989 1284 2039 Drusus
1336 1993 1447 2054 apta
1499 1988 1840 2054 temperandis
1904 1988 2083 2039 animis

256 2082 519 2144 disseruit3
579 2086 627 2132 et
681 2076 993 2132 Satisfactum
1031 2079 1307 2130 Corbuloni
1347 2094 1438 2144 per
1472 2079 1806 2143 Mamercum,
1871 2079 1954 2144 qui
1989 2094 2085 2144 pa—

255 2179 394 2223 truus
431 2172 578 2223 simul
617 2154 677 2222 ac
732 2171 940 2221 vitricus
978 2170 1146 2222 Sullae
1203 2174 1251 2219 et
1301 2173 1559 2220 oratorum
1616 2185 1674 2219 ea
1726 2173 1888 2219 aetate
1926 2169 2083 2219 uber·
2098 2176 2147 2213 20

197 2330 205 2340 ι
255 2263 411 2313 rimus
452 2267 574 2313 erat.
649 2261 786 2312 Idem
806 2245 1044 2311 ”Corbulo
1082 2259 1294 2326 plurima
1331 2274 1423 2325 per
1457 2258 1647 2309 ltaliam
1684 2258 1864 2310 itinera
1904 2258 2083 2309 fraude

0 2381 95 2429 ‘VM'
103 2383 186 2427 s'vvi
208 2419 217 2429 l

255 2353 538 2418 mancipum
590 2356 639 2402 et
694 2350 890 2401 incuria
943 2350 1323 2416 magistratuum
1387 2349 1664 2414 interrupta
1733 2354 1782 2399 et
1838 2349 2082 2415 impervia

254 2413 544 2433 Μ

368 2520 410 2562 3.
445 2518 570 2562 tiberi
600 2517 654 2560 Μ.
761 2517 802 2560 6,
838 2531 1024 2558 conca-us
1055 2516 1110 2558 M.
1219 2517 1286 2559 12.
1323 2516 1372 2557 L.
1406 2515 1460 2557 M.
1554 2522 1656 2571 aput
1687 2515 1740 2558 M.
1839 2518 1905 2559 15.
1942 2517 1991 2557 L.
2025 2517 2080 2558 M.

254 2578 326 2681 ἐξ.
357 2578 584 2694 ἕξὲειιῖζιαηι
616 2578 670 2619 M.
769 2576 836 2619 18,
868 2577 1099 2618 notavisset
1132 2576 1194 2617 M.
1258 2576 1330 2618 20.
1365 2589 1418 2615 ea
1448 2586 1516 2615 om
1550 2575 1615 2628 M,
1651 2576 1834 2616 inseruit
1864 2575 2082 2618 Ferretus.

253 2791 306 2834 ad
329 2806 367 2834 a.
384 2791 470 2836 742
494 2798 536 2833 et
556 2792 681 2847 756),
714 2790 812 2831 dum
835 2789 881 2832 L.
902 2789 1130 2832 Volusium

253 2864 292 2893 a.
326 2851 412 2894 742
446 2850 670 2891 consulem
703 2849 930 2890 suffectum
957 2854 1000 2890 et
1027 2852 1128 2891 anni

255 2909 340 2951 756
383 2909 606 2950 consulem
662 2909 754 2948 eius
811 2908 945 2950 filium
992 2908 1128 2949 fuisse

255 2974 454 3019 narrant,
487 2967 609 3008 nullo
643 2972 755 3008 teste
787 2971 1126 3008 monumentove

256 3027 466 3067 nituntur.
527 3025 675 3066 Fidem
710 3025 798 3066 illis
833 3025 1126 3067 habuitOrel-

256 3085 356 3126 lius.
403 3085 595 3126 Divitiae
631 3083 802 3125 Volusii
834 3090 1126 3126 memorantur

257 3144 386 3184 etiam
425 3144 525 3185 x1v
558 3143 628 3186 56.

343 3204 434 3244 sine
452 3203 657 3258 dignitate
679 3202 925 3243 senatoria.-
958 3201 1013 3242 ob
1036 3214 1128 3243 eam

257 3260 597 3302 moderationem
640 3261 841 3301 Horatius
881 3259 934 3301 ad
983 3260 1130 3302 Sallu-

258 3319 385 3361 stium
421 3317 561 3361 Carm.
593 3319 633 3360 11
667 3322 694 3362 2
729 3319 757 3360 8
789 3318 970 3359 scribit:
1004 3320 1131 3359 latius

258 3391 410 3432 reynes
422 3379 591 3420 avidum
611 3377 818 3419 domando
834 3379 1025 3433 spiritum
1046 3382 1129 3419 cet.

260 3436 489 3479 Sallustius
510 3449 653 3478 rerum
673 3437 859 3490 scriptor
885 3435 1133 3477 decesserat

261 3508 298 3536 a.
334 3496 433 3539 720.
510 3509 590 3551 per
622 3494 777 3536 cultum
809 3502 848 3535 et
877 3495 1132 3535 munditias:

262 3553 464 3595 Horatius
498 3554 718 3609 praedicat
761 3553 1013 3595 Sallustium
1044 3553 1134 3594 ini-

261 3613 416 3711 {picum
434 3613 621 3667 lamnae,
637 3614 723 3656 nisi
739 3618 968 3669 temperato
989 3610 1135 3669 splen-

289 3677 362 3713 -eat
390 3686 482 3714 usu.
1063 3676 1065 3678 ’

353 3762 503 3803 Tacitus
526 3767 555 3804 1.

1317 2789 1442 2843 idque
1485 2796 1524 2831 et
1557 2789 1806 2831 Maecenati
1840 2790 2084 2831 acciderat.-

1218 2848 1274 2890 cl'.
1313 2848 1414 2890 XIV
1446 2847 1518 2891 53.

1303 2965 1406 3020 Cap.
1439 2967 1511 3008 31..
1567 2967 1706 3022 patris
1737 2972 1859 3020 atque
1887 2965 1970 3019 filii
1991 2966 2084 3008 col-

1211 3024 1319 3079 leqio
1350 3025 1558 3079 insignis:
1593 3025 1708 3081 quod
1725 3031 1926 3066 narrante
1941 3025 2084 3067 Dione

1212 3083 1325 3125 LVII
1355 3085 1412 3127 20
1446 3097 1499 3124 ex
1533 3096 1585 3125 eo
1620 3084 1811 3139 collegio
1845 3085 2084 3138 perniciem

1214 3142 1355 3184 Druso
1378 3143 1605 3184 vaticinati
1621 3149 1720 3183 sunt
1752 3143 1965 3193 homines,
2000 3143 2084 3182 hoc

1216 3215 1270 3242 ex
1322 3201 1489 3254 reliqua
1536 3200 1693 3242 Tiberii
1734 3202 1823 3240 vita
1868 3206 2085 3252 sumptum

1217 3267 1260 3300 et
1307 3274 1330 3300 a
1373 3261 1559 3312 posteris
1598 3259 1651 3300 ad
1695 3260 1862 3311 priores
1902 3258 2087 3299 relatum

1218 3324 1297 3359 est.
1348 3318 1454 3358 Nam
1486 3323 1583 3370 post
1614 3322 1795 3358 mortem
1829 3316 1900 3357 vel
1933 3317 2012 3358 sub
2043 3316 2086 3357 id

1218 3383 1386 3430 tempus
1419 3375 1696 3416 observatum
1721 3380 1800 3426 cst,
1834 3387 1984 3417 omnes
2012 3378 2087 3430 qui

1219 3448 1314 3475 cum
1337 3434 1509 3475 Tiberio
1528 3434 1757 3475 consulatu
1790 3433 1926 3474 functi
1949 3440 2086 3486 erant,

1218 3499 1356 3533 morte
1388 3498 1659 3547 praematura
1691 3497 1765 3533 aut
1788 3491 1984 3534 violenta
2007 3505 2087 3534 oc-

1221 3550 1403 3603 cidisse,
1459 3551 1716 3603 Quintilium
1766 3551 1955 3603 Varum,
2006 3549 2086 3594 Cn.

1220 3610 1451 3663 Pisonem,
1505 3609 1803 3653 Germanicum
1823 3642 1834 3664 ,
1885 3610 2087 3667 Drusum,

1221 3669 1439 3715 Seianum.

1699 3748 1761 3803 13
