2280 4004
233 267 260 306 a'
286 261 446 307 'G.·37.
798 259 1067 308 LIBER'VI.
1098 265 1100 267 ’
1122 259 1246 305 Cn.
1276 260 1469 305 49-50.
1965 262 2056 304 365

206 411 345 459 nam
391 406 654 471 Tiberius,
703 405 976 459 *incertum
1026 415 1101 456 an*
1142 403 1365 457 offensus
1418 408 1658 470 tantoque
1706 403 1870 471 magis
1928 403 2055 456 iram

230 512 491 564 premens,
530 498 801 549 instaurari
841 497 1014 562 epulas
1048 496 1217 560 iubet,
1267 496 1635 561 discumbitque
1667 494 1795 545 ultra
1834 495 2053 560 solitum,

234 590 379 656 quasi
414 589 599 641 honori
639 588 869 639 abeuntis
921 588 1070 638 amici
1118 587 1378 638 tribueret.
1455 586 1715 637 Charicles
1752 591 1919 638 tamen
1953 585 2055 637 labi

232 680 459 746 spiritum
498 694 594 730 nec
633 678 762 728 ultra
801 677 1004 728 biduum
1046 677 1336 728 duraturum
1365 676 1592 728 Macroni
1629 676 1860 728 firmavit.
1934 676 2057 728 Inde

234 774 415 821 cuncta
451 768 718 834 colloquiis
770 768 903 819 inter
956 773 1281 834 praesenteS‚
1341 768 1528 818 nuntiis
1582 768 1712 833 apud
1760 768 1958 835 legatos
2009 772 2098 825 ets

232 859 486 912 exercitus
535 859 922 910 festinabantur.
1016 857 1542 924 Septimumdecimum
1588 857 1833 910 kalendas
1867 858 2057 925 Aprilis

232 950 504 1012 interclusa
538 950 728 1000 anima
794 949 1016 1000 creditus
1076 954 1152 1000 est
1209 948 1562 1000 mortalitatem
1624 949 1926 1015 explevisse.
1998 951 2061 1001 Et

231 1041 385 1092 multo
436 1045 722 1107 gratantum
780 1054 1032 1090 concursu
1098 1039 1161 1089 ad
1223 1039 1470 1104 capienda
1534 1039 1730 1105 imperii
1782 1040 2059 1105 primordia

234 1131 401 1185 Gaius
427 1131 618 1182 Caesar
659 1130 1049 1198 egrediebatur,
1092 1145 1203 1180 cum
1242 1134 1451 1195 repente
1493 1129 1720 1181 adfertur
1765 1131 1936 1182 redire
1973 1132 2062 1183 Ti-

231 1223 376 1275 berio
418 1237 598 1274 vocem
637 1238 698 1273 ac
744 1222 916 1285 visuS‚
978 1221 1259 1295 vocarique
1300 1220 1383 1286 qui
1421 1221 1736 1292 regeandae
1785 1222 2059 1274 defectioni
2080 1237 2128 1278 ιο

233 1314 400 1366 cibum
451 1313 727 1364 adferrent.
821 1313 984 1363 Pavor
1030 1312 1148 1362 hinc
1200 1312 1251 1361 in
1309 1326 1513 1375 omnes3
1564 1317 1614 1362 et
1668 1313 1824 1363 ceteri
1872 1314 2061 1378 passim

234 1403 488 1471 dispergi,
542 1418 599 1455 se
639 1403 851 1469 quisque
901 1407 1146 1454 maestum
1196 1407 1279 1453 aut
1316 1403 1545 1454 nescium
1583 1402 1810 1470 fingere3
1872 1404 2062 1456 Caesar

233 1494 286 1545 in
327 1493 578 1546 silentium
615 1493 741 1545 fixus
781 1508 808 1544 a
847 1508 1038 1544 summa
1067 1507 1156 1558 spe
1184 1493 1463 1572 {ovissima
1500 1494 1814 1559 expectabat.
1886 1495 2058 1547 Macro
2081 1478 2133 1530 ³³³3
2182 1494 2280 1533 ff

233 1584 513 1651 intrepidus
551 1584 765 1650 opprimi
801 1599 976 1636 senem
1012 1584 1201 1635 iniectu
1239 1584 1423 1635 multae
1465 1585 1624 1636 vestis
1661 1585 1830 1650 iubet,
1887 1579 2124 1638 disce-'¹²'

235 1676 387 1743 dique
420 1676 484 1729 ab
521 1674 710 1726 limine.
784 1674 869 1726 Sic
896 1675 1124 1726 Tiberius
1163 1674 1338 1739 finivit,
1371 1679 1553 1725 octavo
1596 1679 1645 1726 et
1681 1676 2059 1743 septuagesimo
2082 1690 2127 1731 ιε

2085 1556 2102 1591 f
2202 1551 2267 1602 ἑτέ,

350 1827 392 1870 5.
427 1826 539 1869 conl.
571 1825 627 1870 Μ.
703 1839 820 1882 pres.
852 1826 910 1869 M.

236 1885 276 1930 Μ
308 1886 458 1941 XVII„
489 1885 732 1928 Beroaldus
768 1885 1384 1988 decimoseptimo‚9B‹sszl{3pus
1412 1888 1585 1943 septimo
1619 1888 1795 1930 decimo.

235 1947 280 1989 8.
313 1953 563 2002 yratantam
577 1946 633 1999 M,
666 1957 755 1986 non
786 1947 1065 2000 qratantium.

235 2005 423 2048 evanida
452 2005 508 2047 Μ.
590 2005 659 2047 13.
694 2019 809 2061 casp.
845 2002 917 2047 Or.

355 2146 816 2204 septimumdecimumt-
868 2143 1110 2186 Beroaldus

240 2213 285 2249 et
305 2206 507 2262 plerique
530 2205 878 2261 decimoseptimo,
903 2204 979 2245 alii
1003 2205 1114 2245 arti..

242 2261 342 2307 flcio
364 2266 550 2322 quodam
571 2266 638 2307 usi
672 2278 768 2306 cum
804 2262 957 2305 codice
977 2263 1111 2306 XVII.

242 2326 528 2380 scripserunt.
622 2323 794 2365 Tacitus
863 2329 1006 2364 autem
1068 2323 1114 2363 in

242 2382 547 2427 huiuscemodi
580 2382 779 2424 formulis
812 2382 1111 2424 accusativum

241 2445 380 2497 ponit,
408 2456 495 2485 non
528 2442 784 2484 ablativum.
851 2440 918 2483 Cf.
946 2439 1004 2482 VI
1029 2441 1111 2484 25:

241 2503 562 2558 decretumque,
624 2508 671 2543 at
717 2500 1114 2555 quintumdecimum

239 2561 449 2604 kalendas
466 2560 726 2612 Novembris,
747 2562 965 2614 utriusque
995 2560 1115 2600 necis

240 2620 336 2675 die,
383 2635 462 2678 per
495 2620 629 2662 omnis
661 2633 801 2661 annos
835 2620 990 2661 donum
1020 2618 1116 2660 Iovi

239 2687 506 2723 sacraretur.
583 2677 660 2720 XII
706 2678 787 2721 69:
830 2686 924 2727 ,tum
974 2678 1111 2719 medio

243 2739 342 2792 diei,
379 2740 549 2782 tertium
579 2745 680 2780 ante
710 2737 805 2779 idus
833 2737 1112 2789 Octobris,—

241 2798 360 2840 Nero
393 2797 622 2854 egreditur.
685 2795 808 2838 Prior
834 2797 973 2849 locus,
1006 2797 1111 2838 item

241 2856 337 2898 xm
382 2857 410 2899 6
454 2863 601 2897 octavo
642 2856 802 2897 decimo
835 2862 966 2910 atque
997 2868 1111 2896 nono

244 2915 421 2967 decimo,
455 2914 504 2956 Ο.
523 2915 584 2957 34
605 2927 718 2955 nono
746 2915 905 2956 decimo
937 2915 1112 2955 veriora

244 2972 430 3015 edocent
473 2973 527 3015 de
559 2974 727 3015 minore
766 2985 945 3016 numero
979 2985 1111 3027 prae-

245 3032 444 3085 ponendo
469 3032 636 3073 maiori.
670 3033 980 3075 Accusativum
1004 3044 1110 3074 vero

248 3092 378 3132 etiam
420 3091 471 3132 H.
528 3089 547 3131 I
588 3091 641 3133 57
696 3097 866 3133 tuetur:
916 3092 1112 3147 superior

247 3152 521 3191 exercitas—
533 3150 701 3191 tertium
720 3163 858 3192 nonas
876 3150 1112 3192 Ianuarias

255 3207 423 3250 Vitellio
451 3209 643 3260 accessit,
679 3208 752 3249 ubi
779 3210 862 3250 iam
895 3209 980 3250 lac.
1001 3207 1112 3250 Gro-

246 3267 404 3308 novius
445 3267 614 3307 monuit
662 3266 747 3308 hoc
795 3280 892 3309 esse
943 3269 987 3307 in
1030 3267 1111 3318 Ma,

248 3338 334 3366 non
360 3325 527 3366 numeri
557 3329 702 3365 notam
727 3324 847 3381 (ΙΙΙ).
895 3325 960 3366 De
980 3338 1112 3379 prae-

248 3386 466 3438 positione
498 3389 597 3424 ante
630 3395 717 3423 non
737 3382 908 3424 adiecta
939 3383 1027 3423 dixi
1060 3381 1113 3423 ad

250 3443 305 3485 Vl
339 3445 409 3487 25.
487 3442 535 3483 ln
576 3442 726 3483 mortis
758 3441 829 3482 die
864 3441 1112 3483 definiendo

247 3503 465 3544 consentit
490 3501 638 3542 Tacito
661 3500 896 3543 Suetonius
928 3500 1018 3541 Tib.
1041 3500 1111 3542 73.

247 3561 329 3603 Dio
363 3562 407 3603 in
428 3567 606 3603 auctore
631 3572 759 3616 quem
791 3560 886 3613 ipse
907 3558 1114 3601 adhibuit

247 3632 470 3665 numerum
502 3622 536 3666 X
570 3626 644 3665 aut
683 3621 883 3677 neglexit
926 3627 999 3664 aut
1029 3631 1113 3664 ne-

1001 1828 1172 1870 nunciis
1202 1826 1257 1869 M.

1354 1826 1397 1870 6.
1429 1828 1858 1884 septimumclecimum
1896 1828 2061 1871 editor:

1423 1948 1491 1989 12.
1524 1948 1714 1989 nescium
1744 1889 2064 2003 primaklliltteliia

1194 2142 1387 2199 glectum
1408 2143 1469 2185 ibi
1487 2148 1707 2200 repperit;
1734 2150 1896 2205 quippe
1914 2149 2066 2192 scribit

1192 2201 1326 2244 LVIII
1359 2201 1444 2246 28:
1475 2207 1728 2263 μετήλλαξε
1765 2211 1815 2266 τῇ
1848 2209 1949 2268 ἕκτῃ
1986 2212 2065 2252 καὶ

1193 2262 1375 2322 εἰκοστῇ
1408 2268 1490 2305 τοῦ
1529 2267 1742 2322 Μαρτίου
1775 2267 1947 2325 ἡμέρᾳ,
1982 2268 2067 2311 hoc

1195 2328 1261 2363 est
1292 2322 1512 2377 septimum
1540 2321 1749 2367 kalendas
1779 2327 1958 2383 Aprilis.

1280 2380 1587 2423 mortalitatem
1612 2384 1868 2440 explevisse:
1899 2393 2066 2428 morta-

1193 2438 1293 2481 litas
1324 2452 1440 2481 nunc
1475 2446 1542 2482 est
1572 2443 1726 2485 modus
1761 2447 1860 2487 aevi
1892 2446 2065 2488 mortali

1194 2498 1330 2540 alicui
1376 2511 1635 2554 concessus,
1684 2503 1783 2546 XVI
1828 2505 1881 2547 13
1922 2511 2067 2547 autem

1193 2557 1424 2600 inclinatio
1452 2557 1506 2599 ad
1525 2562 1820 2605 moriendum:
1853 2571 2068 2618 tamquam

1194 2618 1406 2660 communi
1419 2618 1681 2663 mortalitate
1700 2624 1919 2665 saevitiem
1934 2625 2067 2680 prin-

1195 2677 1300 2733 cipis
1319 2678 1640 2734 praevenirent.
1703 2681 1825 2724 Prius
1846 2694 1961 2724 nove
1994 2683 2066 2724 di-

1194 2742 1309 2777 ctum
1342 2742 1422 2779 est.
1555 2737 1710 2781 Macro
1746 2767 1802 2774 —-
1832 2742 1967 2783 iubet:
2007 2742 2064 2785 cf.

1194 2796 1429 2838 Suetonius
1461 2794 1554 2839 Tib.
1591 2798 1660 2851 73,
1697 2799 1837 2857 Calig.
1876 2803 1943 2844 12.

1288 2861 1437 2896 octavo
1483 2861 1522 2896 et
1560 2862 1868 2915 septuagesimo
1913 2860 2067 2901 aetatis

1194 2926 1335 2954 armo.-
1395 2912 1507 2955 haec
1559 2917 1605 2956 in
1666 2930 1745 2960 sua
1795 2920 2067 2973 transcripsit

1194 2973 1428 3016 Suetonius
1460 2971 1551 3016 Tib.
1577 2976 1647 3018 73.
1694 2977 1778 3018 Dio
1804 2979 1833 3021 l.
1861 2992 1926 3021 c.:
1961 2982 2065 3034 ἐβίω

1194 3032 1243 3075 δὲ
1277 3029 1390 3076 ἑπτά
1424 3036 1505 3075 καὶ
1531 3031 1845 3093 ἑβδομήκοντα
1879 3039 1953 3089 ἔτη
1987 3040 2066 3080 καὶ

1191 3091 1348 3148 μῆνας
1369 3095 1604 3149 τέσσαρας
1625 3099 1702 3136 καὶ
1734 3096 1911 3152 ἡμέρας
1932 3098 2066 3139 ἐννέα

1196 3149 1275 3203 (ex
1295 3149 1450 3189 Dionis
1483 3152 1693 3207 ratione).
1759 3153 1826 3196 ef.
1854 3153 2064 3207 Iosephus

1193 3207 1295 3248 Ant.
1339 3207 1477 3247 XVIII
1519 3207 1546 3249 6
1590 3211 1636 3260 δ.
1674 3211 1740 3253 10.
1803 3211 1936 3253 Natus
1972 3217 2066 3252 erat

1195 3265 1392 3306 Tiberius
1454 3278 1492 3307 a.
1543 3268 1628 3310 712
1674 3270 2062 3312 sextumdecimum

1197 3323 1407 3364 kalendas
1430 3323 1724 3368 Decembres:
1759 3329 1878 3370 Suet.
1912 3328 2060 3371 Tib.5.

1195 3381 1473 3423 'restimoniis
1505 3383 1640 3425 Taciti
1685 3386 1756 3427 vel
1791 3388 1989 3429 Suetonii
2021 3393 2065 3428 et

1195 3439 1350 3481 Dionis
1392 3442 1569 3483 sinistre
1608 3444 1767 3486 iunctis
1804 3446 1917 3488 male
1960 3458 2064 3487 usus

1197 3505 1262 3540 est
1294 3498 1498 3541 Aurelius
1540 3501 1653 3545 Vict.
1688 3503 1831 3558 Epit.:
1867 3513 1962 3561 post
1992 3519 2064 3547 se·-

1191 3559 1501 3614 ptuayesimum
1551 3568 1745 3606 octavum
1803 3578 1963 3606 annum
2023 3571 2064 3610 et

1194 3634 1378 3664 mensem
1407 3627 1671 3680 quartum—
1691 3625 1899 3668 eaetinctus
1929 3629 2002 3672 est.
