2280 4004
282 294 343 336 Μ
1039 289 1331 334 ANNAleu
1848 309 1890 341 ι.
1921 303 1969 344 n.-
1995 299 2105 346 eoa.-

277 436 521 488 maiorem
558 439 678 486 natu
708 431 981 483 Domitium
1019 432 1122 483 filio
1155 433 1445 500 anteponit,
1496 433 1667 487 habita
1705 436 2105 503 apudsenattm'

278 528 510 579 oratione
545 526 596 575 in
635 524 849 576 eundem
891 538 1035 590 quem
1064 540 1091 576 a
1127 523 1309 577 liberto
1343 531 1612 592 acceperat
1645 527 1864 580 modum.
1922 529 2108 582 Adno—

276 617 449 668 tabant
483 616 630 682 periti
669 615 853 667 nullam
890 616 1105 667 antehac
1144 617 1468 683 adoptionem
1506 618 1640 689 inter
1673 620 1918 685 patricios
1955 621 2108 673 Clau-
2189 636 2194 638 ·

277 707 390 759 dios
444 707 684 774 reperiri,
749 722 941 773 eosque
991 707 1053 758 ab
1092 707 1218 774 Atto
1252 708 1435 760 Clauso
1499 710 1766 762 continuos
1821 711 2104 767 duravisse.

237 797 510 851 aCeterum
548 803 693 850 actae
726 798 942 864 principi
976 780 1177 865 grates,
1235 801 1544 865 quaesitiore
1580 800 1632 852 in
1666 801 1936 853 Domitium
1977 802 2191 857 adu-26

273 887 498 952 latione3
560 893 842 956 rogataque
882 888 966 940 lex
1004 904 1100 955 qua
1138 890 1190 940 in
1237 889 1477 942 familiam
1514 891 1772 944 Claudiam
1829 898 1879 945 et
1919 909 2106 947 nomen

272 979 492 1033 Neronis
534 980 788 1031 transiret.
863 980 1095 1048 Augetur
1137 986 1187 1032 et
1222 980 1504 1049 Agrippina
1545 989 1887 1051 cognomento
1923 985 2110 1053 Augu·-

273 1076 399 1124 stae.
474 1072 664 1133 Quibus
719 1073 924 1138 patratis
972 1087 1121 1124 nemo
1161 1072 1290 1124 adeo
1345 1089 1526 1140 expers
1579 1076 1967 1128 misericordiae
2015 1076 2109 1128 suit

275 1177 422 1228 quem
475 1177 579 1213 non
616 1163 894 1214 Britannici
951 1164 1185 1216 fortunae
1240 1180 1443 1216 maeror
1496 1165 1759 1218 adficeret.
1835 1167 2105 1220 Desolatus

212 1270 262 1308 10
274 1253 511 1321 paulatim
552 1255 701 1307 etiam
731 1255 1002 1307 servilibus
1030 1256 1342 1322 ministeriiS,
1372 1257 1813 1324 perintempestiva
1850 1273 2108 1311 novercae

392 1412 434 1455 2.
467 1411 514 1451 in
547 1422 616 1451 om
651 1408 740 1452 Ma:
775 1410 958 1451 inseruit
981 1408 1028 1452 G.

273 1483 352 1512 sae
385 1471 430 1511 in
463 1468 544 1511 Ma.
639 1473 682 1511 4.
714 1470 930 1525 repperiri
960 1468 1040 1511 Ma.

271 1528 481 1582 Pichena,
518 1534 619 1570 ante
651 1541 779 1584 quem
815 1534 906 1569 erat
938 1529 1227 1583 exquisitiore.

273 1587 518 1643 eodemque
555 1593 797 1629 atramento
832 1594 1031 1629 correcto
1066 1595 1248 1643 augusta
1280 1583 1389 1630 Mas

712 1649 780 1689 10.
809 1648 1189 1704 perintempestiva
1221 1647 1388 1689 editor:
1422 1646 1489 1689 Ma
1515 1662 1596 1704 per
1624 1650 1933 1705 intempestiva.

271 1650 470 1704 affigeret
504 1646 584 1690 Ma.

272 1789 410 1837 perat,
423 1782 702 1824 Britannicus
721 1782 903 1836 primum
918 1781 1149 1824 decimum.

272 1841 339 1886 Cf.
376 1842 430 1884 ad
460 1841 559 1882 XIII
597 1843 665 1884 15.
717 1841 920 1882 Concinit
949 1841 1152 1883 cumbae

271 1901 600 1956 computatione
650 1901 764 1956 quod
819 1900 935 1942 Nero
982 1902 1082 1942 anni
1127 1914 1151 1942 a

269 1959 372 2003 Chr.
402 1962 458 2003 53
496 1962 622 2001 initio
655 1960 837 2001 sedecim
863 1974 1002 2001 annos
1024 1967 1152 2001 uatus

273 2020 433 2062 dicitur
464 2019 540 2061 XII
572 2019 643 2062 58.
704 2019 832 2061 Errat
865 2025 1009 2060 autem
1037 2020 1150 2062 Sue-

272 2082 446 2132 tonius,
500 2079 597 2120 dum
632 2079 783 2120 scribit
814 2079 1037 2120 undecimo
1072 2093 1152 2119 ae-

271 2141 373 2181 tatis
405 2152 521 2180 anno
538 2138 755 2180 Neronem
779 2138 1028 2191 adoptatum
1053 2151 1151 2179 esse

272 2198 400 2253 (Ner.
436 2199 501 2254 7),
536 2211 681 2253 neque
714 2198 810 2251 ipse
842 2198 925 2239 sibi
965 2203 1149 2250 constat,

272 2270 370 2298 cum
404 2257 534 2312 paulo
569 2263 666 2311 post
700 2259 762 2311 [c.
798 2256 849 2313 8)
886 2263 1031 2297 narrat
1058 2257 1149 2298 Ne-

268 2328 422 2359 ronem
466 2316 764 2371 septendecim
818 2328 955 2357 annos
997 2322 1145 2357 natum

271 2377 514 2418 accessisse
548 2376 600 2418 ad
633 2376 890 2429 imperium:
943 2373 1149 2416 Claudius

271 2436 387 2477 enim
440 2448 552 2477 anno
616 2436 674 2477 54
736 2435 969 2487 expiravit.
1032 2434 1149 2476 Idem

268 2494 401 2548 paulo
444 2500 544 2536 ante
593 2498 652 2549 (c.
685 2494 735 2549 6)
779 2493 956 2534 tradidit
1002 2500 1149 2535 natum

271 2567 369 2595 esse
390 2554 607 2596 Neronem
645 2559 742 2606 post
765 2565 926 2593 nonum
955 2566 1148 2594 mensem

270 2625 398 2667 quam
433 2612 631 2654 Tiberius
667 2613 872 2663 excessit,
913 2619 1012 2652 ante
1035 2612 1149 2652 duo-

268 2670 584 2713 devicesimum
648 2669 857 2711 kalendas
910 2670 1147 2723 Ianuarias,

269 2729 312 2771 h.
341 2744 379 2772 e.
415 2731 566 2786 quinto
602 2730 771 2771 decimo
803 2728 873 2770 die
891 2728 1147 2771 Decembris

271 2789 483 2844 (eundem
520 2802 713 2830 mensem
758 2788 929 2829 Tacitus
963 2788 1059 2830 XIII
1097 2789 1148 2844 1⁴0

269 2848 485 2905 prodidit)
523 2850 623 2890 anni
662 2849 734 2890 37.
798 2847 979 2889 Sueton.
1014 2848 1149 2904 igitur

269 2909 410 2960 primo
444 2908 544 2949 loco
578 2911 636 2963 (c.
663 2908 711 2963 7)
746 2906 986 2948 Britannici
1024 2914 1148 2948 aeta-

268 2972 356 3008 tem
418 2967 529 3008 falso
570 2978 646 3020 pro
687 2965 935 3007 Neroniana
975 2966 1149 3007 videtur

270 3027 506 3079 posuisset
563 3039 659 3067 nam
708 3037 852 3080 neque
902 3025 1149 3066 undecimus

269 3090 312 3125 et
347 3086 497 3127 tertius
532 3086 716 3126 decimus
749 3097 893 3139 neque
914 3083 970 3125 XI
993 3090 1035 3125 et
1054 3084 1148 3126 XIII

271 3146 527 3185 commutari
565 3143 698 3185 facile
731 3149 947 3197 poterant.

362 3204 632 3245 adnotabant
661 3203 815 3258 periti.-
849 3202 906 3244 cf.
929 3203 1034 3258 Agr.
1062 3205 1146 3247 22:

267 3263 537 3304 adnotabant
568 3263 699 3318 periti
729 3276 816 3303 uon
839 3261 971 3303 alium
1000 3262 1148 3303 ducem

269 3324 608 3377 opportunitates
667 3320 858 3363 locorum
912 3322 1148 3377 sapientius

268 3381 434 3435 legisse.
500 3381 634 3422 Periti
680 3386 866 3435 utroque
915 3380 1014 3422 loco
1047 3386 1146 3421 sunt

268 3452 378 3494 quos
402 3452 480 3480 nos
515 3440 696 3481 dicimus
734 3440 800 3481 (lie
827 3439 1145 3481 Sachverstdn-

269 3499 424 3552 diqen,
463 3504 505 3539 ct
544 3500 690 3552 priore
721 3498 894 3554 quidem
928 3500 991 3540 rei
1025 3499 1145 3540 mili-

267 3559 372 3598 taris
406 3558 563 3610 periti,
598 3557 681 3598 hoc
718 3564 867 3599 nostro
901 3559 1007 3599 iuris
1040 3571 1146 3611 pru-

268 3615 438 3657 dentes.
505 3615 631 3657 Conf.
667 3616 765 3657 XIII
794 3618 846 3658 3:
880 3617 1147 3658 adnotabant

268 3675 461 3722 seniores
485 3680 570 3721 cet.
604 3674 655 3720 Η.
678 3673 735 3719 111
766 3676 848 3722 37:
882 3676 1146 3723 adnotabant

1122 1416 1220 1464 post
1252 1410 1428 1451 eundem
1459 1410 1605 1452 littera
1635 1423 1722 1452 una
1752 1410 1826 1452 vel
1858 1411 1970 1454 duae
2006 1425 2108 1455 era-

1142 1471 1184 1511 5.
1220 1471 1459 1524 quaestiore
1491 1468 1572 1522 Ma,
1605 1478 1798 1524 questore
1828 1470 1884 1512 G:
1917 1473 2110 1514 correxit

1340 1530 1401 1571 ·7.
1435 1529 1675 1585 Augustae,
1709 1529 1762 1570 ab
1796 1529 1948 1572 eadem
1978 1543 2108 1573 manu

1468 1589 1509 1631 9.
1543 1588 1764 1630 brittanici
1793 1587 1875 1631 Ma.
1960 1602 2125 1632 meror

1228 1783 1362 1839 periti
1422 1797 1641 1838 nunquam
1695 1792 1826 1827 antea
1870 1809 1927 1817 —-
1975 1784 2108 1828 alium

1233 1844 1465 1898 suffectum.

1330 1903 1541 1958 patricios
1590 1902 1821 1945 Claudios.-
1871 1904 2106 1947 Suetonius

1232 1959 1323 2002 Tib.
1365 1964 1414 2003 1:
1442 1962 1635 2018 patricia
1665 1977 1769 2018 qens
1800 1961 1986 2005 Claudia
2002 1963 2107 2019 (suit

1234 2021 1346 2061 enim
1380 2028 1419 2062 et
1453 2021 1544 2063 alia
1571 2021 1762 2076 plebeia,
1802 2037 1884 2064 nec
1913 2023 2107 2080 potentia

1233 2081 1375 2120 minor
1412 2095 1495 2122 uec
1541 2080 1774 2136 dignitate)
1815 2089 1912 2123 orta
1951 2089 2012 2124 est
2054 2095 2108 2123 est

1234 2139 1416 2195 Reyillis
1449 2139 1601 2195 oppido
1634 2141 1910 2184 Sabinorum.

1327 2199 1379 2238 ab
1413 2199 1512 2240 Atto
1551 2199 1737 2241 Clauso.-
1789 2200 1906 2243 conf.
1938 2199 2035 2243 Liv.
2069 2199 2108 2243 11

1236 2256 1305 2308 16,
1338 2258 1374 2298 Χ
1405 2257 1448 2299 8.
1486 2257 1612 2300 Ovid.
1646 2258 1763 2302 Fast.
1799 2258 1857 2302 1v
1891 2260 1993 2303 305.
2165 2262 2174 2269 ’

1323 2315 1427 2370 Cap.
1462 2317 1533 2360 26.
1598 2325 1834 2373 rogataque
1865 2318 1962 2360 let:
2004 2318 2108 2374 lege

1233 2377 1400 2417 curiata
1421 2375 1685 2432 arbitrisque
1700 2377 1980 2431 pontificibus
1991 2376 2106 2420 Nero

1232 2433 1506 2490 adrogandus
1551 2442 1671 2477 erat:
1717 2450 1814 2478 nam
1858 2442 1981 2491 patre
2012 2436 2108 2478 Do-

1231 2494 1353 2534 mitio
1387 2496 1469 2535 iam
1506 2496 1701 2537 extincto
1744 2497 1812 2537 sui
1843 2497 1951 2550 iuris
1984 2501 2106 2548 erat;

1231 2566 1273 2593 v.
1308 2552 1360 2594 ad
1394 2553 1486 2594 11.1
1523 2556 1587 2597 15.
1672 2569 1847 2596 maeror
1874 2555 2104 2609 adficeret.-

1230 2611 1416 2652 Medicei
1458 2614 1653 2668 affigeret
1696 2614 1837 2655 forma
1881 2620 1982 2656 nata
2036 2619 2104 2655 est

1233 2683 1286 2710 ex
1318 2670 1559 2711 litterarum
1593 2671 1626 2713 C
1650 2677 1695 2713 et
1715 2672 1749 2715 G
1781 2673 1825 2713 in
1853 2672 2105 2731 ἀρχετύπῳ

1230 2731 1569 2782 permutatione.
1634 2731 1731 2772 Non
1776 2737 1876 2786 apte
1913 2731 2105 2774 Orellius

1231 2788 1332 2829 inde
1365 2788 1472 2830 fecit
1505 2790 1730 2845 affligeret.

1300 2849 1700 2905 perintempestiva.-
1725 2848 1958 2892 Ernestius
1973 2862 2104 2904 prae-

1230 2907 1496 2959 positionem
1531 2910 1756 2963 expunxit,
1793 2920 1878 2965 ego
1901 2908 2103 2965 sequenti

1230 2965 1448 3008 vocabulo
1480 2967 1671 3021 adiunxi,
1705 2967 1759 3010 de
1782 2980 1868 3023 quo
1891 2969 2105 3025 cogitavit

1230 3025 1544 3082 Kiesslingius‚
1588 3033 1677 3069 tum
1712 3026 1990 3069 Waltherus:
2033 3026 2104 3069 hic

1230 3089 1374 3125 tamen
1408 3085 1606 3128 codicum
1657 3087 1915 3140 scripturam
1957 3086 2103 3141 expli-

1232 3144 1336 3195 cuit,
1372 3158 1419 3184 er
1441 3145 1586 3186 wurde
1607 3159 1700 3186 zum
1722 3146 1915 3201 Gespott:
1940 3147 2102 3201 quippe

1230 3202 1411 3243 verbum
1445 3205 1636 3246 vertebat
1679 3210 1835 3246 neutra
1874 3203 2102 3261 signitica-

1230 3261 1364 3313 tione‚
1399 3268 1446 3302 ut
1469 3263 1602 3306 V146
1629 3269 1672 3304 et
1705 3263 1826 3316 alibi,
1858 3263 2100 3318 praeditum

1229 3326 1364 3374 putat.
1396 3321 1480 3363 Sed
1500 3323 1686 3375 primum
1706 3323 1973 3365 miserrimus
1993 3333 2101 3378 puer

1231 3392 1282 3421 eo
1317 3380 1431 3435 quod
1477 3382 1733 3422 ministeriis
1778 3381 2000 3423 desolatus
2033 3385 2099 3422 est

1230 3440 1272 3479 in
1307 3438 1541 3482 ludibrium
1576 3440 1690 3482 haud
1722 3440 1935 3492 vertebat,
1967 3441 2096 3480 immo

1230 3500 1440 3539 maeroris
1498 3506 1540 3540 et
1595 3498 1920 3554 misericordiae
1967 3509 2097 3539 causa

1232 3559 1391 3610 extitit,
1426 3564 1515 3599 tum
1548 3570 1653 3599 vero
1687 3571 1773 3598 non
1808 3555 1995 3599 ludibria
2019 3556 2096 3598 sed

1231 3615 1461 3658 ludibrium
1491 3619 1697 3670 scriptum
1731 3615 1955 3670 oportuit:
1998 3628 2096 3657 nam

1231 3676 1275 3718 in
1336 3676 1482 3720 verbis
1547 3675 1603 3721 VI
1660 3673 1718 3721 46
1776 3686 1831 3723 ne
1890 3676 2099 3724 memoria
