2280 4004
211 312 236 343 a
271 300 318 344 C.
358 302 424 344 14.
806 298 969 341 LIBER
999 297 1031 339 1.
1097 296 1202 339 CAP.
1237 296 1427 339 38—40.
1974 294 2033 335 45

208 442 369 505 xime,
421 456 566 507 quem
606 441 827 508 dignitas
868 440 988 506 fuga
1026 438 1374 504 impertiverat.
1449 437 1621 501 Neque
1655 433 1790 484 aliud
1824 433 2035 499 pericli-

208 534 331 583 tanti
374 533 653 584 subsidium
707 547 852 597 quam
895 535 1059 581 castra
1095 529 1287 594 primae
1338 528 1573 594 legionis.
1651 526 1758 576 Illic
1797 525 1943 592 signa
1986 528 2035 575 et

211 624 427 688 aquilam
480 623 738 687 amplexus
788 622 1041 688 religione
1092 635 1208 671 sese
1257 620 1538 682 tutabatur3
1599 633 1659 668 ae
1697 617 1748 667 ni
1802 615 2036 681 aquilifer

210 714 506 779 Calpurnius
546 714 647 763 vim
677 718 951 763 extremam
984 712 1250 775 arcuisset,
1290 726 1459 761 rarum
1499 710 1649 760 etiam
1685 709 1816 759 inter
1841 708 2032 772 hosteS,

207 805 405 871 legatus
432 804 600 869 populi
629 805 841 856 Romani
864 803 1103 855 Romanis
1141 803 1192 851 in
1231 802 1411 853 castris
1441 801 1689 868 sanguine
1726 815 1818 851 suo
1857 798 2074 850 altarias

210 896 356 946 deum
392 894 883 946 commaculavisset.
958 895 1092 944 Luce
1117 893 1330 956 demum,
1371 898 1633 958 postquam
1669 892 1770 943 dux
1807 896 1855 942 et
1891 890 2035 941 miles

209 991 258 1036 et
298 987 428 1037 facta
465 985 824 1049 noscebantur,
867 986 1129 1051 ingressus
1161 989 1325 1034 castra
1355 983 1684 1035 Germanicus
1721 982 1932 1048 perduci
1974 980 2036 1030 ad

208 1077 523 1128 se·Plancuin
562 1077 788 1142 imperat,
827 1075 1122 1140 recepitque
1163 1074 1214 1123 in
1253 1074 1486 1124 tribunal.
1562 1075 1682 1123 Tum
1717 1073 1917 1123 fatalem
1956 1073 2039 1121 in·-

209 1183 423 1234 crepans
459 1168 681 1231 rabiem,
735 1181 900 1231 neque
938 1165 1146 1215 militum
1185 1164 1276 1214 sed
1319 1164 1465 1214 deum
1502 1164 1575 1214 ira
1608 1178 1907 1229 resurgere,
1948 1177 2038 1212 cur

206 1260 439 1310 venerint
475 1259 630 1326 legati
671 1258 832 1323 aperit
847 1275 860 1320 3
899 1257 975 1307 ius
1019 1255 1291 1322 legationis
1332 1260 1480 1321 atque
1520 1255 1677 1320 ipsius
1706 1255 1873 1304 Planci
1911 1269 2036 1320 gra-
2054 1269 2101 1305 10

206 1366 319 1401 vem
360 1355 408 1401 et
444 1350 743 1400 immeritum
800 1364 997 1412 casum,
1057 1347 1203 1398 simul
1244 1351 1478 1412 quantum
1530 1346 1801 1396 dedecoris
1857 1345 2038 1396 adierit

205 1442 361 1508 legi0,
400 1441 618 1492 facunde
654 1440 938 1502 miseratur,
979 1439 1290 1503 attonitaque
1320 1438 1482 1504 magis
1524 1452 1668 1502 quam
1705 1437 1872 1502 quieta
1910 1451 2039 1486 con-

124 1537 193 1583 40
209 1532 345 1582 tione
385 1530 583 1597 legatos
622 1529 882 1594 praesidio
925 1529 1242 1580 auxiliarium
1293 1528 1513 1593 equitum
1554 1529 1769 1578 dimittit.
1872 1529 1944 1579 Eo
1986 1528 2036 1577 in

209 1626 341 1673 metu
381 1636 599 1687 arguere
638 1619 991 1671 Germanicum
1048 1634 1223 1670 omnes
1271 1619 1405 1684 quod
1453 1634 1556 1669 non
1609 1619 1671 1669 ad
1723 1619 2036 1684 superiorem

210 1714 484 1764 exercitum
521 1717 775 1779 pergeret,
813 1712 897 1762 ubi
942 1712 1186 1776 obsequia
1229 1716 1276 1761 et
1314 1716 1489 1762 contra
1533 1711 1738 1762 rebellis
1778 1712 2100 1762 auxiliuin.15

209 1804 339 1856 Satis
373 1819 624 1869 superque
663 1803 907 1853 missione
949 1807 996 1852 et
1023 1802 1237 1867 pecunia
1276 1806 1324 1852 et
1361 1802 1594 1853 mollibus
1632 1802 1873 1853 consultis
1913 1817 2038 1867 pec-

212 1900 391 1945 catum.
467 1895 557 1946 Vel
597 1895 639 1945 si
677 1894 791 1944 vilis
835 1894 930 1959 ipsi
969 1894 1122 1958 salus,
1166 1909 1255 1943 cur
1283 1893 1434 1943 filium
1471 1893 1748 1958 parvulum,
1789 1909 1878 1943 cur
1915 1909 2040 1960 gra-

210 1987 376 2037 vidam
422 1987 689 2053 coniugem
729 1986 862 2036 inter
900 1986 1124 2036 furentes
1166 1991 1214 2036 et
1259 1985 1420 2035 omnis
1470 1985 1672 2035 humani
1716 1986 1838 2035 iuris
1874 1985 2040 2035 viola-

212 2082 348 2128 tores
390 2076 637 2127 haberet?
729 2076 845 2126 Illos
901 2075 1077 2127 saltem
1137 2092 1232 2126 avo
1285 2081 1333 2126 et
1390 2075 1464 2126 rei
1515 2075 1747 2140 publicae
1783 2075 2036 2126 redderet.

330 2265 371 2307 3.
405 2264 623 2320 releqione
641 2264 695 2307 Μ.

211 2338 298 2366 oms
331 2337 427 2365 cum
460 2324 536 2366 lin.
571 2325 625 2366 M.

790 2263 963 2320 quilifer
995 2264 1049 2306 M.
1113 2264 1154 2306 8.
1190 2265 1428 2320 recepitque
1449 2264 1502 2317 M,
1538 2276 1624 2305 non
1657 2264 1903 2321 recipitque.
1972 2265 2039 2307 14.

210 2482 412 2536 Augusto
463 2481 604 2533 posita
656 2485 770 2531 erat,
834 2485 880 2519 ut
929 2478 1082 2533 colligi
1169 2494 1224 2521 ne
1256 2481 1377 2521 irrita
1412 2480 1535 2521 fieret
1569 2479 1867 2520 exauctoratio
1902 2490 2041 2531 nuper

211 2546 355 2594 potest
376 2553 428 2580 ex
447 2540 686 2580 sacerdotio
712 2541 903 2581 Romano
927 2543 984 2595 (c.
1007 2540 1081 2595 59)

211 2601 269 2640 ibi
305 2600 557 2651 constituto,
594 2605 680 2639 tum
717 2613 770 2639 ex
803 2612 875 2639 ara
903 2597 1083 2652 Lugdu-

211 2661 426 2710 nensium,
462 2658 514 2698 de
550 2672 633 2712 qua
652 2658 803 2700 Strabo
823 2658 881 2698 IV
902 2659 929 2699 3
963 2660 1006 2707 δ.
1031 2660 1082 2700 2:

210 2719 260 2761 τό
302 2731 347 2759 τε
391 2714 523 2776 ἱερὸν
566 2711 616 2760 τὸ
657 2716 943 2774 ἅναὸειχθὲν
992 2714 1081 2760 ὑπὸ

213 2778 408 2821 πάντων
439 2778 570 2833 κοινῇ
604 2778 694 2818 τῶν
715 2778 939 2818 Γαλατῶν
958 2780 1083 2818 Καί-

216 2853 328 2893 σαρι
392 2837 452 2892 τῷ
485 2836 703 2893 Σεβαστῷ
765 2830 858 2892 πρὸ
923 2835 1086 2888 ταύτης

214 2896 403 2950 ἵδρυται
424 2898 497 2948 τῆς
520 2895 693 2942 πόλεως
711 2896 786 2937 ἐπὶ
806 2895 855 2951 τῇ
880 2894 1084 2950 συμβολῇ

213 2957 303 2997 τῶν
360 2954 581 3012 ποταμῶν
607 2971 615 2979 ·
682 2956 780 2996 ἔστι
828 2954 876 2995 δὲ
933 2953 1087 3012 βωμὸς

216 3012 459 3068 α”ξιόλογος
502 3011 775 3070 ἐπιγραφὴν
830 3014 952 3068 ἔχων
995 3013 1088 3057 τῶν

216 3073 369 3117 ἐθνῶν
402 3071 433 3119 ξ’
475 3066 555 3113 τὸν
589 3071 816 3129 ἀριθμόν.

300 3131 573 3183 veteranique
597 3145 733 3187 nuper
764 3131 881 3170 missi
911 3130 983 3170 sul)
1014 3143 1089 3170 ve-

213 3191 316 3230 aillo
360 3190 627 3230 hiemabant.-
668 3191 741 3231 sub
781 3188 935 3229 veoeillo
979 3189 1084 3229 sini-

218 3250 373 3301 plicius
409 3250 603 3302 iungitur
636 3263 732 3289 cuni
761 3249 895 3288 verbo
919 3249 1085 3288 hiema-

218 3309 316 3347 bant
361 3318 485 3360 quani
535 3321 629 3346 cuni
680 3309 910 3360 participio
955 3307 1085 3356 missi,

218 3374 262 3406 ut
307 3367 419 3405 soret
458 3366 519 3403 ila
558 3367 673 3405 missi
711 3374 755 3406 ut
794 3367 1084 3406 retinerentur

216 3426 289 3466 sub
323 3423 501 3474 rex-illo,
550 3424 661 3477 quod
703 3438 806 3464 sane
840 3426 965 3463 nimis
1002 3426 1083 3462 ini..

217 3484 424 3539 peditum.

303 3541 502 3583 rel-illum
526 3542 571 3581 in.
602 3540 718 3580 domo
741 3540 988 3580 Germanici
1023 3540 1084 3579 si-

218 3609 302 3642 lum
324 3602 521 3656 [tussitare
547 3601 783 3654 occipiunt.-
821 3599 917 3638 dum
941 3604 1085 3637 inetu-

220 3667 295 3702 unt
328 3660 488 3704 milites
521 3673 570 3702 ae
603 3660 837 3716 praecipue
870 3658 1084 3709 veterani,

1170 2552 1393 2591 concessa,
1431 2540 1513 2580 hoc
1544 2552 1697 2578 munus
1732 2539 1925 2578 fui-enses
1958 2551 2040 2578 ve-

1170 2600 1307 2639 terani
1344 2604 1593 2654 expugnato
1623 2598 1788 2639 vexillo
1815 2597 1894 2638 sibi
1916 2599 2039 2651 quasi

1169 2659 1393 2699 vindicare
1438 2665 1480 2698 et
1514 2670 1776 2698 conservare
1811 2663 2036 2697 conantur.

1169 2717 1273 2758 Nam
1316 2718 1519 2772 quamdiu
1564 2716 1774 2757 vexillum
1831 2716 1908 2756 sul)
1954 2728 2038 2770 quo

1169 2777 1414 2817 militabant
1446 2778 1569 2830 sequi
1592 2781 1808 2829 poterant,
1845 2780 1962 2815 certe
1996 2775 2039 2814 in

1169 2835 1596 2889 legionuninunieris
1620 2848 1702 2874 non
1722 2834 2037 2884 reserebantur,

1170 2894 1246 2934 sed
1279 2901 1522 2935 ceterorum
1557 2895 1767 2933 immunes
1803 2899 1923 2933 erant
1955 2894 2038 2933 nisi

1172 2954 1451 3007 propulsandi
1482 2953 1633 2993 hostis.
1688 2954 1759 2993 Sic
1778 2952 1887 2992 haec
1906 2953 2039 2992 verba

1172 3026 1195 3052 a
1228 3027 1295 3053 me
1329 3013 1432 3053 olim
1474 3014 1587 3052 iusto
1633 3012 1911 3052 artificiosius
1960 3025 2039 3051 ex.-

1173 3072 1333 3124 plicata
1372 3085 1488 3112 nunc
1538 3071 1779 3124 simplicius
1822 3072 2038 3123 interpre-

1174 3131 1302 3171 tanda
1335 3143 1448 3171 reor.
1513 3130 1611 3170 Plus
1644 3131 1823 3170 rationis
1849 3143 1973 3182 quani
1999 3130 2039 3167 id

1172 3190 1283 3244 quod
1319 3191 1406 3229 (lixi
1442 3191 1482 3228 in
1504 3189 1749 3228 hominihus
1785 3188 1902 3227 rabie
1938 3199 2036 3226 ror-

1171 3250 1305 3300 reptis
1342 3248 1564 3300 postulare
1600 3247 1667 3287 vel
1693 3253 1923 3298 expectare
1959 3259 2038 3284 na..

1172 3313 1265 3346 tura
1304 3306 1515 3346 eiusmodi
1552 3305 1758 3344 tumultus
1800 3304 2035 3344 dissuadet.

1257 3394 1381 3445 siqua
1407 3399 1442 3432 el
1468 3391 1682 3444 aquilam:
1716 3391 1838 3445 siqua
1858 3394 2037 3432 univer-

1170 3450 1248 3489 sim
1284 3451 1392 3490 dixit
1434 3451 1597 3490 vexilla
1638 3453 1926 3492 centuriarum
1971 3451 2037 3492 le·-

1172 3511 1330 3561 gionis.
1396 3509 1520 3550 Cous.
1557 3510 1606 3549 ad
1642 3508 1752 3550 1:34.

1260 3596 1363 3649 Cap.
1395 3597 1465 3637 ΞΗ).
1538 3610 1584 3636 eo
1625 3597 1670 3636 iu
1712 3604 1843 3637 metu:
1898 3601 2037 3636 metus

1172 3661 1327 3698 statum
1360 3669 1502 3698 rerum
1550 3655 1709 3697 indicat
1742 3658 2036 3701 metuendum.
