2280 4004
223 285 314 334 262
988 279 1197 326 ANNALI
1204 280 1286 328 VM
1797 293 1845 327 a.
1860 283 1914 330 ³83
1946 274 2049 330 5372

225 434 390 482 actum
428 429 500 481 de
527 428 767 495 piaemiis
806 431 1159 479 accusatorum
1196 425 1488 490 abolendiS,
1543 425 1588 478 si
1624 392 1735 492 quis
1768 424 2051 487 m

154 565 158 573 .
223 521 504 586 postulatus
552 523 668 570 ante
716 518 997 584 perfectum
1041 517 1284 568 iudicium
1335 532 1392 569 se
1432 517 1541 583 ipse
1587 517 1688 569 vita
1727 506 2070 593 privumss

160 580 171 665 t
225 612 494 676 Ibaturque
546 611 597 660 in
647 625 757 661 eam
809 604 1138 673 sententiam,
1205 608 1258 659 ni
1304 608 1478 660 durius
1530 613 1810 675 contraque
1854 614 2066 660 mom?

226 718 401 765 suum,
466 700 631 767 pilam
668 715 761 766 pro
805 700 1222 765 accusatoribuS,
1270 700 1462 752 Caesar
1494 700 1672 752 inritas
1712 699 1916 767 legeS,
1944 713 2053 751 rem
2119 689 2122 692 ’

158 794 478 861 §publicam
516 793 568 843 in
604 792 872 859 praecipiti
914 797 1222 859 conquestus
1275 797 1445 844 esset:
1499 793 1854 844 subverterent
1886 791 2054 858 potius

225 886 336 938 iura
375 899 522 951 quam
563 884 803 936 custodes
846 899 1021 936 eorum
1061 889 1372 937 amoverent.
1449 885 1535 939 Sic
1569 885 1851 949 delatoreS,
1889 898 2055 952 genus

150 1041 155 1048 Ι
226 976 485 1028 hominum
507 976 712 1042 publico
745 976 899 1027 exitio
925 981 1177 1042 repertum
1219 982 1270 1028 et
1305 992 1369 1028 ne
1391 977 1571 1044 poenis
1602 975 1804 1044 quidem
1837 989 2055 1043 uuquam

227 1067 351 1118 satis
391 1068 695 1132 coercitum,
750 1083 843 1133 per
874 1068 1099 1134 praemia
1139 1068 1485 1119 eliciebantur.

369 1159 458 1210 His
498 1164 597 1211 tam
637 1160 864 1212 adsiduis
903 1165 1104 1226 tamque
1140 1160 1345 1211 maestis
1394 1161 1595 1212 modica
1643 1159 1833 1212 laetitia
1874 1157 2056 1210 interi-
2071 1160 2138 1208 31

162 1257 212 1306 ³⁰
229 1251 389 1316 citur,
430 1251 565 1317 quod
604 1252 782 1304 Gaium
817 1252 1098 1303 Cominium
1139 1253 1358 1318 equitem
1396 1254 1692 1317 Romanum,
1729 1249 1966 1317 probrosi
2006 1249 2058 1301 in

226 1357 284 1395 se
320 1343 558 1396 carminis
603 1344 889 1395 convictum
912 1383 925 1409 ,
985 1345 1175 1396 Caesar
1209 1344 1446 1410 precibus
1485 1344 1688 1408 fratris,
1731 1343 1816 1409 qui
1852 1347 2060 1394 senator

227 1438 353 1498 erat,
397 1435 669 1486 concessit.
746 1436 856 1496 Quo
893 1435 1057 1503 magis
1095 1429 1274 1486 mirum
1315 1434 1597 1485 habebatur
1628 1448 1842 1502 gnarum
1878 1431 2062 1484 melio-

227 1539 364 1589 rum,
419 1530 469 1576 et
519 1540 649 1591 quae
695 1525 827 1577 fama
876 1526 1195 1578 clementiam
1232 1530 1559 1592 sequeretur,
1614 1524 1841 1576 tristiora
1893 1522 2059 1575 malle.

226 1615 402 1683 Neque
440 1617 573 1667 enim
612 1617 853 1669 socordia
889 1617 1165 1683 peccabat3
1213 1632 1311 1668 nec
1352 1616 1604 1669 occultum
1641 1621 1718 1669 est
1756 1614 1960 1684 quando
1997 1630 2063 1667 ex

160 1718 213 1757 15
230 1709 471 1773 veritate,
523 1708 725 1774 quando
781 1709 1076 1783 adumbrata
1126 1709 1318 1761 laetitia
1354 1709 1488 1761 facta
1525 1709 1882 1775 imperatorum
1919 1709 2063 1761 cele-

228 1801 452 1851 brentur.
544 1800 677 1861 Quin
730 1800 867 1866 ipse,
928 1774 1414 1866 compositus'alias
1454 1805 1504 1852 et
1558 1800 1695 1851 velut
1737 1800 2060 1852 eluctantium

228 1893 527 1955 verborum,
584 1891 796 1942 solutius
844 1891 1224 1958 promptiusque
1262 1892 1620 1959 eloquebatur,
1661 1893 1895 1958 quotiens
1937 1892 2064 1944 sub-

230 1984 444 2034 veniret.
519 1983 587 2034 At
605 1982 830 2033 Publium
855 1982 1085 2035 Suillium
1119 1988 1442 2050 quaestorem
1471 1983 1725 2050 quondam
1755 1983 2062 2048 Germanici,

231 2090 342 2126 cum
379 2073 519 2126 Italia
563 2079 825 2126 arceretur
882 2074 1146 2125 convictus
1183 2074 1453 2141 pecuniam
1490 2075 1554 2126 ob
1592 2090 1700 2127 rem
1740 2074 2065 2139 iudicandam

166 2167 458 2233 nocepisse,
521 2166 858 2218 amovendum
907 2166 959 2216 in
998 2165 1212 2218 insulam
1269 2167 1494 2232 censuit,
1551 2171 1688 2219 tanta
1740 2160 2067 2220 contentione

356 2340 392 2380 1.
425 2340 599 2394 premiis
617 2340 670 2381 M.
733 2340 775 2382 3.
810 2340 858 2380 ni
889 2340 1036 2382 durius
1052 2340 1318 2382 Beroaldus:
1352 2342 1391 2382 M
1410 2341 1638 2382 medurius.
1702 2341 1745 2383 4.
1779 2348 1990 2384 accussat.
2009 2341 2064 2384 M.

232 2399 273 2440 7.
308 2412 361 2440 ne
388 2399 540 2454 poenis
575 2399 740 2452 quidem
769 2412 958 2454 uuquam
990 2399 1043 2441 de
1064 2399 1255 2441 Bekkeri
1289 2401 1566 2454 suspicione:
1597 2401 1747 2456 poenis
1773 2400 1940 2454 quidem
1969 2415 2066 2446 um-

232 2471 358 2512 quam
390 2457 443 2509 M,
471 2459 622 2513 poenis
654 2458 819 2513 quidem
855 2473 1072 2514 nunquam
1103 2458 1359 2501 Beroaldus.
1433 2459 1475 2501 8.
1508 2459 1679 2515 premia
1711 2459 1975 2502 dicebantur
2009 2459 2064 2502 M.

236 2517 304 2560 10.
342 2517 389 2558 C.
410 2517 463 2558 M.
533 2517 847 2573 11.praecibus
865 2518 918 2560 M.
985 2519 1052 2561 15.
1077 2518 1185 2559 cael.
1209 2518 1262 2559 M.
1330 2518 1396 2561 16.
1433 2532 1556 2574 conp.
1579 2518 1633 2560 Μ.
1701 2519 1767 2561 17.
1801 2517 1985 2562 solacius
2010 2518 2063 2561 Μ.

238 2575 305 2617 18.
342 2576 388 2617 P.
425 2576 476 2616 M.
555 2576 755 2618 Suillium
787 2577 841 2629 M,
875 2590 962 2617 non
999 2578 1181 2618 Siciliam
1212 2577 1363 2632 Lipsii.
1458 2578 1528 2621 20.
1565 2578 1725 2633 cepisse
1764 2578 1818 2630 Μ,
1855 2590 1943 2620 non
1973 2577 2065 2620 Be-

231 2634 370 2676 roaldi
405 2636 604 2690 coepisse.
699 2635 977 2678 amovendum
1007 2636 1070 2689 M,
1122 2649 1208 2677 non
1239 2636 1444 2679 Beroaldi
1485 2637 1820 2681 ammovendum.

233 2777 373 2833 quinti
420 2777 519 2818 libri
563 2784 686 2832 parte
729 2778 939 2820 narravit.
1001 2778 1106 2822 Nam
1194 2781 1399 2836 quotiens
1423 2780 1694 2824 subveniret.
1788 2783 2066 2826 amovendum

233 2836 364 2891 paulo
397 2843 498 2878 ante
517 2837 721 2880 Seianum
756 2851 958 2880 eversum
983 2840 1107 2893 prin-

234 2910 338 2950 ceps
364 2896 528 2939 Sereno
552 2897 739 2952 ignovit.
793 2898 859 2939 De
884 2897 969 2940 hoc
993 2899 1106 2939 enim

233 2955 525 3011 intelligenda
587 2962 687 2997 sunt
751 2957 887 2999 verba
949 2957 1104 2999 Dionis

232 3013 370 3055 1V111
413 3013 467 3056 8:
520 3019 732 3073 Τιβέριος
776 3016 953 3074 ἐχθρόν
1000 3034 1105 3062 τινα

235 3072 381 3142 adro&
415 3075 693 3130 (Σηϊανοῦ),
742 3074 976 3134 ᾑρημένον
1015 3078 1106 3134 μὲν

233 3129 328 3190 πρὸ
381 3132 492 3178 δέκα
539 3134 657 3178 {nav
700 3133 895 3192 Ἰβηρίας
949 3135 1105 3191 ἄρξαι,

235 3192 518 3265 κρινόμενον
550 3192 598 3236 δὲ
633 3196 716 3238 ἐπί
744 3209 884 3246 τισιν,
915 3196 960 3244 ἐξ
987 3196 1105 3238 ἐκεί·

235 3268 320 3296 νου
355 3250 522 3310 ἀφῆκε.
646 3253 696 3293 de
724 3254 930 3310 praemiis
973 3267 1107 3296 accu-

178 3354 183 3362 ,
235 3318 426 3353 satorum
457 3312 702 3354 abolendis.-
736 3313 852 3355 conf.
877 3319 1025 3355 annot.
1055 3314 1106 3356 ad

236 3370 298 3412 lv
331 3371 403 3413 20.

324 3487 514 3541 Cap 31.
559 3488 834 3530 eluctantium
859 3488 1108 3531 verborum.-

236 3548 265 3585 i.
301 3559 340 3587 e.
377 3558 473 3588 eum
506 3546 764 3588 difficultate
808 3553 850 3589 et
881 3548 1107 3590 molimine

240 3607 491 3646 exeuntium
526 3618 579 3647 ex
612 3617 687 3647 ore
720 3606 968 3650 verborum.
1012 3607 1106 3650 Illis

237 3663 427 3705 vinculis
469 3665 605 3706 verba
648 3665 742 3705 eius
785 3666 928 3709 soluta
968 3672 1105 3719 erant,

1192 2841 1239 2881 in
1271 2840 1456 2881 insulam
1486 2842 1673 2882 censuit.-
1719 2852 1904 2896 poenam
1937 2855 1963 2884 a
1993 2844 2065 2884 iu-

1193 2899 1364 2941 dicibus
1398 2900 1553 2941 Suillio
1587 2901 1838 2956 irrogatam,
1869 2907 1916 2942 ut
1941 2901 2066 2944 ltalia

1192 2958 1522 3012 prohiberetur,
1573 2964 1749 3001 senatus
1780 2960 1962 3003 deereto
1992 2962 2066 3003 in-

1194 3018 1454 3060 tendendam
1488 3031 1540 3060 eo
1574 3020 1747 3061 censuit
1772 3019 1983 3073 Tiberius,
2018 3026 2064 3062 ut

1194 3077 1418 3119 damnatus
1464 3079 1506 3118 in
1552 3079 1736 3119 insulam
1769 3085 2061 3122 amoveretur.

1282 3143 1326 3176 ut
1371 3138 1464 3178 iure
1514 3138 1698 3178 iurando
1755 3137 2062 3195 obstringeret:

1195 3196 1237 3236 in
1272 3194 1350 3237 illo
1384 3195 1566 3237 Medicci
1600 3197 1858 3238 meinrando
1891 3203 1989 3252 post
2019 3205 2065 3240 ut

1193 3254 1396 3308 supplevi
1430 3256 1558 3296 iura
1593 3257 1715 3297 vocis
1756 3256 2064 3313 subsequentis

1192 3314 1296 3357 (iu-r
1327 3339 1383 3346 —
1416 3314 1559 3370 ando)
1605 3315 1731 3355 initio
1776 3315 1889 3357 haud
1931 3315 2063 3357 dubie

1195 3372 1410 3423 haustum,
1436 3374 1559 3414 cuius
1577 3375 1638 3415 rei
1666 3380 1831 3415 certum
1855 3374 2061 3415 indicium

1194 3438 1260 3473 est
1291 3431 1510 3473 residuum
1546 3433 1658 3474 istud
1690 3447 1726 3474 e.
1783 3433 1892 3473 Hinc
1923 3431 2059 3487 vulgo

1194 3490 1360 3532 faciunt
1413 3499 1480 3543 et,
1533 3492 1609 3533 sed
1665 3497 1816 3531 contra
1871 3495 2059 3530 mentem

1193 3551 1350 3592 'l'acitiz
1412 3563 1509 3591 nam
1558 3551 1882 3592 contentionem
1927 3549 2061 3589 animi

1192 3609 1389 3653 Tiberius
1409 3621 1496 3651 uno
1517 3609 1611 3651 iure
1640 3607 1823 3650 iurando
1851 3607 2057 3661 prodidit,

1190 3674 1240 3710 ut
1270 3668 1441 3712 Tacitus
1473 3667 1623 3720 tradit,
1666 3678 1752 3718 non
1785 3667 1917 3709 ettam
1960 3666 2059 3710 aliis
