2222 4022
840 250 1005 296 LIBER
1026 249 1065 294 1.
1130 247 1236 294 GAr.
1254 251 1401 295 ,2—3.
1993 256 2025 298 ,5

203 396 539 461 cecidissent,
579 394 737 446 ceteri
774 393 1052 458 nobilium,
1088 397 1274 459 quanto
1321 390 1432 459 quis
1479 390 1689 444 servitio
1725 393 2022 460 promptior,
2071 378 2083 464 “2

203 490 381 556 opibus
419 494 468 540 et
510 487 790 539 honoribus
841 485 1238 551 extollerentur,
1271 500 1331 536 ac
1385 485 1533 539 novis
1574 500 1638 537 ex
1686 485 1840 538 rebus
1891 486 2024 537 aucti
2080 526 2082 530 ⁷

200 586 304 632 tuta
345 586 395 632 et
427 578 714 647 praesentia
753 592 899 643 quam
934 582 1110 629 vetera
1148 581 1198 627 et
1232 576 1519 643 periculosa
1553 576 1772 628 mallent.

1847 578 2024 643 Neque
2072 576 2078 590 “

198 672 494 739 provinciae
529 670 667 722 illum
704 685 876 721 rerum
928 674 1110 722 statum
1159 669 1478 734 abnuebant,
1527 674 1764 736 suspecto
1816 674 2022 721 senatus

198 762 466 830 populique
514 761 725 826 imperio
763 760 828 811 ob
873 761 1145 812 certamina
1190 760 1465 826 potentium
1513 765 1562 811 et
1611 760 1873 811 avaritiam
1910 776 2061 815 mat-⁵

199 853 513 920 gistratuum,
550 851 773 902 invalido
815 851 985 919 legum
1024 851 1231 915 auxilie,
1273 866 1402 917 quae
1436 852 1488 902 vi
1522 851 1725 916 ambitu,
1763 855 2020 916 postremo
2081 847 2086 911 J

150 945 184 993 3
198 941 410 1007 pecunia
440 940 785 992 turbabantur.

859 941 1092 992 Ceterum
1128 940 1386 1008 Augustus
1424 940 1653 992 subsidia
1691 942 2023 994 dominationi
2083 942 2089 983 ἶ

201 1030 459 1112 Claudium
507 1030 799 1083 Marcellum
851 1031 1048 1086 sororis
1100 1030 1253 1083 filium
1315 1031 1585 1083 admodum
1641 1032 2024 1086 adulescentem

315 1179 357 1225 2.
392 1190 446 1222 ac
477 1175 741 1221 Beroaldus:
773 1177 813 1220 Μ
844 1184 902 1220 at.

199 1348 402 1389 cernere,
463 1336 740 1393 magistratus
791 1336 967 1379 edicere
1015 1349 1066 1378 ac

200 1396 447 1451 disponere,
479 1396 667 1450 populus
699 1396 853 1439 iubere
891 1396 1066 1452 legibus

198 1457 365 1513 rogatis
411 1461 511 1497 ante
557 1455 781 1509 solebant,
831 1469 883 1512 ea
929 1457 974 1497 in
1019 1469 1066 1497 se

199 1517 330 1556 traxit
355 1516 592 1571 Augustus.
669 1514 775 1557 Nam
810 1528 906 1557 cum
952 1521 1068 1556 esset

198 1576 398 1632 princeps
427 1580 618 1627 senatus,
655 1575 700 1616 in
727 1574 927 1615 omnibus
954 1576 1068 1628 apud

201 1639 346 1690 patres
376 1633 664 1675 relationibus
693 1635 856 1688 primus
885 1640 1067 1676 senten..

201 1694 304 1735 tiam
315 1693 564 1750 rogabatur,
580 1695 709 1748 eique
724 1696 858 1735 ceteri
875 1693 1067 1749 plerum-

201 1766 285 1809 que
303 1752 664 1794 assentiebantur.
700 1753 817 1794 Idem
833 1754 1069 1809 imperator

199 1817 399 1868 praeerat
411 1812 636 1865 militibus,
650 1812 906 1854 tribuniciae
921 1818 1067 1854 autem

195 1872 416 1929 potestatis
449 1884 626 1925 compos
670 1873 724 1913 iis
766 1877 942 1914 senatus
985 1871 1066 1913 de-

201 1932 331 1973 cretis
353 1944 464 1986 quae
484 1931 578 1972 lieri
602 1930 755 1984 nollet,
777 1931 1066 1983 intercedere,

202 1993 324 2032 cives
347 2002 434 2030 non
456 1990 597 2031 solum
623 1991 738 2032 tueri
768 1989 845 2032 sed
866 1991 1067 2046 legitime

201 2048 441 2104 quemlibet
462 2051 648 2091 attinere
678 2049 876 2104 adeoque
907 2049 1067 2091 ducere

201 2110 246 2149 in
277 2120 496 2150 carcerem
529 2113 714 2162 poterat.
770 2108 854 2149 Dio
883 2107 973 2149 LIII
998 2109 1066 2150 17.

200 2166 266 2209 De
297 2167 435 2208 forma
462 2168 610 2207 munia
639 2168 802 2208 dictum
835 2167 889 2208 ad
916 2165 1036 2209 1112.

286 2240 365 2281 per
414 2227 530 2267 acies
590 2233 665 2267 aut
720 2227 1064 2282 proscriptione:

200 2286 290 2326 acri
313 2284 476 2327 iudicio
509 2284 688 2326 secundi
721 2287 908 2326 nominis
941 2297 1067 2327 casus

200 2349 389 2386 mutatus
422 2350 513 2385 est:
562 2356 615 2385 eo
650 2346 765 2385 enim
801 2344 991 2386 efficitur
1022 2350 1068 2385 ut

201 2403 468 2458 praepositio
499 2404 632 2456 priori
667 2403 832 2445 nomini
876 2415 1067 2458 praepo-

200 2464 285 2504 sita
315 2463 521 2504 maiorem
562 2464 649 2504 vim
679 2463 868 2516 accipiat
900 2464 1067 2504 oratio-

201 2523 357 2577 nisque
379 2522 507 2578 vigor
536 2527 762 2577 augeatur.
813 2522 1068 2564 Germanice

203 2585 431 2622 convertas
496 2581 560 2621 ‘in
624 2580 708 2622 den
766 2581 936 2622 Reihen
993 2580 1070 2622 der

203 2639 409 2682 Schlacht
459 2639 566 2681 oder
614 2638 756 2681 'durch
803 2639 1067 2695 Aechtung.²

203 2697 331 2740 Conf.
367 2698 516 2741 1145:
557 2700 677 2754 vagis
723 2699 963 2741 incursibus
996 2706 1070 2740 aut

203 2758 402 2800 disiectas
437 2772 517 2814 per
548 2765 758 2799 catervas.

295 2830 349 2859 ac
379 2818 498 2859 novis
522 2831 575 2858 ex
603 2817 727 2858 rebus
750 2816 867 2857 avecti
885 2841 940 2847 —-
957 2815 1071 2856 nial..

205 2874 319 2917 lent.-
367 2877 494 2916 novis
542 2889 597 2917 ex
639 2876 762 2917 rebus
795 2882 941 2916 auctos
984 2888 1071 2916 non

207 2933 350 2975 solum
381 2934 594 2990 intelligit
626 2947 734 2989 quos
765 2934 893 2975 modo
926 2935 1071 2975 nomi-

207 2993 329 3034 navit
359 2999 520 3034 ceteros
550 2992 776 3045 nobilium,
815 2993 891 3035 sed
922 3005 1071 3035 omnes

207 3051 260 3092 ab
304 3051 502 3107 Augusto
548 3052 702 3106 opibus
752 3057 794 3093 et
834 3052 1072 3093 honoribus

210 3109 417 3163 donatos,
462 3112 556 3152 sive
597 3111 768 3152 nobiles
811 3111 935 3153 suere
977 3113 1072 3152 sive

208 3168 440 3224 ignobiles.
512 3169 663 3224 Itaque
704 3182 790 3210 non
833 3170 946 3212 bene
995 3167 1093 3224 pre(

208 3227 389 3282 vulgato
409 3242 463 3268 ac
486 3227 676 3270 Orellius
700 3228 847 3270 intulit
868 3237 927 3282 ut,
964 3241 1072 3270 con-

211 3287 419 3326 iecturam
477 3287 529 3327 ab
569 3287 776 3329 Horkelio
835 3295 1070 3342 receptam.

211 3343 294 3386 Sed
317 3344 528 3397 particula
551 3348 833 3387 consecutiva
865 3348 994 3388 etiam
1020 3359 1073 3387 eo

210 3404 386 3444 nomine
418 3402 685 3456 repudianda
717 3411 807 3456 est,
851 3405 965 3460 quod
999 3406 1073 3461 qui

212 3461 449 3504 honoribus
495 3468 538 3503 et
586 3462 740 3515 opibus
790 3463 1072 3513 extolluntur,

211 3532 354 3576 neque
399 3533 570 3575 semper
627 3534 769 3577 neque
825 3524 1072 3564 necessario

213 3584 305 3621 tuta
337 3585 380 3622 et
409 3582 659 3635 praesentia
689 3593 815 3637 quam
847 3585 999 3624 vetera
1032 3585 1074 3622 et

213 3638 462 3692 periculosa
491 3639 670 3683 malunt.

975 1177 1014 1221 7.
1050 1183 1267 1219 caeterum
1298 1176 1354 1220 M.

1240 1332 1432 1376 invalido
1465 1331 1603 1389 lequm
1633 1333 1812 1386 auxilio,
1848 1345 1956 1389 quae
1986 1338 2029 1379 vi

1151 1393 1323 1445 ambitu,
1346 1400 1558 1449 postremo
1577 1394 1767 1449 pecunia
1788 1394 2028 1437 turbaband

1152 1460 1248 1495 tur.-
1289 1452 1470 1494 ‘iudicia
1510 1452 1849 1506 repetundarum
1892 1454 1937 1496 in
1979 1469 2027 1498 re

1151 1512 1330 1566 publica
1388 1513 1716 1566 corruptissima
1769 1524 2026 1568 corrumpe-

1151 1572 1308 1613 bantur
1337 1584 1471 1626 saepe
1493 1571 1705 1625 potentia,
1739 1572 1883 1624 minis,
1919 1574 2025 1628 quin

1153 1637 1197 1672 et
1227 1632 1331 1672 sicis
1350 1631 1631 1683 intentandis,
1652 1643 1785 1683 saepe
1802 1632 2022 1686 precibus,

1152 1689 1280 1731 modo
1314 1689 1579 1747 largitione,
1614 1689 1791 1731 occulta
1822 1692 2022 1744 primum,

1151 1750 1326 1791 tandem
1359 1755 1532 1804 aperta:
1581 1762 1697 1790 nunc
1721 1763 1874 1804 prece,
1911 1764 2027 1791 nunc

1146 1810 1310 1865 pretio,
1358 1823 1474 1851 nunc
1517 1809 1584 1861 vi,
1650 1812 1696 1848 ut
1756 1814 1888 1862 poeta
1934 1810 2024 1852 ait.'

1151 1868 1380 1911 Womuus.

1214 1926 1345 1981 ,Cap.
1379 1929 1422 1970 3.
1481 1929 1671 1970 subsidia
1714 1928 2025 1970 dominationi.-

1152 1986 1206 2028 ad
1235 1988 1411 2029 vitanda
1445 2001 1497 2030 ea
1520 2002 1632 2044 quae
1664 2001 1745 2029 usu
1770 1989 1870 2029 trita
1902 1994 2026 2030 erant

1153 2059 1204 2087 ac
1250 2046 1479 2103 vulgaria,
1532 2048 1681 2101 posuit
1727 2048 2023 2100 dominationi,

1151 2117 1238 2145 non
1264 2106 1580 2148 dominationis.
1631 2105 1757 2147 Conf.
1776 2107 1832 2147 22
1849 2120 1860 2146 ε
1877 2105 2027 2162 plures

1151 2164 1351 2205 seditioni
1383 2166 1523 2207 duces.
1574 2163 1659 2208 24:
1691 2172 1836 2206 rector
1865 2165 2024 2207 iuveni.

1151 2221 1188 2263 11
1218 2223 1300 2265 33:
1347 2225 1515 2266 modum
1555 2231 1734 2281 argento
1774 2224 2028 2280 supellectili

1149 2282 1360 2336 familiae.
1422 2284 1505 2326 46:
1534 2286 1638 2341 paci
1667 2285 1878 2338 firmator.
1941 2284 2026 2326 60:

1153 2341 1266 2382 dona
1312 2343 1489 2398 templis.
1587 2342 1671 2386 64:
1719 2356 1873 2385 causas
1912 2342 2024 2384 belli.

1151 2398 1311 2443 11114:
1346 2409 1483 2443 custos
1512 2401 1643 2444 saluti
1676 2416 1736 2443 an
1765 2403 1913 2444 mortis
1948 2416 2026 2442 ex-

1152 2467 1290 2501 actor.
1345 2461 1430 2503 36:
1456 2461 1688 2503 deterrima
1708 2463 1857 2516 cuique
1887 2460 2026 2502 licen-

1154 2520 1234 2560 tia.
1282 2518 1439 2562 V136:
1474 2522 1650 2576 corpori
1685 2520 1891 2571 custodes,
1924 2531 2027 2560 mox

1151 2578 1339 2620 ministri
1368 2579 1611 2621 sceleribus.
1667 2578 1724 2620 XI
1756 2579 1809 2622 8:
1842 2593 1922 2620 rex
1942 2579 2026 2620 Hi-

1154 2638 1280 2679 beris.
1346 2638 1444 2680 XIV
1469 2639 1547 2681 15:
1581 2640 1862 2680 inritamenta
1889 2637 2024 2678 luxui.

1153 2696 1205 2738 H.
1238 2696 1255 2737 l
1286 2697 1366 2739 88:
1398 2699 1616 2740 ministros
1648 2697 1770 2739 bello.
1814 2695 2025 2739 H.1144:

1149 2756 1250 2809 sinis
1282 2756 1403 2798 bello.
1470 2758 1521 2798 H.
1547 2757 1606 2798 IV
1636 2758 1715 2799 19:
1751 2769 1926 2798 oausam
1954 2770 2026 2796 se-

1155 2815 1321 2857 ditioni.
1377 2815 1424 2857 G.
1458 2817 1536 2859 16:
1570 2817 1796 2872 suffuyium
1824 2814 1954 2856 hiemi
1988 2820 2028 2855 et

1155 2874 1471 2930 receptaculum
1492 2875 1699 2932 sruqibus.
1751 2872 2028 2917 Secernenda

1156 2934 1209 2974 ab
1244 2933 1311 2975 his
1345 2940 1445 2975 sunt
1477 2935 1702 2989 exempla,
1747 2935 1820 2975 ubi
1854 2933 2027 2974 dativus

1156 2992 1319 3047 pendet
1363 3007 1389 3034 a
1432 2994 1568 3035 verbo
1615 2994 1888 3035 substantivo
1931 2992 2027 3032 sive

1156 3054 1299 3106 posito
1333 3053 1429 3094 sive
1460 3052 1704 3107 supplendo
1738 3053 2025 3108 cogitatione,

1157 3117 1202 3151 ut
1234 3110 1250 3151 I
1283 3110 1337 3151 5:
1388 3113 1498 3166 quod
1541 3125 1674 3153 causa
1721 3112 1843 3151 exitii
1872 3110 2025 3150 marito

1154 3171 1316 3223 suisset.
1377 3171 1426 3212 51
1449 3185 1557 3226 :per
1583 3184 1684 3224 quos
1716 3170 1924 3210 exercitui
1952 3181 2026 3206 re—

1155 3243 1324 3283 yressus
1360 3232 1519 3285 (erat).
1585 3229 1665 3271 53:
1698 3243 1779 3269 nec
1811 3227 1903 3267 alia
1941 3233 2027 3266 tam

1156 3289 1308 3328 intima
1326 3287 1488 3329 Tiberio
1504 3301 1638 3329 causa
1652 3288 1859 3341 (fuerat).
1886 3286 1921 3325 11
1941 3285 1991 3325 21
2015 3298 2025 3323 t

1156 3359 1236 3386 nec
1267 3347 1407 3386 minor
1427 3347 1651 3389 Germanis
1673 3346 1839 3386 animus
1867 3345 2025 3398 (erat).

1157 3403 1211 3444 111
1243 3403 1323 3445 40:
1374 3419 1466 3445 cum
1510 3405 1555 3446 id
1583 3429 1637 3436 --
1671 3405 1818 3445 virtuti
1841 3403 2027 3458 pretium

1159 3470 1278 3503 esset.
1328 3462 1406 3504 XV
1422 3463 1505 3505 49.
1537 3464 1705 3505 initium
1737 3462 2029 3504 coniurationi

1157 3535 1245 3562 non
1275 3535 1304 3562 a
1336 3523 1532 3580 cupidine
1565 3522 1696 3592 ipsius
1727 3524 1822 3578 suit.
1881 3520 1933 3563 H
1966 3519 2026 3562 IV

1158 3578 1254 3681 (514.
1286 3587 1333 3622 ut
1367 3583 1496 3637 finem
1534 3583 1710 3641 imperio
1748 3580 1895 3624 adesse
1926 3591 2026 3623 cre-

1188 3646 1320 3682 er.ent
1699 3670 1701 3673 -
1968 3669 1972 3671 -
