2222 4022
884 235 1029 277 CAPvr
1061 237 1192 283 6-8.
1926 239 2006 281 XV

182 376 420 441 mulcere,
462 383 516 428 ut
550 377 670 428 fecit
695 378 1049 442 QuintilianuS,
1096 384 1179 429 aut
1215 379 1375 430 libere
1413 377 1669 444 loquendo
1707 379 2004 431 ambitiosae

183 470 359 521 mortis
397 470 612 537 gloriam
652 485 958 534 promerere.

135 568 168 613 7
326 562 446 612 Cum
482 561 790 626 legationem
827 577 967 612 suam
1011 560 1215 611 obeunti
1255 562 1455 612 allatum
1495 567 1573 614 est
1610 563 1674 614 de
1710 567 1871 614 morte
1913 578 2006 614 so-

186 652 291 702 ceri
326 651 436 720 Iulii
472 651 751 717 Agricolae
798 657 847 702 et
902 652 965 703 de
1017 667 1221 702 rumore
1270 654 1464 718 populi,
1524 669 1723 704 veneno
1765 654 2006 720 principis

180 740 318 791 illum
357 741 687 807 interceptum
727 757 869 806 esse,
935 743 1123 808 optavit
1164 743 1364 808 quidem
1418 743 1553 794 edito
1606 744 1669 795 de
1706 744 1858 795 rebus
1897 745 2005 796 eius

181 836 230 883 et
263 832 488 884 moribus
527 832 658 883 libro
697 833 933 884 sulficere
969 834 1169 899 pietatis
1208 834 1396 898 offici0‚
1436 835 1526 886 sed
1565 836 1869 902 recogitanti
1907 836 2007 887 hoc

181 922 291 973 sine
327 923 462 974 vitae
488 923 728 989 ,periculo
767 923 874 974 fieri
911 939 1014 974 non
1053 940 1228 989 posse,
1270 925 1367 975 nisi
1407 931 1521 976 ante
1559 926 1821 992 impetrata
1857 927 2005 977 venia

179 1012 529 1078 imperatoris,
590 1019 639 1064 et
681 1013 838 1078 ipsam
877 1014 1058 1064 veniae
1095 1015 1390 1078 petitionem
1430 1015 1711 1066 habituram
1749 1032 1863 1067 esse
1903 1031 2002 1082 quo

182 1084 466 1155 offenderet
501 1104 870 1168 Domitianum,
930 1120 1047 1154 mox
1096 1110 1260 1155 autem
1300 1106 1410 1156 sive
1467 1107 1693 1171 epistolis
1729 1107 2006 1157 amicorum

181 1196 291 1246 sive
320 1196 370 1245 in
408 1195 534 1246 actis
566 1196 759 1246 diurnis
799 1196 1075 1246 nuntiatum
1113 1195 1303 1262 legenti
1336 1202 1368 1259 ¹,
1411 1211 1521 1246 cum
1544 1196 1772 1247 Aruleno
1799 1197 2005 1249 Rustico

178 1286 357 1338 Paetus
399 1287 637 1352 Thrasea,
673 1287 928 1338 Herennio
968 1287 1244 1339 Senecioni
1283 1288 1485 1338 Priscus
1514 1288 1776 1339 Helvidius
1818 1288 2007 1339 laudati

181 1383 376 1442 essent,
418 1379 631 1444 capitale
671 1379 860 1443 fuisse,
913 1379 1075 1429 visum
1113 1385 1190 1429 est
1229 1379 1437 1446 exigere
1475 1395 1631 1431 sanae
1669 1380 1850 1431 mentis
1885 1395 2009 1446 pru-

181 1468 419 1534 dentiam,
458 1452 511 1519 ut
547 1470 598 1520 id
634 1471 945 1536 propositum
985 1471 1183 1521 interim
1221 1471 1475 1521 omitteret
1513 1476 1825 1537 mortemque
1865 1471 2009 1537 prin-

181 1560 306 1625 cipis
341 1565 391 1611 et
426 1560 639 1612 laetiora
671 1567 896 1627 tempora
935 1567 1239 1626 expectaret.
1318 1562 1463 1623 Quod
1505 1563 1566 1612 ab
1596 1562 1708 1613 aliis
1746 1577 1846 1613 non
1883 1577 2009 1628 pro-

180 1650 333 1701 ditum
365 1666 464 1718 ego
491 1653 666 1718 accepi
705 1669 766 1704 ex
790 1653 960 1703 verbis
988 1652 1267 1718 Agricolae
1303 1654 1514 1703 Tacitini
1555 1670 1581 1704 a
1619 1670 1699 1704 me
1728 1653 2006 1704 emendatis

180 1744 231 1792 et
264 1741 525 1807 explicatis
561 1749 633 1804 (c.
680 1745 703 1793 1
734 1748 782 1794 et
811 1744 916 1808 2):->
945 1749 998 1792 at
1033 1758 1166 1792 nunc
1200 1749 1480 1793 narraturo
1515 1743 1634 1794 milii
1671 1743 2006 1809 (temporibus

178 1833 478 1898 Domitiani)
511 1833 666 1883 vitam
702 1834 920 1899 defuncti
959 1834 1172 1884 hominis
1212 1834 1363 1884 venia
1403 1850 1530 1899 opus
1561 1835 1659 1901 fuit
1686 1840 1766 1897 (ε
1783 1835 2004 1900 suisset),

183 1938 332 1988 quam
371 1939 474 1974 non
503 1923 766 1988 petissem,
824 1923 1182 1974 incursaturus
1221 1932 1298 1988 (=
1321 1927 1499 1991 quippe
1540 1926 1623 1991 qui
1659 1926 2006 1976 incursaturus

178 2015 387 2082 fuerim)
430 2021 531 2065 lam
566 2030 728 2065 saeva
762 2021 808 2064 et
843 2015 1028 2080 infesta
1064 2016 1335 2066 virtutibus
1372 2023 1598 2080 tempora
1626 2022 1706 2078 (=
1725 2018 2006 2083 principem

178 2119 384 2158 saevum
434 2111 482 2157 et
530 2106 767 2157 infestum
815 2106 1125 2172 virtutibus).
1201 2107 1430 2172 Leyimus
1487 2116 1612 2175 (ego
1657 2123 1767 2158 cum
1808 2108 1918 2159 aliis
1955 2108 2007 2157 in
2069 2169 2076 2180 ι

177 2197 468 2263 provincia)
501 2228 570 2241 --
606 2197 823 2261 capitale
856 2197 1034 2262 fuisse.

127 2292 164 2340 8
317 2283 508 2339 Eadem
565 2304 717 2339 causa
770 2289 932 2338 virum
989 2288 1266 2353 sapientem
1318 2289 1594 2353 permovit,
1653 2293 1707 2339 ut
1755 2289 2005 2341 Historias

177 2393 295 2431 suas
334 2394 363 2430 a
411 2379 638 2430 secundo
677 2379 868 2431 Galbae
919 2379 1185 2430 consulatu
1243 2384 1447 2444 coeptas
1489 2385 1538 2430 et
1584 2379 1693 2430 fere
1751 2380 1812 2430 ad
1865 2396 2005 2431 suam

180 2474 392 2521 aetatem
430 2470 700 2536 perductas
740 2470 940 2521 interim
996 2485 1098 2520 non
1151 2470 1465 2535 evulgandas
1510 2475 1770 2534 censeret,
1829 2486 2008 2536 quam-

179 2574 325 2626 quam
362 2576 422 2612 ea
473 2561 537 2612 de
593 2577 650 2612 re
702 2562 856 2628 vulgo
912 2561 1059 2612 aliter
1114 2562 1329 2612 iudicari
1381 2562 1565 2625 vide0,
1625 2562 1767 2627 quasi
1805 2562 2004 2612 Tacitus

175 2650 444 2703 interfecto
483 2651 679 2703 demum
706 2653 995 2725 Domitiano
1022 2653 1084 2703 ad
1127 2652 1530 2704 conscribendos
1568 2652 1811 2703 historiae
1847 2651 2005 2703 libros

177 2756 293 2793 sese
356 2742 639 2794 contulerit.
731 2743 830 2794 Sed
884 2743 927 2794 is
985 2743 1131 2808 paulo
1187 2749 1301 2809 post
1349 2743 1626 2793 Domitiani
1686 2743 1894 2794 caedem
1954 2745 2004 2794 in

175 2833 420 2899 Agricola
477 2840 548 2896 (o.
586 2833 646 2906 3)
701 2839 873 2900 aperte
928 2834 1188 2900 profitetur
1243 2835 1499 2885 Historias
1553 2836 1857 2899 compositas
1907 2835 2004 2884 iam

178 2912 318 2986 esse,
381 2928 430 2974 et
469 2938 567 2988 quo
607 2924 769 2975 minus
808 2926 972 2975 statim
1026 2924 1202 2976 ederet
1241 2924 1337 2975 alia
1379 2940 1498 2975 cura
1534 2940 1591 2975 se
1628 2924 1871 2989 detineri,
1926 2924 2004 2975 his

176 3014 346 3064 verbis
384 3029 536 3065 usus:
594 3030 695 3064 non
735 3021 898 3065 tamen
946 3015 1130 3081 piyebit
1168 3017 1249 3065 vel
1299 3015 1555 3065 incondita
1606 3031 1669 3065 ac
1715 3015 1831 3065 rudi
1879 3029 2004 3065 voce

175 3102 464 3153 memoriam
499 3105 696 3168 prioris
740 3106 1001 3156 servitutis
1050 3122 1112 3155 ac
1159 3106 1490 3155 testimonium
1530 3105 1876 3170 praesentium
1910 3104 2004 3154 bo-

174 3207 354 3243 norum
411 3195 768 3259 composuisse.
871 3194 966 3245 Hic
1011 3195 1212 3244 interim
1271 3195 1424 3259 liber,
1506 3195 1686 3245 honori
1734 3193 2003 3259 Ayricolae

175 3282 343 3331 soceri
378 3283 474 3332 mei
519 3283 825 3346 destinatus,
875 3284 1196 3349 professione
1247 3284 1452 3349 pietatis
1488 3281 1590 3334 ‘aut
1637 3284 1872 3333 laudatus
1908 3282 2004 3332 erit

272 3442 309 3482 1.
352 3441 457 3497 Agr.
491 3442 544 3484 2:
582 3440 773 3496 leyimus,
807 3456 900 3482 cum
923 3441 1041 3482 Aru·
1129 3440 1294 3480 laudati
1327 3447 1488 3491 essent,
1527 3436 1711 3495 capitale
1741 3437 1886 3492 fuisse,
1920 3450 1999 3479 ne-

176 3498 270 3540 leno
303 3501 477 3542 Rustico
514 3499 665 3541 Paetus
707 3500 917 3550 Thrasea,
953 3500 1042 3540 He-
1129 3514 1206 3552 que
1240 3502 1285 3539 in
1321 3501 1433 3554 ipsos
1464 3499 1585 3540 modo
1617 3505 1814 3540 auctores
1848 3496 1922 3538 sed
1953 3497 2000 3538 in

175 3560 326 3600 rennio
359 3559 592 3602 Senecioni
621 3559 792 3601 Priscus
828 3558 1042 3600 Helvidius
1128 3558 1258 3600 libros
1294 3571 1452 3613 quoque
1484 3573 1630 3601 eorum
1660 3557 1880 3600 saevitum.
