2280 4004
164 313 191 343 a
226 299 274 342 G.
309 299 382 346 62.
760 299 926 344 LIBER
958 302 1052 344 XV.
1117 301 1223 345 Gn».
1263 303 1448 348 17-19,

1898 308 1987 365 2⁵7

81 449 150 496 19
300 442 690 494 Percrebruerat
729 458 788 494 ea
823 448 1118 508 tempestate
1153 445 1482 510 pravissimus
1518 459 1655 509 m08‚
1712 460 1823 516 cum
1866 461 1991 512 pro-

163 533 364 599 pinquis
422 534 639 585 comitiis
688 539 772 584 aut
828 539 968 585 sorte
1020 534 1394 600 provinciarum
1438 536 1665 602 plerique
1711 537 1821 587 orbi
1860 537 1989 589 fictis

167 624 522 690 adoptionibus
571 624 920 676 adsciscerent
965 625 1124 689 filios,
1178 631 1540 692 praeturasque
1593 632 1642 678 et
1698 628 1989 694 provincias

165 715 296 766 inter
331 721 500 781 patres
539 716 703 766 sortiti
740 716 903 767 statim
943 719 1227 768 emitterent
1265 733 1415 768 manu
1449 733 1575 783 quos
1610 718 1988 784 adoptaverant.
2064 782 2068 783 ἶ

164 806 346 873 Magna
389 822 499 857 cum
537 807 729 858 invidia
767 813 995 859 senatum
1029 808 1217 860 adeunt
1252 808 1335 873 qui
1372 809 1448 859 ius
1500 814 1732 874 naturae,
1786 810 1988 862 labores
2013 822 2033 856 ⁵

167 897 418 948 educandi
454 898 697 949 adversus
734 899 962 950 fraudem
999 905 1049 951 et
1094 905 1228 952 artes
1277 904 1326 951 et
1372 900 1668 952 brevitatem
1708 902 1993 967 adoptionis

169 985 477 1040 enumerant.
553 989 683 1041 Satis
736 991 883 1055 pretii
929 1005 1043 1041 esse
1098 991 1237 1042 orbis
1301 991 1434 1057 quod
1495 992 1645 1042 multa
1702 993 1991 1056 securitate,

167 1080 316 1143 nullis
356 1080 595 1131 oneribus
634 1081 849 1147 gratiam
878 1081 1119 1146 honores,
1159 1088 1337 1133 cuncta
1376 1089 1603 1149 prompta
1638 1089 1686 1135 et
1719 1084 1868 1134 obvia
1901 1085 1996 1135 ha-

166 1170 360 1223 berent.
429 1171 534 1223 Sibi
562 1171 811 1236 promissa
845 1172 1014 1239 legum
1050 1173 1134 1223 diu
1168 1179 1428 1239 expectata
1464 1174 1514 1223 in
1547 1173 1814 1225 ludibrium
1835 1177 1992 1234 verti,

167 1261 368 1327 quando
407 1262 516 1327 quis
554 1262 665 1313 sine
705 1262 1048 1314 sollicitudine
1083 1279 1286 1329 parcnS,
1331 1265 1441 1315 sine
1478 1264 1613 1315 luctu
1647 1265 1800 1315 orbus
1840 1266 1994 1333 longa
2017 1287 2060 1319 ιυ

165 1357 360 1418 patrum
397 1357 515 1404 vota
549 1358 758 1418 repente
795 1353 1117 1419 adaequaret.
1192 1355 1394 1405 Factum
1432 1370 1495 1406 ex
1531 1370 1591 1406 co
1631 1361 1835 1407 senatus
1869 1372 1994 1407 con-

168 1443 348 1494 sultum
381 1459 443 1494 ne
464 1443 694 1495 simulata
718 1444 921 1510 adoptio
952 1445 1003 1495 in
1021 1445 1121 1495 ulla
1147 1450 1286 1511 parte
1316 1448 1538 1497 muneris
1564 1446 1751 1512 publici
1779 1447 1990 1511 iuvaret,

168 1550 228 1584 ac
271 1549 336 1585 ne
371 1535 674 1600 usurpandis
717 1535 918 1601 quidem
962 1536 1326 1587 hereditatibus
1363 1536 1647 1602 prodesset.

291 1689 329 1730 1.
371 1687 678 1743 percrebuerat
711 1686 782 1732 Or.

168 1759 258 1788 mos
289 1760 315 1788 a
345 1760 433 1790 rec.
465 1760 521 1788 m.
557 1759 667 1788 corr.
789 1745 831 1788 4.

173 1957 317 1999 fectus
347 1956 469 1998 urbi:
503 1957 553 1999 H.
586 1956 605 1998 I
640 1957 707 2000 14.
754 1956 921 1999 Nomen
947 1959 1042 1999 eius

172 2018 217 2057 in
264 2015 329 2058 Ma
383 2022 569 2072 utroque
617 2015 716 2057 loco
777 2017 965 2071 simplici
1014 2031 1044 2057 n

172 2075 390 2128 scribitur,
425 2082 468 2118 et
494 2078 554 2117 ita
575 2077 620 2116 in
645 2075 784 2118 titulis
801 2077 854 2118 ab
878 2076 1044 2118 Orellio

172 2134 376 2177 indicatis
409 2135 523 2189 apud
554 2134 672 2177 Grut.
707 2136 764 2179 32
797 2136 845 2187 5,
884 2136 967 2179 100
1003 2138 1043 2187 2,

173 2195 377 2236 Murator.
418 2194 531 2237 1338
562 2197 604 2237 2.

270 2252 395 2308 Gap..
423 2254 490 2296 19.
553 2254 667 2295 inter
703 2261 875 2310 patres.-
927 2253 968 2294 h.
1005 2267 1043 2294 e.

176 2313 290 2354 inter
324 2325 398 2354 eos
433 2313 504 2368 qui
540 2326 644 2354 vere
676 2319 841 2366 patrum
868 2313 1044 2353 nomine

176 2378 416 2419 uterentur.
462 2372 643 2413 Scilicet
664 2371 853 2414 honores
886 2377 1046 2426 peten-

177 2431 293 2472 tibus
317 2430 509 2485 patribus
528 2430 691 2486 singuli
715 2433 814 2472 anni
839 2432 1047 2485 temporis

177 2490 363 2545 legitimi
408 2503 484 2543 per
526 2489 724 2545 singulos
771 2490 935 2531 liberos
974 2503 1047 2531 re-

177 2549 475 2601 mittebantur,
512 2555 643 2603 atque
663 2550 777 2590 inter
805 2562 931 2603 pares
963 2563 1049 2590 nu-

179 2622 324 2650 merus
358 2607 594 2649 liberorum
628 2607 924 2662 praevalebat.
982 2607 1048 2650 Cf.

180 2667 211 2708 l.
245 2670 272 2711 2
303 2667 355 2709 D.
391 2667 440 2708 cle
472 2667 807 2725 minoribus(1V
829 2669 905 2724 4):
940 2667 1050 2721 quod

182 2728 292 2767 enim
343 2725 503 2782 legibus
554 2733 750 2778 cavetur,
801 2734 846 2768 ut
892 2727 1053 2782 sinyiaeli

183 2786 291 2826 anni
317 2799 397 2841 per
426 2786 615 2841 singulos
648 2785 802 2827 liberos
822 2786 1052 2827 demittan-

184 2852 253 2886 tur
279 2843 532 2900 (legendum
556 2846 863 2901 remittantur),
890 2845 948 2886 ad
971 2845 1052 2885 Ιιο-

185 2917 313 2944 nores
340 2904 558 2958 pertinere
599 2904 717 2945 divus
760 2904 941 2944 Severus
974 2904 1050 2944 ait.

184 2962 321 3004 Tacit.
353 2961 390 3003 ΙΙ
421 2963 510 3004 51:
557 2970 710 3004 contra
747 2961 938 3018 plerique
981 2963 1053 3003 ni-

188 3021 407 3072 tebantur,
439 3028 484 3062 ut
515 3034 715 3063 numerus
746 3020 977 3063 liberorum
1008 3022 1055 3062 in

189 3080 430 3122 candidatis
468 3080 780 3138 praepolleret,
835 3081 944 3135 quod
987 3079 1056 3121 lem

191 3140 351 3194 (Papia
411 3139 635 3196 Poppaea)
696 3140 878 3181 iubebat.
943 3139 1053 3182 Plin.

189 3198 328 3252 Epist.
366 3198 440 3240 Vll
467 3199 545 3241 16:
582 3199 837 3241 Calestrium
864 3199 1057 3240 Tironem

190 3256 524 3311 familiarissime
539 3258 683 3314 diliyo.
698 3284 750 3291 —
769 3258 907 3299 Simul
922 3271 1057 3312 quae-

191 3323 325 3357 stores
386 3317 589 3358 Caesaris
637 3318 808 3372 suimus.
873 3316 952 3358 Ille
993 3330 1058 3357 me

193 3376 239 3415 in
271 3374 491 3416 tribunatu
522 3375 754 3417 liberorum
791 3376 887 3416 iure
918 3389 1058 3431 prae-

195 3434 342 3485 cessit,
387 3448 461 3489 eqo
506 3433 624 3475 illum
654 3437 700 3475 in
728 3441 940 3490 praetura
971 3448 1060 3475 sum

194 3500 456 3545 consecutus,
484 3507 576 3534 cum
596 3494 876 3534 mihiCaesar
901 3507 1061 3534 annum

192 3553 434 3594 remisisset.
486 3551 651 3594 Nomen
681 3553 774 3594 orbi
798 3551 978 3593 a'l'acito
999 3555 1058 3593 ita

194 3611 423 3653 admissum
437 3618 483 3652 ut
497 3618 539 3653 et
550 3612 742 3653 caelibes
756 3618 798 3653 et
810 3611 954 3664 orbos,
966 3611 1007 3653 h.
1020 3624 1060 3654 e.

194 3668 344 3720 liberis
377 3677 574 3721 carentes
610 3671 1015 3726 comprehenderet.

278 3767 428 3803 Tacitus
453 3769 498 3803 11.

897 1688 1090 1744 prauissi
1125 1688 1192 1743 (in
1229 1687 1315 1729 fine
1347 1691 1524 1744 versus)
1569 1700 1657 1728 mos
1697 1685 1788 1739 Ma,
1831 1701 1996 1743 prauus

882 1755 1008 1803 patre
1051 1747 1130 1789 Ma.

170 1805 342 1861 adeunt,
374 1807 462 1848 ius:
495 1805 723 1848 Ernestius
754 1806 913 1848 adeunt
943 1808 1013 1862 qui
1041 1807 1123 1849 ius.

1255 1748 1295 1789 5.
1346 1747 1596 1788 adeuntibus
1635 1744 1715 1798 Ma,
1761 1746 1997 1788 Rhenanus

1229 1813 1383 1848 nature
1416 1804 1495 1848 Ma.
1617 1806 1658 1848 7.
1693 1806 1779 1861 peti
1810 1806 1891 1848 Ma.

1229 1970 1388 2013 maqna
1441 1970 1535 1998 cum
1590 1955 1758 1998 invidia
1806 1963 1999 1997 senatum

1130 2015 1288 2058 adeunt
1342 2018 1437 2071 qui:
1486 2021 1712 2070 postquam
1763 2014 1998 2056 Rhenanus

1130 2077 1380 2128 primarium
1414 2074 1500 2116 loci
1534 2076 1688 2116 vitium
1711 2074 1901 2127 sustulit,
1925 2087 2000 2115 re-

1131 2134 1295 2189 liquum
1342 2139 1434 2175 erat
1481 2140 1528 2174 ut
1568 2134 1812 2175 subiectum
1867 2135 2001 2175 resti-

1131 2199 1353 2245 tueretur,
1388 2193 1431 2233 id
1465 2194 1578 2248 quod
1609 2193 1837 2234 Ernestius
1870 2206 2001 2248 prae-

1131 2254 1262 2305 stitit,
1313 2253 1510 2308 quamvis
1562 2254 1843 2294 coniecturae
1894 2265 2000 2293 suae

1131 2314 1334 2353 virtutem
1355 2313 1449 2366 ipse
1474 2324 1557 2352 non
1585 2313 1690 2353 satis
1715 2313 1999 2365 perspiceret.

1134 2371 1315 2414 Scilicet
1346 2372 1418 2424 qui
1448 2372 1513 2412 ius
1546 2372 1589 2412 in
1623 2373 1742 2425 quius
1778 2370 1847 2411 vel
1883 2373 2002 2411 cuius

1134 2436 1382 2485 corruptum
1401 2436 1481 2482 est,
1517 2436 1560 2471 ct
1591 2429 1675 2471 hoc
1708 2442 1854 2471 rursus
1890 2435 2000 2470 tam-

1135 2503 1262 2545 quam
1299 2490 1546 2530 terminatio
1567 2488 1765 2531 adhaesit
1790 2490 1888 2529 voci
1919 2488 2001 2529 ad-

1136 2557 1249 2602 eunt,
1287 2555 1334 2589 ut
1366 2547 1537 2590 tandem
1565 2548 1762 2590 codicum
1782 2548 1998 2601 scriptura

1133 2608 1385 2650 adeuntibus
1437 2609 1637 2649 oriretur.
1708 2606 1820 2649 Illud
1873 2607 2003 2648 unice

1134 2680 1284 2709 verum
1329 2672 1409 2709 est.
1474 2667 1645 2723 Singuli
1694 2668 1815 2721 iique
1857 2672 2003 2719 patres

1135 2726 1324 2768 familias
1356 2731 1555 2768 senatum
1589 2726 1772 2777 adeunt,
1823 2725 1889 2765 ius
1923 2738 2003 2765 na·-

1136 2792 1259 2827 turae
1292 2799 1343 2827 ac
1375 2785 1569 2826 laborem
1588 2785 1801 2826 educandi
1830 2791 1912 2825 tam
1934 2786 2005 2824 in-

1136 2845 1306 2886 vidiose
1327 2850 1598 2896 enumerant,
1619 2850 1664 2884 ut
1680 2849 1855 2885 senatus
1875 2844 2003 2883 etiam

1137 2903 1234 2958 plus
1265 2916 1390 2959 quam
1422 2903 1695 2957 postularent
1726 2903 2000 2944 decerneret.

1139 2962 1263 3014 Quod
1316 2962 1418 3003 olim
1462 2963 1507 3003 in
1549 2961 1696 3004 multis
1738 2961 2004 3003 editionibus

1137 3021 1414 3078 vulgabatur,
1448 3022 1518 3076 qui
1548 3035 1708 3076 mayna
1727 3034 1820 3062 cum
1841 3021 2007 3062 invidia

1136 3088 1330 3123 senatum
1381 3081 1562 3133 adeunt,
1614 3082 1658 3121 in
1710 3079 2005 3134 ambiguitatis

1139 3141 1302 3182 crimen
1357 3141 1558 3191 incurrit,
1604 3138 1717 3193 quod
1761 3150 1874 3178 nunc
1907 3137 2006 3190 ple-

1139 3211 1296 3253 rasque
1332 3197 1502 3238 obtinet
1532 3210 1692 3251 magna
1724 3210 1816 3236 cum
1841 3195 2006 3236 invidia

1139 3264 1330 3300 senatum
1363 3256 1542 3307 adeunt,
1582 3257 1647 3297 ius
1683 3262 1800 3304 nat„
1833 3253 2006 3295 dicendi

1140 3316 1323 3358 infantia
1357 3313 1537 3356 laborat.

1231 3375 1418 3430 qratiam
1460 3373 1667 3425 honores,
1716 3378 1896 3413 moneta.-
1950 3369 2004 3411 de

1142 3446 1189 3474 re
1224 3434 1279 3475 cl'.
1315 3438 1462 3473 annot.
1496 3431 1548 3473 ad
1583 3431 1636 3473 lll
1671 3432 1749 3482 25,
1791 3430 1843 3471 de
1886 3436 2004 3470 stru-

1146 3499 1267 3533 ctura
1310 3492 1362 3532 ad
1406 3491 1459 3532 ΧΙ
1503 3491 1545 3534 6.
1666 3490 1796 3544 lonqa
1837 3496 2009 3544 patrum

1144 3558 1257 3602 vota,
1291 3549 1330 3590 h.
1352 3564 1390 3592 e.
1425 3562 1536 3605 quae
1557 3554 1700 3604 patres
1731 3550 1801 3590 diu
1828 3551 1871 3590 in
1892 3548 2006 3590 votis

1146 3610 1413 3651 habuissent.

1618 3748 1679 3800 17
