2280 4004
242 284 332 331 160

1033 276 1328 325 ANNALlVM

1818 270 1936 328 nsit.
1969 267 2071 327 'll-72.

241 427 383 495 regis
434 427 586 494 fuga:
643 437 809 491 neque
858 421 993 475 vado
1043 421 1300 489 penetrari
1359 426 1574 491 poterat.
1638 415 1833 492 Igitur·
1859 425 1914 476 iii
1959 423 2074 492 ‘ripa

243 519 461 576 fluminis
514 534 543 568 a
580 517 729 569 Vibio
768 516 1025 567 Frontone
1070 515 1332 581 praefecto
1386 515 1608 582 equiturn
1649 507 1900 581 vincitur,
1956 528 2078 569 mox

243 611 499 665 Remmius
543 612 813 672 evocatus,
873 607 1039 673 priori
1070 606 1353 659 >custodiae
1393 608 1534 676 regis
1583 602 1876 675 adposituS,
1934 606 2079 674 quasi

183 706 197 760 ζ
239 719 336 769 ,per
373 703 517 769 iram,
554 700 728 769 gladio
770 714 883 750 eum
909 684 1164 767 transigit.
1237 699 1382 752 Unde
1418 692 1582 752 maior
1605 700 1732 752 fides
1765 699 2079 775 Qscientia

190 786 540 868 ἷεοςῂιζίμερῐ
577 795 713 848 metu
750 791 930 862 indicii
969 795 1183 843 mortem
1217 791 1420 843 Vononi
1457 791 1678 844 inlatam.
1863 772 1882 777 ξ

249 867 313 878 ’θ’
385 885 454 938 At
494 876 826 936 Germanicus
861 866 1100 951 Aegypto
1146 898 1382 935 remeans
1431 889 1611 936 cuncta
1660 899 1790 952 quae
1829 885 1961 952 apud
2002 884 2167 937 le-69

246 978 431 1045 giones
470 981 555 1028 aut
590 976 745 1028 urbes
794 976 1044 1040 iusserat,
1107 975 1294 1027 abolita
1343 975 1426 1028 vel
1475 976 1528 1027 in
1575 961 1884 1028 cantrarium
1931 990 2083 1029 versa

249 1068 533 1136 cognoscit.

607 1068 738 1119 Hinc
775 1082 962 1136 graves
1005 1067 1057 1117 in
1097 1067 1331 1121 Pisonem
1374 1067 1741 1132 contumeliae3
1778 1083 1877 1119 nec
1916 1067 2083 1119 minus

249 1160 464 1225 acerba,
531 1173 661 1225 quae
706 1158 768 1210 ab
808 1158 895 1210 illo
945 1158 997 1208 in
1036 1158 1308 1211 Caesarem
1346 1159 1733 1225 temptabantur.

1806 1158 1937 1210 Deiu
1968 1157 2083 1212 Piso

185 1267 235 1307 to
249 1251 392 1304 abire
427 1250 573 1317 Syria
611 1248 798 1302 statuit.
870 1249 990 1301 Mox
1027 1249 1242 1300 adversa
1272 1249 1561 1301 Germanici
1595 1249 1873 1301 valitudine
1905 1248 2088 1302 deten-

248 1349 345 1407 ωε,
380 1343 467 1394 ubi
502 1346 789 1394 recreatum
826 1342 1026 1408 accepit
1060 1346 1280 1407 votaque
1305 1356 1398 1407 pro
1428 1341 1775 1393 incolumitate
1808 1340 2088 1393 solveban-

248 1440 359 1500 tur,
401 1434 630 1486 admotas
670 1433 894 1497 hostias,
946 1426 1281 1484 sacrificalem
1321 1439 1641 1499 apparatum,
1680 1433 1861 1484 festam
1902 1431 2090 1483 Antio-

253 1524 515 1578 chensium
567 1525 768 1593 plebem
824 1539 918 1590 per
978 1524 1189 1576 lictores
1248 1525 1527 1590 proturbat.

1625 1524 1747 1575 Tum
1805 1522 2089 1577 Seleuciam

251 1616 566 1684 digreditur,
627 1614 899 1683 opperiens
949 1614 1321 1681 aegritudinem
1372 1608 1500 1681 quae
1547 1629 1748 1666 rursum
1786 1604 2090 1666 Germanico

188 1704 236 1802 tf
253 1708 529 1761 acciderat.
606 1708 821 1760 Saevam
881 1707 984 1758 vim
1035 1706 1200 1757 morbi
1251 1708 1472 1773 augebat
1522 1706 1788 1773 persuasio
1837 1705 2024 1758 veneni
2060 1721 2090 1756 a

210 1801 433 1867 {Pisone
471 1799 696 1866 accepti3
752 1803 801 1850 et
860 1798 1246 1865 reperiebantur
1301 1798 1413 1852 solo
1467 1814 1527 1849 ac
1577 1797 1856 1864 parietibus
1915 1801 2090 1848 erutae

215 1893 586 1964 3humanorum
627 1905 898 1957 corporum
937 1890 1214 1956 reliquiae,
1275 1890 1500 1941 carmina
1551 1895 1600 1941 et
1639 1888 1995 1962 ffssYssllQQr
2041 1892 2093 1940 et

216 1970 227 2037 ἶ
253 1999 440 2036 nomen
469 1983 758 2038 Germanici
797 1981 1044 2049 plumbeis
1081 1981 1266 2034 tabulis
1294 1981 1612 2048 insculptum,
1645 1980 1852 2032 semusti
1890 1978 2091 2031 cineres

255 2091 316 2127 ac
353 2075 472 2127 tabo
512 2074 670 2140 obliti,
710 2074 910 2141 aliaque
946 2072 1195 2125 maleficia
1234 2073 1345 2140 quis
1386 2072 1609 2125 creditur
1637 2072 1831 2124 animas
1866 2069 2090 2122 numini-

374 2238 415 2281 6.
451 2244 554 2297 aput
584 2237 638 2279 M.
709 2237 776 2282 10.
819 2236 956 2279 Suria
987 2235 1059 2278 hic
1093 2242 1136 2278 et
1166 2249 1267 2279 mox
1299 2236 1353 2279 M.
1423 2235 1489 2279 14.
1526 2235 1771 2294 degreditur
1801 2233 1872 2281 M:
1907 2229 2097 2279 correxit

254 2298 441 2353 Lipsius.

254 2357 452 2412 malefica
470 2357 535 2399 M:
570 2358 762 2400 correxit
778 2354 1035 2399 Beroaldus.

339 2493 563 2549 praefecto
598 2492 804 2545 equitum.-
851 2489 1137 2546 quemadmo-

258 2553 358 2594 dum
381 2552 506 2593 leves
526 2551 746 2591 sociorum
775 2549 980 2591 cohortes
1004 2562 1136 2603 prae-

258 2612 366 2654 fecti
409 2610 628 2651 ducebant
670 2608 750 2664 (de
784 2608 853 2650 his
894 2622 937 2650 v.
973 2608 1026 2649 ad
1060 2607 1137 2649 xli

259 2671 365 2727 35),
415 2670 479 2710 sic
522 2681 696 2724 quoque
729 2666 811 2709 alis
860 2667 1137 2723 equestribus

260 2729 537 2771 auxiliarium
570 2726 783 2782 praefecti
814 2732 1061 2782 praeerant,
1091 2732 1139 2770 ut

259 2787 510 2844 praefectus
555 2789 738 2842 equitum
784 2785 827 2829 h.
863 2786 893 2829 l.
934 2784 1050 2827 idem
1082 2787 1139 2828 sit

260 2855 393 2903 atque
426 2848 524 2888 alae
566 2849 828 2903 praefectus.
891 2844 1038 2887 Duces
1069 2845 1136 2888 illi

262 2908 482 2949 sociorum
515 2920 540 2947 a
559 2906 759 2960 principe
783 2904 1134 2947 destinabantur:

262 2966 443 3010 Sueton.
475 2965 590 3022 Aug.
623 2965 709 3008 38:
741 2963 1019 3018 militiamque
1053 2978 1137 3006 au-

261 3025 523 3082 spicantibus
576 3038 665 3068 non
713 3024 975 3065 tribunatum
1017 3024 1138 3066 modo

262 3085 476 3141 leqionum
494 3084 569 3127 sed
593 3091 632 3126 et
644 3085 949 3140 praefecturas
969 3081 1140 3126 alarum

262 3145 390 3187 dedit.

353 3202 457 3259 Cap.
482 3202 554 3248 69.
602 3200 845 3246 Seleuciam
875 3202 1136 3259 cliyreditur:

263 3265 306 3307 h.
346 3277 383 3306 e.
420 3277 444 3305 e
478 3261 723 3308 Germanici
747 3261 913 3309 vicinia
936 3261 1134 3305 discedit.

264 3323 545 3365 Germanicus
576 3332 713 3375 prope
729 3321 1009 3369 Antiochiam
1026 3321 1137 3376 Epi-

265 3381 465 3436 daphnae
496 3381 767 3435 aegrotabat.
833 3380 944 3423 Vide
984 3379 1023 3421 11
1062 3380 1134 3423 83.

264 3440 342 3482 Est
395 3440 597 3482 Seleucia
641 3439 694 3481 ad
748 3439 984 3493 Orontem,
1036 3441 1136 3483 urbs

269 3500 421 3553 Syriae
453 3498 940 3551 nonproculaCilicia.
986 3499 1138 3543 Strabo

269 3558 368 3600 XIV
400 3559 429 3600 4
458 3558 531 3608 20,
566 3558 665 3599 XVI
697 3559 725 3601 2
758 3558 800 3603 8.

373 3624 412 3658 et
462 3617 788 3673 reperiebantur
840 3644 895 3658 ‹-
939 3619 1142 3665 sacrari:

273 3674 512 3732 diligenter
548 3688 599 3717 ac
644 3674 797 3723 dextre
838 3677 1033 3727 nefariae
1065 3683 1142 3723 su-

507 2297 703 2354 operiens
722 2296 777 2339 M.
844 2295 911 2339 16.
945 2295 1300 2352 repperiebantur
1330 2296 1384 2340 M.
1452 2295 1518 2339 19.
1554 2294 1649 2336 tabo
1682 2294 1879 2349 Lipsius:
1912 2292 1952 2335 M
1985 2291 2094 2339 eabe.

1222 2488 1495 2544 perstitionis
1528 2487 1767 2529 tentamina
1785 2485 1958 2528 Tacitus
1975 2498 2096 2528 ‘enu-

1222 2553 1387 2601 merat,
1433 2554 1480 2588 ut
1511 2548 1671 2589 veneni
1709 2546 1880 2602 accepti
1912 2557 2098 2601 persua-

1223 2608 1390 2649 sionem
1433 2619 1519 2648 non
1561 2606 1738 2648 omnino
1771 2616 1927 2649 vanam
1959 2603 2097 2648 fuisse

1223 2666 1453 2709 ostendat:
1485 2680 1584 2707 nam
1609 2666 1682 2722 qui
1714 2665 1822 2707 haec
1843 2663 1987 2706 moliri
2008 2677 2096 2706 non

1225 2726 1558 2778 erubescebant,
1592 2724 1723 2767 iidem
1754 2737 1780 2766 a
1811 2735 1984 2766 veneno
2010 2724 2098 2766 mi-

1222 2798 1303 2826 nus
1334 2788 1465 2828 etiam
1498 2785 1780 2827 abhorruere.
1832 2782 1899 2825 De
1923 2784 1967 2825 vi
1994 2795 2097 2838 par-

1222 2843 1386 2888 ticulae
1431 2852 1471 2887 et
1517 2844 1678 2886 dictum
1731 2843 1784 2885 ad
1829 2842 1881 2885 H.
1939 2841 1976 2883 V
2025 2844 2096 2886 22.

1220 2904 1418 2946 Alterum
1452 2903 1646 2946 eiusdem
1678 2902 1859 2944 sceleris
1889 2900 2098 2943 indicium

1224 2964 1307 3006 fuit
1371 2964 1611 3006 amicorum
1682 2962 1853 3006 Pisonis
1915 2959 2100 3005 adversa

1224 3024 1494 3080 aegrotantis
1548 3022 1791 3066 Germanici
1849 3021 2099 3065 rimantium

1224 3082 1479 3138 inquisiti03
1512 3083 1686 3124 tertium
1721 3095 1758 3123 c.
1794 3082 1853 3126 70
1879 3090 2098 3124 memora-

1224 3147 1308 3194 tur,
1343 3147 1541 3197 quartum
1576 3141 1646 3185 74.

1339 3200 1544 3256 plumbeis
1594 3199 1748 3242 tabulis
1812 3197 1978 3256 &walp

1225 3259 1341 3305 conf.
1390 3259 1473 3303 Dio
1524 3257 1638 3305 Lvu
1694 3258 1776 3303 18:
1836 3258 1955 3305 δσῐᾶ
2005 3254 2100 3331 γὰρ

1225 3317 1502 3376 ἀνθρώπων
1523 3321 1574 3365 ἐν
1599 3318 1649 3378 τῇ
1687 3321 1810 3375 οἰκίᾳ
1843 3320 1896 3363 ἐν
1927 3308 1955 3376 ᾗ
1988 3328 2099 3373 paee·

1223 3382 1639 3438 κατορωρυγμένα,
1673 3382 1752 3422 καὶ
1783 3378 1978 3435 nequet
2007 3388 2099 3434 μο-

1223 3439 1431 3496 Medium
1480 3438 1602 3497 α’ράς
1655 3452 1786 3485 τινας
1839 3430 1957 3494 μετὰ
2018 3433 2098 3477 τοῦ

1226 3498 1461 3558 ὀνόματος
1492 3498 1639 3543 αὐτοῦ
1677 3497 1884 3553 ἔχοντες,
1932 3492 2100 3544 ζῶντος

1227 3560 1297 3603 ἔθ’
1323 3558 1506 3614 εὑρέθη.
1553 3553 1775 3600 Eiusmodi
1797 3552 1989 3608 magicas
2018 3548 2098 3595 de-

1227 3619 1414 3667 fixiones
1444 3619 1655 3663 memorat
1681 3612 1806 3658 flato
1829 3612 1874 3659 in
1908 3609 2099 3658 Civitate

1227 3676 1266 3723 11
1307 3689 1352 3731 p.
1394 3673 1482 3720 364
1523 3672 1585 3728 C,
1616 3670 1809 3728 Legibus
1841 3668 1898 3714 xl
1933 3682 1976 3726 p.
2010 3669 2099 3715 933

1981 3204 2099 3241 lm:
