2280 4004
979 303 1145 347 LIBER
1173 302 1285 347 xm.
1962 298 2057 344 210?

232 455 331 491 sunt
349 450 520 507 (aar).
585 447 820 493 Immodiea
843 455 1016 492 senatus
1037 448 1217 501 laetitia,
1252 462 1299 491 eo
1329 449 1466 506 maqis
1496 447 1608 504 quod
1629 442 1840 490 Domitius
1871 441 2056 487 Corbulo

235 523 487 565 retinendae
517 522 751 566 Armeniae
783 524 1052 581 praepositus
1089 530 1198 567 erat.
1269 525 1312 568 1s
1351 522 1585 579 Voloqcsen
1615 519 1874 564 Parthorum
1912 526 2057 572 reqem

240 595 348 640 bello
380 597 590 640 absterret
620 597 865 654 obsidesque
894 598 1117 655 impetrat,
1147 610 1236 639 non
1267 597 1360 639 sine
1392 596 1626 638 certamine
1657 594 1860 636 adversus
1898 589 2058 634 Ummi.

240 670 354 712 dium
394 671 660 724 Quadratum
699 673 856 728 Syriae
897 678 1106 714 rectorem
1143 672 1314 729 (8-9).
1395 670 1562 714 Eodem
1602 681 1718 711 anno
1763 667 1878 712 Nero
1920 664 2059 723 patris

239 743 379 787 Gnaei
407 745 588 788 Domitii
613 747 862 788 memoriam
900 747 1055 788 recolit
1099 747 1238 803 effiqie
1270 759 1299 788 a
1326 745 1520 803 patribus
1548 744 1705 802 petita,
1756 741 1942 783 honores
1974 736 2055 780 sibi

236 818 399 861 oblatos
423 820 635 876 prohibet,
668 827 942 863 accusatores
975 823 1143 863 coercet
1174 821 1286 878 (10).
1918 868 1921 869 ⁷

403 893 509 950 Cap.
544 894 732 938 11-24,
806 893 959 936 Annus
996 907 1026 936 a
1063 894 1167 936 Chr.
1219 891 1589 948 quinquagesimus
1634 889 1827 945 quintus,
1875 884 2061 930 Neronis

234 966 444 1023 principis
472 967 697 1010 secundus.
761 967 963 1010 Faustum
992 971 1102 1010 anni
1134 968 1397 1025 principium
1442 972 1481 1009 et
1525 965 1637 1009 bona
1682 964 1732 1005 de
1765 963 1937 1007 Nerone
1968 974 2061 1018 spes

239 1039 351 1097 (11).-
418 1040 624 1098 Princeps
669 1041 868 1098 delapsus
916 1042 964 1084 in
1014 1052 1204 1084 amorem
1245 1041 1423 1083 libertae
1461 1040 1530 1081 cui
1574 1037 1825 1080 vocabulum
1865 1035 1970 1079 Acte
2020 1040 2060 1077 et

234 1101 386 1154 matris
409 1113 604 1168 potentia
625 1114 821 1170 infracta
828 1129 844 1167 ,-
877 1127 984 1170 quae
999 1115 1140 1171 primo
1161 1116 1362 1169 fremere,
1394 1126 1492 1153 mox
1513 1113 1850 1166 intemperanter
1881 1108 2064 1150 demissa

237 1185 468 1243 (12—13).
532 1186 679 1229 Pallas
716 1187 766 1229 ob
799 1188 1037 1230 amicitiam
1067 1187 1335 1243 Agrippinae
1369 1185 1554 1229 demotus
1586 1196 1694 1227 cura
1737 1195 1883 1227 rerum
1913 1181 2063 1239 quibus

236 1271 266 1300 a
298 1259 481 1302 Claudio
517 1262 790 1317 praepositus
828 1266 936 1304 erat.
999 1262 1087 1303 Sed
1117 1261 1362 1318 Aqrippina
1390 1272 1598 1316 praeceps
1639 1257 1727 1299 ruit
1765 1256 1823 1298 ad
1853 1262 2064 1298 terrorem

235 1337 276 1373 et
313 1331 476 1385 minas,
526 1334 827 1376 Britannicum
869 1334 1031 1376 crebris
1073 1334 1337 1376 sermonibus
1392 1338 1608 1375 ostentans
1664 1337 1879 1387 tamquam
1918 1341 2066 1374 veram

237 1404 492 1462 dignamque
523 1408 698 1464 stirpem
726 1408 995 1464 suscipiendo
1022 1409 1163 1465 patris
1193 1407 1398 1468 imperio-‚-
1431 1407 1523 1461 quis
1550 1411 1776 1448 commotus
1790 1404 1993 1461 princeps
2025 1408 2065 1445 ct

241 1485 354 1520 metu
384 1479 576 1522 turbatus
608 1482 909 1524 Britannicum
938 1483 1053 1524 inter
1082 1481 1326 1523 convivales
1353 1494 1522 1522 mensas
1547 1491 1708 1522 veneno
1743 1477 1867 1531 tollit,
1901 1477 2066 1533 inqenti

234 1561 398 1609 pavore
433 1553 639 1596 Octaviae
681 1556 844 1598 sororis
885 1562 924 1597 et
957 1555 1226 1612 Agrippinae
1259 1554 1487 1612 (14m17).
1550 1553 1666 1598 Nero
1707 1566 1786 1609 quo
1816 1551 2066 1594 memoriam

234 1626 452 1684 facinoris
483 1627 661 1682 leniret,
709 1628 941 1686 largitione
972 1630 1213 1687 potissimos
1245 1629 1482 1671 amicorum
1511 1635 1661 1684 auqet3
1706 1627 1781 1671 sed
1811 1627 1883 1669 ira
1913 1624 2063 1669 matris

235 1699 353 1742 nullo
393 1702 580 1744 remedio
633 1704 831 1760 componi
871 1705 1022 1761 potuit.
1099 1704 1204 1760 Ipsa
1230 1703 1533 1759 periclitatur,
1586 1703 1661 1744 scd
1705 1702 1852 1745 insons
1891 1706 2065 1759 reperta

236 1772 450 1817 delatores
481 1776 655 1830 evertit,
706 1778 858 1821 amicis
896 1778 1102 1833 beneficia
1132 1777 1290 1820 obtinet
1321 1778 1554 1835 (18—22).
1615 1775 1763 1818 Pallas
1814 1788 1869 1817 ac
1900 1775 2064 1817 Burrus

234 1846 368 1890 delati
396 1851 438 1891 et
468 1849 651 1892 absoluti
681 1852 792 1910 (23).
874 1851 980 1894 Fine
1011 1852 1131 1894 anni.
1162 1851 1289 1893 statio
1331 1851 1519 1893 cohortis
1566 1849 1678 1892 ludis
1717 1849 1907 1892 assidere
1945 1853 2066 1897 sueta

239 1921 481 1965 demovetur
489 1930 504 1976 ‚³
531 1925 734 1982 princeps
763 1925 911 1968 urbem
942 1924 1096 1968 lustrat
1128 1939 1181 1968 ea·
1211 1938 1412 1983 responso
1444 1925 1720 1981 haruspicum
1747 1925 1859 1980 (24).

411 1997 518 2055 Cap.
549 1996 740 2043 25--3o.
800 1998 953 2042 Annus
983 2012 1025 2040 a·
1045 1999 1149 2042 Chr.
1183 1999 1552 2056 quinquaqesimus
1590 2004 1757 2050 sextus,
1802 1996 1952 2039 tertius
1981 1997 2065 2039 im-

234 2071 452 2127 peratoris
487 2070 694 2125 Neronis,
737 2073 810 2128 qui
833 2074 1039 2130 privatim
1071 2073 1327 2129 deqenerat‚
1373 2072 1542 2128 publice
1573 2070 1689 2112 haud
1722 2071 2067 2113 contemnendus.

239 2144 426 2186 Neronis
475 2145 599 2187 luscus
643 2152 683 2187 et
723 2145 876 2187 lascivi
908 2159 990 2202 per
1028 2146 1175 2188 urbem
1217 2146 1464 2197 discursus3
1513 2142 1647 2186 Iulius
1681 2140 1915 2186 Montanus
1956 2143 2069 2190 mori

238 2217 418 2259 adactus
449 2221 561 2276 (25).
626 2218 679 2261 In
709 2225 861 2261 senatu
894 2227 1036 2262 actum
1067 2219 1117 2261 de
1147 2219 1373 2275 fraudibus
1404 2217 1676 2271 libertorum,
1723 2217 1798 2259 sed
1827 2216 1938 2258 nihil
1968 2231 2065 2259 mu-

242 2293 416 2334 tandum
447 2306 476 2333 a
500 2293 701 2350 principe
743 2293 990 2336 decernitur
1021 2295 1250 2351 (26—27).
1315 2293 1464 2349 Imago
1509 2291 1664 2334 veteris
1703 2291 1771 2333 rei
1798 2290 1995 2349 publ-icae
2028 2295 2067 2332 et

239 2365 479 2407 certamina
510 2362 626 2422 apud
650 2372 813 2423 patres.
897 2367 1016 2409 Cura
1047 2366 1290 2409 tabularum
1319 2365 1591 2423 publicarum
1631 2378 1660 2406 a
1691 2365 1980 2420 quaestoribus
2012 2363 2070 2407 ad

241 2439 485 2495 praefectos
512 2441 756 2496 praetorios
788 2440 1018 2483 translata.
1090 2441 1219 2484 Varie
1251 2440 1400 2482 habita
1436 2453 1491 2481 ac
1522 2452 1650 2496 saepe
1683 2445 1848 2480 mutata
1881 2439 1969 2480 eius
1999 2438 2068 2482 rei

239 2515 384 2568 forma
414 2510 645 2570 (28—29).
676 2518 681 2522 ’
726 2513 864 2556 Isdem
897 2513 1138 2557 consulibus
1179 2514 1342 2570 aliquot
1373 2514 1695 2566 accusationes,
1742 2511 1931 2555 virorum
1961 2511 2067 2556 illu..

239 2585 390 2628 strium
418 2593 575 2629 mortes
609 2588 721 2646 (30).

409 2659 515 2716 Cap.
548 2660 738 2704 31—33.
800 2659 955 2703 Annus
986 2673 1131 2702 rerum
1159 2667 1376 2716 gestarum
1405 2662 1550 2719 inops,
1589 2674 1699 2718 pace
1730 2674 1819 2702 non
1851 2661 2065 2704 lacessita.

240 2718 447 2774 Coloniae
481 2726 633 2790 Capua
664 2740 790 2789 atque
821 2728 1015 2777 Nuceria
1044 2733 1202 2776 additis
1230 2735 1447 2777 veteranis
1470 2737 1684 2789 firmatae,
1713 2735 1854 2791 plebei
1885 2736 2067 2791 conyia..

239 2805 351 2846 rium
384 2805 550 2860 datum,
593 2809 781 2864 pecunia
823 2808 999 2849 aerario
1045 2807 1174 2850 illata
1206 2808 1265 2849 ad
1304 2809 1575 2850 retinendam
1607 2808 1757 2865 populi
1780 2809 1931 2863 fidem3
1975 2809 2067 2851 alia

235 2879 464 2922 constituta
500 2886 540 2922 et
580 2880 721 2923 edicta
749 2881 861 2938 (31).
925 2879 1208 2923 Dominarum
1237 2883 1460 2924 securitati
1501 2888 1541 2924 et
1571 2881 1748 2935 ultioni,
1799 2896 1827 2923 a
1860 2883 1994 2924 servis
2029 2883 2068 2924 si

236 2952 549 3006 occiderentur,
585 2953 833 2995 consultum.
897 2953 1051 2995 Ordini
1068 2954 1263 2996 redditur
1295 2955 1345 2996 L.
1378 2954 1558 3009 Varius;
1591 2955 1826 3012 Pomponia
1848 2957 2067 2998 Graecina

235 3025 547 3078 superstitionis
582 3032 787 3067 eoeternae
818 3039 898 3067 rea
927 3026 1075 3068 insons
1106 3026 1324 3068 iudicatur
1355 3041 1384 3068 a
1412 3029 1568 3070 marito
1599 3029 1712 3086 (32).
1779 3028 1895 3069 Idem
1927 3042 2066 3071 avinus

234 3095 378 3150 plures
414 3106 511 3138 reos
542 3098 690 3141 habuit
720 3099 944 3141 damnatos
976 3106 1051 3141 aut
1080 3100 1293 3141 absolutos
1324 3102 1435 3157 (33).

406 3168 513 3227 Cap.
545 3171 736 3214 34—58.
812 3171 964 3215 Annus
1001 3186 1029 3215 a
1064 3173 1167 3215 Chr.
1217 3173 1587 3229 quinquagesimus
1629 3180 1826 3225 octavus,
1882 3174 2066 3216 Neronis

236 3241 484 3296 imperantis
518 3244 698 3297 quintus.
763 3243 976 3302 Principis
1007 3245 1246 3288 liberalitas
1275 3248 1321 3286 in
1352 3247 1466 3287 viros
1496 3245 1672 3286 nobiles.
1755 3246 1859 3287 Cum
1893 3246 2064 3289 Parthis

235 3312 387 3355 bellum
399 3323 654 3371 resumptum
675 3317 725 3358 ob
744 3319 1049 3373 possessionem
1058 3319 1306 3361 Armeniae.
1335 3319 1589 3361 Corbulonis
1599 3320 1732 3361 virtus
1751 3327 1788 3361 et
1810 3320 2063 3376 disciplina,-

235 3387 434 3428 Paccium
458 3386 635 3440 Orfitum
664 3391 738 3443 qui
767 3391 971 3432 adversus
999 3398 1272 3446 praeceptum
1305 3405 1399 3433 cum
1431 3392 1547 3432 hoste
1579 3405 1831 3447 conqressus
1862 3396 2063 3449 fususque

234 3466 327 3502 erat
359 3465 484 3503 extra
515 3460 672 3503 vallum
704 3463 874 3504 tendere
916 3465 1036 3506 iussit
1069 3466 1297 3522 (34—36).
1369 3465 1574 3507 Tiridates
1619 3480 1694 3522 ope
1738 3467 1890 3521 fratris
1935 3466 2062 3509 Volo-

232 3536 343 3590 qesis
376 3534 632 3577 Parthorum
667 3537 780 3593 reqis
815 3536 983 3579 adiutus
1022 3538 1212 3593 insensat
1244 3538 1517 3591 Armeniam,
1573 3539 1648 3581 sed
1680 3539 1862 3582 consilia
1895 3543 1983 3582 eius
2014 3542 2061 3582 in

236 3609 501 3651 contrarium
542 3623 668 3651 versa
710 3608 945 3667 prudentia
985 3609 1238 3653 Corbulonis
1271 3614 1383 3668 (37).
1463 3613 1546 3666 Qui
1586 3614 1645 3655 ad
1685 3613 1938 3668 colloquium
1968 3627 2063 3656 cum

245 3678 428 3725 Tiridate
475 3684 610 3737 venit,
663 3695 752 3724 non
800 3683 1080 3727 incustoditus
1132 3684 1333 3727 adversus
1392 3686 1570 3728 insidias
1621 3687 1905 3729 barbarorum
1944 3687 2058 3750 (38).
