2280 4004
278 240 367 284 152

277 384 456 435 rimam
510 383 666 436 vitam
700 381 921 449 pessima
961 387 1124 435 morte
1170 382 1419 438 finierim..

1036 239 1328 286 ANNALIVM

1856 259 1896 291 a.
1925 255 1973 290 u.
2006 245 2106 294 ⁷72.

1496 384 1551 438 Si
1601 400 1728 453 quos
1780 392 1898 456 'spes
1942 405 2106 456 meae,

280 475 323 527 si
363 487 490 540 quos
520 475 832 541 propinquus
871 474 1099 542 sanguis,
1136 475 1286 527 etiam
1314 490 1442 542 quos
1474 475 1666 530 invidia
1694 494 1819 547 erga
1854 481 2108 534 viventem

280 565 547 630 movebat,
604 564 993 615 inlacrimabunt
1037 565 1293 631 quondam
1350 567 1616 620 florentem
1669 573 1718 620 et
1754 574 1830 620 tot
1862 569 2109 624 bellorum

281 658 602 724 superstitem
639 655 872 707 muliebri
907 655 1090 710 fraude
1113 657 1398 713 cecidisse.

242 751 428 803 srendi
459 751 590 817 apud
625 755 853 802 senatum
879 787 892 814 ‚
931 749 1205 802 invocandi
1246 750 1406 818 leges,

1471 658 1582 710 Erit
1616 660 1765 712 vobis
1801 661 1946 718 locus
1982 676 2111 729 que-

1499 752 1613 804 Non
1651 752 1751 804 hoc
1785 754 2110 821 praecipuum

282 842 558 894 amicorum
596 856 774 892 munus
813 845 907 906 est,
942 842 1187 907 prosequi
1227 841 1516 893 defunctum
1554 843 1742 910 ignavo
1780 849 1975 911 questu,
2017 845 2111 897 sed

280 948 409 1001 quae
444 933 679 999 voluerit,
720 933 1045 999 meminisse,
1087 950 1215 1000 quae
1257 934 1588 1000 mandaverit,
1631 937 1828 1003 exequi.

1902 937 2113 990 Flebunt

280 1027 635 1080 Germanicum
666 1026 816 1078 etiam
852 1026 1039 1093 ignoti:
1071 1026 1397 1078 vindicabitis
1425 1042 1537 1092 VOS,
1577 1028 1621 1079 si
1647 1045 1727 1080 me
1761 1029 1928 1095 potius
1965 1043 2112 1095 quam

279 1118 533 1169 fortunam
583 1133 745 1169 meam
806 1117 1076 1169 fovebatis.

1171 1118 1434 1171 Ostendite
1490 1119 1675 1185 populo
1711 1121 1956 1172 'Romano
2009 1121 2112 1172 divi

218 1209 499 1276 ioAugusti
534 1214 734 1274 neptem
771 1208 1085 1275 eandemque
1135 1209 1404 1276 coniugem
1456 1225 1654 1274 meam;
1711 1216 1973 1264 numerate
2019 1227 2114 1264 sex

277 1301 488 1352 liberos

562 1299 918 1352 Misericordia
963 1315 1075 1350 cum
1124 1301 1482 1353 accusantibus
1518 1302 1649 1366 erit3
1704 1303 2113 1370 fingentibusque

277 1392 496 1444 scelesta
525 1391 759 1442 mandata
799 1395 884 1442 aut
909 1406 1014 1442 non
1056 1391 1267 1442 credent
1294 1392 1525 1444 homines
1563 1399 1776 1444 autnon
1809 1392 2113 1462 ignoscent?

277 1485 518 1535 Iuravere
558 1483 725 1548 amici,
763 1481 992 1534 dextram
1020 1482 1284 1535 morientis
1316 1484 1691 1552 contingentes,
1732 1485 1960 1551 spiritum
1997 1490 2114 1538 ante

280 1589 427 1641 quam
466 1574 709 1626 ultionem
759 1573 1055 1626 amissuros

1131 1575 1251 1625 Tum
1292 1575 1354 1626 ad
1395 1591 1607 1628 uxorem
1648 1592 1829 1628 versus
1876 1592 1970 1644 per
2001 1593 2114 1630 me·
2128 1583 2199 1632 72

217 1676 263 1713 1⁵
280 1666 492 1718 moriam
530 1658 634 1730 sui,
674 1681 766 1732 per
804 1680 1097 1717 communes
1136 1666 1330 1718 liberos
1370 1667 1560 1732 oravit,
1600 1671 1809 1720 exueret
1845 1667 2110 1733 ferociam,

279 1758 527 1811 saevienti
563 1757 796 1810 fortunae
828 1757 1142 1809 submitteret
1168 1758 1403 1823 animum,
1441 1774 1539 1810 neu
1575 1774 1815 1827 regressa
1851 1760 1903 1810 in
1936 1759 2113 1812 urbem

279 1850 620 1903 aemulatione
659 1849 916 1916 potentiae
960 1850 1240 1902 validiores
1292 1851 1539 1903 inritaret.

1626 1852 1766 1903 Haec
1801 1852 1998 1918 palam,
2059 1857 2110 1904 et

279 1943 377 1995 alia
412 1947 632 2007 secret0,
669 1957 761 2009 per
791 1957 921 2008 quae
948 1942 1220 1994 ostendere
1256 1936 1560 1995 credebatur
1595 1948 1779 1994 metum
1805 1959 1869 1995 cx
1891 1943 2111 1996 Tiberio,

280 2034 647 2101 Nequemulto
683 2038 800 2101 post
825 2034 1151 2102 extinguitur,
1186 2034 1379 2101 ingenti
1418 2035 1554 2086 luctu
1589 2034 1887 2101 provinciae
1925 2040 1975 2088 et
2010 2036 2118 2091 cir·-

217 2132 268 2170 20
284 2126 670 2178 cumiacentium
707 2125 1023 2192 populorum.

400 2273 442 2314 2.
470 2270 732 2326 propinquos
762 2269 818 2311 M.

281 2330 321 2371 7.
358 2344 445 2372 eoes.
481 2329 553 2372 Or.

281 2389 358 2430 der
388 2389 444 2430 Μ.

275 2524 447 2573 patrem
478 2518 687 2558 nominat.
761 2518 882 2573 patri
914 2531 968 2559 ac
996 2518 1153 2572 fratri.-

282 2590 337 2618 ex
350 2578 508 2617 ceteris
523 2577 778 2631 propinquis
792 2590 924 2618 unum
937 2576 1154 2619 Tiberium

282 2636 522 2676 etDrusum
545 2635 754 2688 appellat,
782 2641 829 2675 ut
850 2636 923 2690 qui
943 2636 1155 2677 ultionem

282 2695 440 2749 exequi
483 2693 694 2735 facillime
746 2700 950 2748 possent,
998 2696 1157 2737 reticet

283 2752 511 2795 Claudium
543 2753 720 2794 fratrem
744 2754 818 2808 qui
836 2755 1031 2808 privatus
1065 2760 1157 2796 erat

282 2819 325 2854 et
377 2814 603 2854 imminuta
657 2819 819 2855 mente.
950 2821 1025 2856 aut
1069 2828 1157 2855 non

278 2874 527 2927 iynoscent:
569 2873 653 2913 ista
703 2872 905 2915 mandata
944 2886 1031 2914 non
1066 2888 1161 2916 eam

279 2933 367 2973 vim
403 2930 649 2984 habebunt,
683 2936 730 2971 ut
762 2933 835 2986 qui
869 2934 931 2975 eis
964 2933 1161 2975 obsecuti

281 2997 382 3032 sunt
414 2991 568 3044 poenis
601 3003 687 3031 non
712 2990 955 3033 ulciscendi
976 2993 1160 3034 videan-

281 3057 364 3091 tur.
427 3048 504 3091 Est
535 3049 760 3104 specimen
792 3050 1015 3093 Tacitinae
1055 3052 1159 3094 bre..

281 3110 445 3152 vitatis,

373 3226 476 3282 Gap.
513 3229 583 3271 72.
648 3227 820 3270 exueret
850 3229 1062 3283 ferociam
1098 3254 1151 3261 —

280 3287 512 3329 validiores
563 3287 789 3329 imitaret.-
851 3289 974 3344 quasi
1033 3293 1154 3330 vates

280 3347 424 3387 animo
466 3348 706 3400 praesentit
745 3359 858 3402 quae
901 3360 1002 3389 mox
1046 3361 1156 3389 eve-

280 3411 461 3446 nerunt:
489 3405 736 3447 moribundi
763 3407 877 3447 enim
901 3407 994 3448 fere
1014 3408 1157 3449 acrius

281 3463 431 3505 vident
476 3478 545 3505 rcs
593 3465 839 3507 mortalium
873 3472 916 3506 et
948 3480 1053 3508 vere
1086 3466 1157 3508 lo-

282 3528 486 3576 quuntur.
551 3522 723 3565 Tacitus
758 3530 901 3566 autem
947 3525 1157 3568 lectorem

282 3582 366 3622 iam
408 3588 637 3636 praeparat
674 3583 728 3625 ad
767 3596 818 3625 ea
863 3597 975 3640 quae
1017 3587 1158 3628 tristia

284 3639 816 3697 accideruntAgrippinae
840 3645 971 3686 animi
990 3644 1157 3688 ferocia

910 2268 954 2312 4.
987 2269 1242 2326 superstiten
1273 2269 1327 2310 M.

631 2329 699 2371 15.
734 2335 928 2371 exsueret
958 2329 1013 2371 Μ.
1080 2328 1147 2371 16.
1182 2328 1392 2370 saeulenti
1422 2328 1476 2369 M.

530 2387 599 2430 19.
635 2389 962 2430 cumiacentium
993 2388 1059 2431 M:
1094 2394 1335 2430 correctum
1371 2388 1416 2428 in
1449 2386 1683 2430 Alciatiua.

1099 2126 1369 2178 Indoluere
1417 2131 1624 2178 exterae
1662 2126 1896 2179 nationes
1935 2142 2119 2196 reges-

1422 2269 1463 2311 5.
1499 2275 1601 2324 aput
1632 2269 1686 2311 M.
1779 2270 1820 2313 6.
1854 2276 2030 2326 quaestu
2060 2269 2115 2312 Μ.

1569 2343 1715 2370 summ.
1749 2330 1803 2371 M.
1861 2330 1938 2374 18.
1973 2337 2117 2372 osten-

1239 2517 1376 2558 fatum
1428 2518 1685 2570 provocanti
1733 2522 1777 2559 et
1819 2517 1970 2560 liberis
2021 2519 2116 2561 eius

1240 2576 1533 2630 imprudentia
1564 2578 1721 2618 aetatis
1754 2578 1798 2618 in
1832 2577 2012 2619 insidias
2038 2591 2116 2620 ru-

1243 2635 1431 2677 entibus.

1327 2696 1534 2737 invidiam
1575 2703 1615 2737 et
1658 2695 1962 2751 adrogantiam
2007 2696 2117 2752 effu-

1239 2762 1393 2810 9erat:
1455 2756 1589 2812 iunge
1651 2755 1823 2809 visuque
1879 2761 1920 2796 et
1970 2755 2119 2796 auditu

1241 2816 1364 2857 iuxta
1394 2814 1654 2857 venerabilis
1686 2814 1895 2855 invidiam
1915 2821 1955 2856 et
1982 2814 2117 2856 adro-

1246 2876 1439 2929 qam-iam
1456 2876 1687 2931 effuqerat:
1705 2874 2009 2928 interpositum
2026 2886 2120 2915 cum

1245 2937 1311 2990 (=
1345 2935 1551 2991 quamvis)
1583 2933 1919 2988 maynitudinem
1951 2939 1990 2974 et
2010 2946 2119 2989 yra-

1246 2995 1419 3035 vitatem
1450 3007 1636 3035 summae
1678 2996 1883 3048 fortunae
1916 2993 2121 3034 retineret

1245 3065 1386 3093 rarum
1409 3057 1796 3106 temperamentum
1815 3051 2003 3092 hominis
2037 3064 2118 3092 ex-

1246 3110 1350 3152 celsi
1414 3112 1605 3166 bonique
1665 3109 1871 3151 ostendit.
1933 3109 2118 3166 Effigies

1246 3170 1489 3212 Germanici
1507 3170 1833 3226 etAgrippinae
1859 3170 1902 3210 in
1919 3169 2118 3210 visconti

1238 3229 1442 3286 lconogr.
1512 3230 1635 3272 Rom.
1705 3227 1791 3270 tab.
1853 3227 1988 3270 XXIV
2050 3241 2115 3283 sq.

1241 3287 1443 3331 Ceterum
1489 3289 1582 3331 laus
1629 3287 1872 3330 Germanici
1919 3284 2117 3343 quamuis

1242 3350 1391 3403 paucis
1425 3349 1571 3390 verbis
1605 3347 1807 3389 absoluta
1846 3346 2116 3402 praeclarum

1242 3408 1373 3449 huius
1406 3408 1503 3450 libri
1539 3413 1839 3448 ornamentum
1876 3410 1955 3446 est.
2009 3403 2114 3445 Eius

1244 3479 1369 3508 casus
1412 3469 1667 3524 gravitatem
1711 3466 1882 3506 'racitus
1932 3464 1991 3503 ita
2034 3475 2115 3503 ex-

1243 3528 1423 3581 pressit,
1457 3533 1504 3568 ut
1536 3525 1753 3582 quomodo
1789 3521 2044 3577 provinciae
2071 3527 2115 3563 et

1244 3586 1393 3642 populi
1418 3587 1793 3635 circumiacenteS,
1827 3586 2004 3624 exterae
2033 3592 2113 3622 na-

1242 3647 1385 3688 tiones
1416 3653 1655 3701 regesque,
1698 3647 1787 3684 tum
1820 3640 2113 3687 Romanorum
