<?xml version="1.0" encoding="UTF-8"?>
<!DOCTYPE html PUBLIC "-//W3C//DTD XHTML 1.0 Transitional//EN"
    "http://www.w3.org/TR/xhtml1/DTD/xhtml1-transitional.dtd">
<html xmlns="http://www.w3.org/1999/xhtml" xml:lang="en" lang="en">
 <head>
  <title>
</title>
<meta http-equiv="Content-Type" content="text/html;charset=utf-8" />
  <meta name='ocr-system' content='tesseract 3.04.00' />
  <meta name='ocr-capabilities' content='ocr_page ocr_carea ocr_par ocr_line ocrx_word'/>
</head>
<body>
  <div class='ocr_page' id='page_1' title='image "./operaadcodicesan01taciuoft_0114.png"; bbox 0 0 2280 4004; ppageno 0'>
   <div class='ocr_carea' id='block_1_1' title="bbox 1052 292 2109 340">
    <p class='ocr_par' dir='ltr' id='par_1_1' title="bbox 1052 292 2109 340">
     <span class='ocr_line' id='line_1_1' title="bbox 1052 292 2109 340; baseline 0 -2"><span class='ocrx_word' id='word_1_1' title='bbox 1052 292 1347 339; x_wconf 77' lang='lat' dir='ltr'><strong>ANNALIVM</strong></span> <span class='ocrx_word' id='word_1_2' title='bbox 1852 309 1892 340; x_wconf 88' lang='lat' dir='ltr'><strong>a.</strong></span> <span class='ocrx_word' id='word_1_3' title='bbox 1924 305 1971 339; x_wconf 84' lang='grc' dir='ltr'><strong>ιι.</strong></span> <span class='ocrx_word' id='word_1_4' title='bbox 2004 293 2109 339; x_wconf 78' lang='lat'><strong>⁷67.</strong></span> 
     </span>
    </p>
   </div>
   <div class='ocr_carea' id='block_1_2' title="bbox 279 300 337 343">
    <p class='ocr_par' dir='ltr' id='par_1_2' title="bbox 279 300 337 343">
     <span class='ocr_line' id='line_1_2' title="bbox 279 300 337 343; baseline 0 0"><span class='ocrx_word' id='word_1_5' title='bbox 279 300 337 343; x_wconf 78' lang='lat'><strong>36</strong></span> 
     </span>
    </p>
   </div>
   <div class='ocr_carea' id='block_1_3' title="bbox 0 440 2190 1697">
    <p class='ocr_par' dir='ltr' id='par_1_3' title="bbox 0 440 2190 1697">
     <span class='ocr_line' id='line_1_3' title="bbox 278 440 2106 511; baseline -0.001 -16"><span class='ocrx_word' id='word_1_6' title='bbox 278 449 382 495; x_wconf 90' lang='lat' dir='ltr'><strong>tum</strong></span> <span class='ocrx_word' id='word_1_7' title='bbox 422 457 570 511; x_wconf 89' lang='lat' dir='ltr'><strong>quam</strong></span> <span class='ocrx_word' id='word_1_8' title='bbox 603 440 649 494; x_wconf 89' lang='lat' dir='ltr'><strong>si</strong></span> <span class='ocrx_word' id='word_1_9' title='bbox 689 442 974 507; x_wconf 83' lang='lat' dir='ltr'>linquerent</span> <span class='ocrx_word' id='word_1_10' title='bbox 996 443 1178 510; x_wconf 71' lang='lat' dir='ltr'><strong>‘castra</strong></span> <span class='ocrx_word' id='word_1_11' title='bbox 1211 440 1433 491; x_wconf 88' lang='lat' dir='ltr'><strong>infausta</strong></span> <span class='ocrx_word' id='word_1_12' title='bbox 1468 444 1834 507; x_wconf 79' lang='lat' dir='ltr'><strong>temerataque,</strong></span> <span class='ocrx_word' id='word_1_13' title='bbox 1872 446 1925 494; x_wconf 90' lang='lat' dir='ltr'><strong>et</strong></span> <span class='ocrx_word' id='word_1_14' title='bbox 1944 441 2106 494; x_wconf 74' lang='lat' dir='ltr'><strong>&#39;soluti</strong></span> 
     </span>
     <span class='ocr_line' id='line_1_4' title="bbox 273 530 2104 625; baseline 0.001 -40"><span class='ocrx_word' id='word_1_15' title='bbox 273 534 476 625; x_wconf 87' lang='lat' dir='ltr'><strong>piaculo</strong></span> <span class='ocrx_word' id='word_1_16' title='bbox 530 534 635 586; x_wconf 89' lang='lat' dir='ltr'><strong>suis</strong></span> <span class='ocrx_word' id='word_1_17' title='bbox 695 531 908 598; x_wconf 88' lang='lat' dir='ltr'><strong>quisque</strong></span> <span class='ocrx_word' id='word_1_18' title='bbox 947 530 1176 584; x_wconf 90' lang='lat' dir='ltr'><strong>hibernis</strong></span> <span class='ocrx_word' id='word_1_19' title='bbox 1227 531 1581 584; x_wconf 81' lang='lat' dir='ltr'><strong>redderentur.</strong></span> <span class='ocrx_word' id='word_1_20' title='bbox 1653 531 1870 584; x_wconf 90' lang='lat' dir='ltr'><strong>Primum</strong></span> <span class='ocrx_word' id='word_1_21' title='bbox 1905 538 2104 599; x_wconf 76' lang='lat' dir='ltr'><strong>octava,</strong></span> 
     </span>
     <span class='ocr_line' id='line_1_5' title="bbox 39 616 2114 706; baseline -0.001 -28.037"><span class='ocrx_word' id='word_1_22' title='bbox 0 616 209 683; x_wconf 42' lang='lat' dir='ltr'><strong>friselart,</strong></span> <span class='ocrx_word' id='word_1_23' title='bbox 274 627 394 678; x_wconf 88' lang='lat' dir='ltr'><strong>dein</strong></span> <span class='ocrx_word' id='word_1_24' title='bbox 449 626 620 693; x_wconf 86' lang='lat' dir='ltr'><strong>quinta</strong></span> <span class='ocrx_word' id='word_1_25' title='bbox 674 624 887 675; x_wconf 85' lang='lat' dir='ltr'><strong>decuma</strong></span> <span class='ocrx_word' id='word_1_26' title='bbox 957 623 1095 706; x_wconf 77' lang='lat' dir='ltr'><strong>legio</strong></span> <span class='ocrx_word' id='word_1_27' title='bbox 1147 624 1368 677; x_wconf 88' lang='lat' dir='ltr'><strong>rediere.</strong></span> <span class='ocrx_word' id='word_1_28' title='bbox 1464 625 1708 701; x_wconf 84' lang='lat' dir='ltr'><strong>Nouanus</strong></span> <span class='ocrx_word' id='word_1_29' title='bbox 1768 623 2114 692; x_wconf 27' lang='lat' dir='ltr'><strong>opperiendas*</strong></span> 
     </span>
     <span class='ocr_line' id='line_1_6' title="bbox 0 713 2109 783; baseline -0.002 -12"><span class='ocrx_word' id='word_1_30' title='bbox 0 733 140 769; x_wconf 72' lang='grc'><strong>7</strong></span> <span class='ocrx_word' id='word_1_31' title='bbox 272 716 461 769; x_wconf 85' lang='lat' dir='ltr'><strong>Tiberii</strong></span> <span class='ocrx_word' id='word_1_32' title='bbox 499 715 739 783; x_wconf 82' lang='lat' dir='ltr'><strong>epistulas</strong></span> <span class='ocrx_word' id='word_1_33' title='bbox 781 713 1156 781; x_wconf 69' lang='lat' dir='ltr'><strong>clamitaverat,</strong></span> <span class='ocrx_word' id='word_1_34' title='bbox 1194 730 1314 767; x_wconf 87' lang='lat' dir='ltr'><strong>mox</strong></span> <span class='ocrx_word' id='word_1_35' title='bbox 1351 715 1610 768; x_wconf 89' lang='lat' dir='ltr'><strong>desolatus</strong></span> <span class='ocrx_word' id='word_1_36' title='bbox 1652 715 1867 768; x_wconf 89' lang='lat' dir='ltr'><strong>aliorum</strong></span> <span class='ocrx_word' id='word_1_37' title='bbox 1904 715 2109 768; x_wconf 87' lang='lat' dir='ltr'><strong>disces-</strong></span> 
     </span>
     <span class='ocr_line' id='line_1_7' title="bbox 0 787 2106 874; baseline -0.001 -13"><span class='ocrx_word' id='word_1_38' title='bbox 0 787 127 865; x_wconf 53' lang='lat'><strong>„2‘2‘4&#39;2</strong></span> <span class='ocrx_word' id='word_1_39' title='bbox 237 807 422 860; x_wconf 71' lang='lat' dir='ltr'><strong>ssione</strong></span> <span class='ocrx_word' id='word_1_40' title='bbox 460 807 803 858; x_wconf 85' lang='lat' dir='ltr'><strong>imminentem</strong></span> <span class='ocrx_word' id='word_1_41' title='bbox 831 806 1197 858; x_wconf 87' lang='lat' dir='ltr'><strong>necessitatem</strong></span> <span class='ocrx_word' id='word_1_42' title='bbox 1238 812 1419 874; x_wconf 91' lang='lat' dir='ltr'><strong>sponte</strong></span> <span class='ocrx_word' id='word_1_43' title='bbox 1461 807 1741 874; x_wconf 88' lang='lat' dir='ltr'><strong>praevenit.</strong></span> <span class='ocrx_word' id='word_1_44' title='bbox 1814 806 1878 859; x_wconf 91' lang='lat' dir='ltr'><strong>Et</strong></span> <span class='ocrx_word' id='word_1_45' title='bbox 1911 805 2106 858; x_wconf 86' lang='lat' dir='ltr'><strong>Drusus</strong></span> 
     </span>
     <span class='ocr_line' id='line_1_8' title="bbox 272 897 2188 990; baseline -0.001 -41"><span class='ocrx_word' id='word_1_46' title='bbox 272 913 378 949; x_wconf 89' lang='lat' dir='ltr'><strong>non</strong></span> <span class='ocrx_word' id='word_1_47' title='bbox 415 902 680 965; x_wconf 86' lang='lat' dir='ltr'><strong>expectato</strong></span> <span class='ocrx_word' id='word_1_48' title='bbox 718 897 1003 965; x_wconf 84' lang='lat' dir='ltr'><strong>legatorum</strong></span> <span class='ocrx_word' id='word_1_49' title='bbox 1038 913 1299 967; x_wconf 82' lang='lat' dir='ltr'><strong>regressu,</strong></span> <span class='ocrx_word' id='word_1_50' title='bbox 1340 899 1456 980; x_wconf 84' lang='lat' dir='ltr'><strong>quia</strong></span> <span class='ocrx_word' id='word_1_51' title='bbox 1484 899 1800 990; x_wconf 78' lang='lat' dir='ltr'><strong>praesentia</strong></span> <span class='ocrx_word' id='word_1_52' title='bbox 1805 899 1936 982; x_wconf 81' lang='lat' dir='ltr'><strong>satis</strong></span> <span class='ocrx_word' id='word_1_53' title='bbox 1967 911 2110 979; x_wconf 81' lang='lat' dir='ltr'><strong>con-</strong></span> <span class='ocrx_word' id='word_1_54' title='bbox 2184 928 2188 930; x_wconf 95' lang='lat'><em>-</em></span> 
     </span>
     <span class='ocr_line' id='line_1_9' title="bbox 267 970 1665 1078; baseline -0.001 -36.987"><span class='ocrx_word' id='word_1_55' title='bbox 267 989 535 1078; x_wconf 83' lang='lat' dir='ltr'><strong>siderant,</strong></span> <span class='ocrx_word' id='word_1_56' title='bbox 583 988 636 1039; x_wconf 93' lang='lat' dir='ltr'><strong>in</strong></span> <span class='ocrx_word' id='word_1_57' title='bbox 675 988 854 1041; x_wconf 90' lang='lat' dir='ltr'><strong>urbem</strong></span> <span class='ocrx_word' id='word_1_58' title='bbox 893 989 1062 1042; x_wconf 90' lang='lat' dir='ltr'><strong>rediit.</strong></span> <span class='ocrx_word' id='word_1_59' title='bbox 1357 970 1387 979; x_wconf 51' lang='lat'>„</span> <span class='ocrx_word' id='word_1_60' title='bbox 1410 973 1532 983; x_wconf 32' lang='lat' dir='ltr'><strong>m*</strong></span> <span class='ocrx_word' id='word_1_61' title='bbox 1533 978 1665 986; x_wconf 52' lang='lat' dir='ltr'><strong>&#39;w</strong></span> 
     </span>
     <span class='ocr_line' id='line_1_10' title="bbox 411 1063 2190 1149; baseline 0.002 -17.007"><span class='ocrx_word' id='word_1_62' title='bbox 411 1063 580 1132; x_wconf 90' lang='lat' dir='ltr'><strong>Isdem</strong></span> <span class='ocrx_word' id='word_1_63' title='bbox 633 1080 793 1132; x_wconf 89' lang='lat' dir='ltr'><strong>ferme</strong></span> <span class='ocrx_word' id='word_1_64' title='bbox 830 1077 1008 1133; x_wconf 87' lang='lat' dir='ltr'><strong>diebus</strong></span> <span class='ocrx_word' id='word_1_65' title='bbox 1067 1081 1230 1134; x_wconf 90' lang='lat' dir='ltr'><strong>isdem</strong></span> <span class='ocrx_word' id='word_1_66' title='bbox 1283 1082 1451 1134; x_wconf 86' lang='lat' dir='ltr'><strong>causis</strong></span> <span class='ocrx_word' id='word_1_67' title='bbox 1492 1081 1826 1134; x_wconf 87' lang='lat' dir='ltr'><strong>Germanicae</strong></span> <span class='ocrx_word' id='word_1_68' title='bbox 1871 1079 2190 1149; x_wconf 80' lang='lat' dir='ltr'><strong>legiones31</strong></span> 
     </span>
     <span class='ocr_line' id='line_1_11' title="bbox 272 1170 2108 1240; baseline 0.001 -19"><span class='ocrx_word' id='word_1_69' title='bbox 272 1170 521 1236; x_wconf 88' lang='lat' dir='ltr'><strong>turbatae,</strong></span> <span class='ocrx_word' id='word_1_70' title='bbox 561 1176 748 1238; x_wconf 88' lang='lat' dir='ltr'><strong>quanto</strong></span> <span class='ocrx_word' id='word_1_71' title='bbox 785 1171 989 1238; x_wconf 82' lang='lat' dir='ltr'><strong>plureS,</strong></span> <span class='ocrx_word' id='word_1_72' title='bbox 1026 1176 1167 1224; x_wconf 82' lang='lat' dir='ltr'><strong>tanto</strong></span> <span class='ocrx_word' id='word_1_73' title='bbox 1207 1171 1510 1238; x_wconf 80' lang='lat' dir='ltr'><strong>violentiUS,</strong></span> <span class='ocrx_word' id='word_1_74' title='bbox 1551 1177 1601 1224; x_wconf 91' lang='lat' dir='ltr'><strong>et</strong></span> <span class='ocrx_word' id='word_1_75' title='bbox 1639 1187 1825 1240; x_wconf 84' lang='lat' dir='ltr'><strong>magna</strong></span> <span class='ocrx_word' id='word_1_76' title='bbox 1866 1185 1972 1238; x_wconf 86' lang='lat' dir='ltr'><strong>spe</strong></span> <span class='ocrx_word' id='word_1_77' title='bbox 1994 1170 2108 1223; x_wconf 83' lang='lat' dir='ltr'><strong>fore</strong></span> 
     </span>
     <span class='ocr_line' id='line_1_12' title="bbox 209 1262 2111 1331; baseline 0.003 -22"><span class='ocrx_word' id='word_1_78' title='bbox 209 1267 324 1314; x_wconf 79' lang='lat' dir='ltr'><strong>mut</strong></span> <span class='ocrx_word' id='word_1_79' title='bbox 362 1262 694 1314; x_wconf 89' lang='lat' dir='ltr'><strong>Germanicus</strong></span> <span class='ocrx_word' id='word_1_80' title='bbox 732 1263 924 1315; x_wconf 85' lang='lat' dir='ltr'><strong>Caesar</strong></span> <span class='ocrx_word' id='word_1_81' title='bbox 960 1263 1222 1330; x_wconf 90' lang='lat' dir='ltr'><strong>imperium</strong></span> <span class='ocrx_word' id='word_1_82' title='bbox 1264 1263 1471 1316; x_wconf 88' lang='lat' dir='ltr'><strong>alterius</strong></span> <span class='ocrx_word' id='word_1_83' title='bbox 1506 1265 1610 1331; x_wconf 90' lang='lat' dir='ltr'><strong>pati</strong></span> <span class='ocrx_word' id='word_1_84' title='bbox 1648 1263 1897 1330; x_wconf 79' lang='lat' dir='ltr'><strong>nequiret,</strong></span> <span class='ocrx_word' id='word_1_85' title='bbox 1934 1262 2111 1326; x_wconf 81' lang='lat' dir='ltr'><strong>daret-</strong></span> 
     </span>
     <span class='ocr_line' id='line_1_13' title="bbox 272 1350 2108 1422; baseline 0 -18"><span class='ocrx_word' id='word_1_86' title='bbox 272 1367 370 1420; x_wconf 90' lang='lat' dir='ltr'><strong>que</strong></span> <span class='ocrx_word' id='word_1_87' title='bbox 403 1369 460 1406; x_wconf 90' lang='lat' dir='ltr'><strong>se</strong></span> <span class='ocrx_word' id='word_1_88' title='bbox 497 1350 787 1422; x_wconf 84' lang='lat' dir='ltr'><strong>legionibus</strong></span> <span class='ocrx_word' id='word_1_89' title='bbox 834 1355 885 1406; x_wconf 90' lang='lat' dir='ltr'><strong>vi</strong></span> <span class='ocrx_word' id='word_1_90' title='bbox 929 1369 1021 1408; x_wconf 89' lang='lat' dir='ltr'><strong>sua</strong></span> <span class='ocrx_word' id='word_1_91' title='bbox 1073 1361 1252 1407; x_wconf 89' lang='lat' dir='ltr'><strong>cuncta</strong></span> <span class='ocrx_word' id='word_1_92' title='bbox 1300 1355 1555 1408; x_wconf 88' lang='lat' dir='ltr'><strong>tracturis.</strong></span> <span class='ocrx_word' id='word_1_93' title='bbox 1629 1355 1740 1407; x_wconf 92' lang='lat' dir='ltr'><strong>Duo</strong></span> <span class='ocrx_word' id='word_1_94' title='bbox 1776 1354 1908 1422; x_wconf 88' lang='lat' dir='ltr'><strong>apud</strong></span> <span class='ocrx_word' id='word_1_95' title='bbox 1945 1354 2108 1421; x_wconf 88' lang='lat' dir='ltr'><strong>ripam</strong></span> 
     </span>
     <span class='ocr_line' id='line_1_14' title="bbox 269 1445 2104 1514; baseline -0.001 -17"><span class='ocrx_word' id='word_1_96' title='bbox 269 1445 433 1497; x_wconf 90' lang='lat' dir='ltr'><strong>Rheni</strong></span> <span class='ocrx_word' id='word_1_97' title='bbox 467 1446 722 1498; x_wconf 85' lang='lat' dir='ltr'><strong>exercitus</strong></span> <span class='ocrx_word' id='word_1_98' title='bbox 760 1452 931 1498; x_wconf 90' lang='lat' dir='ltr'><strong>erant:</strong></span> <span class='ocrx_word' id='word_1_99' title='bbox 987 1448 1068 1499; x_wconf 90' lang='lat' dir='ltr'><strong>cui</strong></span> <span class='ocrx_word' id='word_1_100' title='bbox 1111 1462 1297 1500; x_wconf 91' lang='lat' dir='ltr'><strong>nomen</strong></span> <span class='ocrx_word' id='word_1_101' title='bbox 1334 1448 1615 1514; x_wconf 88' lang='lat' dir='ltr'><strong>superiori,</strong></span> <span class='ocrx_word' id='word_1_102' title='bbox 1675 1447 1769 1500; x_wconf 89' lang='lat' dir='ltr'><strong>sub</strong></span> <span class='ocrx_word' id='word_1_103' title='bbox 1812 1446 1940 1499; x_wconf 87' lang='lat' dir='ltr'><strong>Gaio</strong></span> <span class='ocrx_word' id='word_1_104' title='bbox 1978 1445 2104 1500; x_wconf 83' lang='lat' dir='ltr'><strong>Silio</strong></span> 
     </span>
     <span class='ocr_line' id='line_1_15' title="bbox 269 1535 2106 1606; baseline 0.001 -20"><span class='ocrx_word' id='word_1_105' title='bbox 269 1535 471 1603; x_wconf 83' lang='lat' dir='ltr'><strong>legat03</strong></span> <span class='ocrx_word' id='word_1_106' title='bbox 509 1536 808 1589; x_wconf 87' lang='lat' dir='ltr'><strong>inferiorem</strong></span> <span class='ocrx_word' id='word_1_107' title='bbox 846 1537 1007 1589; x_wconf 89' lang='lat' dir='ltr'><strong>Aulus</strong></span> <span class='ocrx_word' id='word_1_108' title='bbox 1040 1538 1262 1604; x_wconf 89' lang='lat' dir='ltr'><strong>Caecina</strong></span> <span class='ocrx_word' id='word_1_109' title='bbox 1301 1539 1525 1591; x_wconf 90' lang='lat' dir='ltr'><strong>curabat.</strong></span> <span class='ocrx_word' id='word_1_110' title='bbox 1597 1538 1846 1606; x_wconf 86' lang='lat' dir='ltr'><strong>Regimen</strong></span> <span class='ocrx_word' id='word_1_111' title='bbox 1880 1550 2106 1589; x_wconf 84' lang='lat' dir='ltr'><strong>summae</strong></span> 
     </span>
     <span class='ocr_line' id='line_1_16' title="bbox 268 1627 2107 1697; baseline 0.001 -20"><span class='ocrx_word' id='word_1_112' title='bbox 268 1627 346 1679; x_wconf 89' lang='lat' dir='ltr'><strong>rei</strong></span> <span class='ocrx_word' id='word_1_113' title='bbox 379 1641 538 1693; x_wconf 87' lang='lat' dir='ltr'><strong>penes</strong></span> <span class='ocrx_word' id='word_1_114' title='bbox 569 1627 942 1695; x_wconf 88' lang='lat' dir='ltr'><strong>Germanicum,</strong></span> <span class='ocrx_word' id='word_1_115' title='bbox 977 1630 1181 1697; x_wconf 83' lang='lat' dir='ltr'><strong>agendo</strong></span> <span class='ocrx_word' id='word_1_116' title='bbox 1209 1628 1482 1682; x_wconf 89' lang='lat' dir='ltr'><strong>Galliarum</strong></span> <span class='ocrx_word' id='word_1_117' title='bbox 1516 1629 1690 1682; x_wconf 89' lang='lat' dir='ltr'><strong>censui</strong></span> <span class='ocrx_word' id='word_1_118' title='bbox 1718 1634 1820 1680; x_wconf 87' lang='lat' dir='ltr'><strong>tum</strong></span> <span class='ocrx_word' id='word_1_119' title='bbox 1845 1629 2107 1680; x_wconf 83' lang='lat' dir='ltr'><strong>intentum.</strong></span> 
     </span>
    </p>
   </div>
   <div class='ocr_carea' id='block_1_4' title="bbox 267 1768 2104 2005">
    <p class='ocr_par' dir='ltr' id='par_1_4' title="bbox 267 1768 2104 2005">
     <span class='ocr_line' id='line_1_17' title="bbox 387 1768 2104 1825; baseline 0.001 -15"><span class='ocrx_word' id='word_1_120' title='bbox 387 1768 428 1810; x_wconf 88' lang='lat'><strong>5.</strong></span> <span class='ocrx_word' id='word_1_121' title='bbox 457 1770 655 1824; x_wconf 78' lang='lat' dir='ltr'><strong>pervenit</strong></span> <span class='ocrx_word' id='word_1_122' title='bbox 686 1769 741 1811; x_wconf 94' lang='lat' dir='ltr'><strong>M.</strong></span> <span class='ocrx_word' id='word_1_123' title='bbox 812 1769 854 1812; x_wconf 85' lang='lat'><strong>6.</strong></span> <span class='ocrx_word' id='word_1_124' title='bbox 889 1769 1120 1825; x_wconf 73' lang='lat' dir='ltr'><strong>liqatorum</strong></span> <span class='ocrx_word' id='word_1_125' title='bbox 1152 1769 1208 1812; x_wconf 87' lang='lat' dir='ltr'><strong>M.</strong></span> <span class='ocrx_word' id='word_1_126' title='bbox 1283 1770 1576 1813; x_wconf 82' lang='lat' dir='ltr'><strong>considerant·</strong></span> <span class='ocrx_word' id='word_1_127' title='bbox 1590 1771 1645 1813; x_wconf 92' lang='lat' dir='ltr'><strong>M.</strong></span> <span class='ocrx_word' id='word_1_128' title='bbox 1679 1768 1916 1812; x_wconf 86' lang='lat' dir='ltr'><strong>Rhenanus</strong></span> <span class='ocrx_word' id='word_1_129' title='bbox 1949 1783 2104 1812; x_wconf 82' lang='lat' dir='ltr'><strong>conse-</strong></span> 
     </span>
     <span class='ocr_line' id='line_1_18' title="bbox 268 1826 2104 1885; baseline 0.003 -18"><span class='ocrx_word' id='word_1_130' title='bbox 268 1826 437 1869; x_wconf 78' lang='lat' dir='ltr'><strong>derant.</strong></span> <span class='ocrx_word' id='word_1_131' title='bbox 501 1829 544 1870; x_wconf 88' lang='grc'><strong>8.</strong></span> <span class='ocrx_word' id='word_1_132' title='bbox 577 1830 698 1870; x_wconf 81' lang='lat' dir='ltr'><strong>istem</strong></span> <span class='ocrx_word' id='word_1_133' title='bbox 728 1830 874 1882; x_wconf 91' lang='lat' dir='ltr'><strong>priore</strong></span> <span class='ocrx_word' id='word_1_134' title='bbox 899 1829 1014 1884; x_wconf 82' lang='grc'><strong>1000,</strong></span> <span class='ocrx_word' id='word_1_135' title='bbox 1048 1830 1181 1872; x_wconf 86' lang='lat' dir='ltr'><strong>isdem</strong></span> <span class='ocrx_word' id='word_1_136' title='bbox 1203 1831 1450 1884; x_wconf 89' lang='lat' dir='ltr'><strong>posteriore</strong></span> <span class='ocrx_word' id='word_1_137' title='bbox 1484 1837 1528 1872; x_wconf 91' lang='lat' dir='ltr'><strong>et</strong></span> <span class='ocrx_word' id='word_1_138' title='bbox 1557 1829 1690 1885; x_wconf 90' lang='lat' dir='ltr'><strong>paulo</strong></span> <span class='ocrx_word' id='word_1_139' title='bbox 1723 1835 1837 1883; x_wconf 86' lang='lat' dir='ltr'><strong>post.</strong></span> <span class='ocrx_word' id='word_1_140' title='bbox 1904 1829 1973 1872; x_wconf 87' lang='lat'><strong>11.</strong></span> <span class='ocrx_word' id='word_1_141' title='bbox 2007 1836 2104 1872; x_wconf 73' lang='lat' dir='ltr'><strong>tra-</strong></span> 
     </span>
     <span class='ocr_line' id='line_1_19' title="bbox 268 1886 2102 1946; baseline 0.003 -19"><span class='ocrx_word' id='word_1_142' title='bbox 268 1894 413 1928; x_wconf 83' lang='lat' dir='ltr'><strong>cturus</strong></span> <span class='ocrx_word' id='word_1_143' title='bbox 445 1886 513 1928; x_wconf 88' lang='lat' dir='ltr'><strong>M:</strong></span> <span class='ocrx_word' id='word_1_144' title='bbox 557 1890 749 1929; x_wconf 87' lang='lat' dir='ltr'><strong>correxit</strong></span> <span class='ocrx_word' id='word_1_145' title='bbox 779 1887 1125 1931; x_wconf 88' lang='lat' dir='ltr'><strong>Freinshemius.</strong></span> <span class='ocrx_word' id='word_1_146' title='bbox 1248 1897 1352 1946; x_wconf 83' lang='lat' dir='ltr'><strong>aput</strong></span> <span class='ocrx_word' id='word_1_147' title='bbox 1391 1889 1446 1932; x_wconf 87' lang='grc' dir='ltr'><strong>Μ.</strong></span> <span class='ocrx_word' id='word_1_148' title='bbox 1577 1892 1645 1934; x_wconf 92' lang='grc'><strong>12.</strong></span> <span class='ocrx_word' id='word_1_149' title='bbox 1682 1889 1732 1932; x_wconf 80' lang='lat' dir='ltr'><strong>G.</strong></span> <span class='ocrx_word' id='word_1_150' title='bbox 1759 1888 1852 1944; x_wconf 77' lang='lat' dir='ltr'><strong>filio</strong></span> <span class='ocrx_word' id='word_1_151' title='bbox 1882 1889 1957 1932; x_wconf 60' lang='lat' dir='ltr'><strong>Mt</strong></span> <span class='ocrx_word' id='word_1_152' title='bbox 1991 1888 2102 1932; x_wconf 71' lang='lat' dir='ltr'><strong>Silio</strong></span> 
     </span>
     <span class='ocr_line' id='line_1_20' title="bbox 267 1945 1682 2005; baseline 0.003 -18"><span class='ocrx_word' id='word_1_153' title='bbox 267 1945 457 1988; x_wconf 85' lang='lat' dir='ltr'><strong>correxit</strong></span> <span class='ocrx_word' id='word_1_154' title='bbox 488 1946 729 1989; x_wconf 85' lang='lat' dir='ltr'><strong>Beroaldus</strong></span> <span class='ocrx_word' id='word_1_155' title='bbox 762 1948 805 1989; x_wconf 92' lang='lat' dir='ltr'><strong>in</strong></span> <span class='ocrx_word' id='word_1_156' title='bbox 839 1961 927 2005; x_wconf 87' lang='lat' dir='ltr'><strong>mg.</strong></span> <span class='ocrx_word' id='word_1_157' title='bbox 961 1948 1016 1990; x_wconf 88' lang='lat' dir='ltr'><strong>M.</strong></span> <span class='ocrx_word' id='word_1_158' title='bbox 1114 1949 1182 1992; x_wconf 88' lang='grc'><strong>13.</strong></span> <span class='ocrx_word' id='word_1_159' title='bbox 1216 1948 1349 2005; x_wconf 66' lang='lat' dir='ltr'><strong>ligato</strong></span> <span class='ocrx_word' id='word_1_160' title='bbox 1381 1949 1437 1992; x_wconf 88' lang='grc' dir='ltr'><strong>Μ.</strong></span> <span class='ocrx_word' id='word_1_161' title='bbox 1537 1948 1591 1991; x_wconf 84' lang='lat' dir='ltr'><strong>A.</strong></span> <span class='ocrx_word' id='word_1_162' title='bbox 1625 1949 1682 1991; x_wconf 89' lang='lat' dir='ltr'><strong>M.</strong></span> 
     </span>
    </p>
   </div>
   <div class='ocr_carea' id='block_1_5' title="bbox 254 2077 1145 3733">
    <p class='ocr_par' dir='ltr' id='par_1_5' title="bbox 262 2077 1145 2904">
     <span class='ocr_line' id='line_1_21' title="bbox 329 2077 1141 2133; baseline 0.004 -16"><span class='ocrx_word' id='word_1_163' title='bbox 329 2077 430 2131; x_wconf 85' lang='lat' dir='ltr'><strong>quia</strong></span> <span class='ocrx_word' id='word_1_164' title='bbox 447 2078 700 2133; x_wconf 80' lang='lat' dir='ltr'><strong>praesentia</strong></span> <span class='ocrx_word' id='word_1_165' title='bbox 714 2079 820 2120; x_wconf 85' lang='lat' dir='ltr'><strong>satis</strong></span> <span class='ocrx_word' id='word_1_166' title='bbox 840 2078 1141 2120; x_wconf 80' lang='lat' dir='ltr'><strong>considerant:</strong></span> 
     </span>
     <span class='ocr_line' id='line_1_22' title="bbox 266 2136 1143 2179; baseline 0 -1"><span class='ocrx_word' id='word_1_167' title='bbox 266 2136 449 2178; x_wconf 86' lang='lat' dir='ltr'><strong>sormam</strong></span> <span class='ocrx_word' id='word_1_168' title='bbox 492 2137 771 2179; x_wconf 78' lang='lat' dir='ltr'><strong>considerant</strong></span> <span class='ocrx_word' id='word_1_169' title='bbox 811 2140 952 2179; x_wconf 88' lang='lat' dir='ltr'><strong>minus</strong></span> <span class='ocrx_word' id='word_1_170' title='bbox 999 2139 1143 2179; x_wconf 86' lang='lat' dir='ltr'><strong>tritam</strong></span> 
     </span>
     <span class='ocr_line' id='line_1_23' title="bbox 264 2195 1142 2239; baseline 0 -2"><span class='ocrx_word' id='word_1_171' title='bbox 264 2195 343 2237; x_wconf 89' lang='lat' dir='ltr'><strong>sed</strong></span> <span class='ocrx_word' id='word_1_172' title='bbox 359 2195 526 2237; x_wconf 87' lang='lat' dir='ltr'><strong>Latinis</strong></span> <span class='ocrx_word' id='word_1_173' title='bbox 548 2197 728 2238; x_wconf 90' lang='lat' dir='ltr'><strong>minime</strong></span> <span class='ocrx_word' id='word_1_174' title='bbox 756 2197 995 2239; x_wconf 84' lang='lat' dir='ltr'><strong>inauditam</strong></span> <span class='ocrx_word' id='word_1_175' title='bbox 1027 2199 1142 2239; x_wconf 91' lang='lat' dir='ltr'><strong>iusto</strong></span> 
     </span>
     <span class='ocr_line' id='line_1_24' title="bbox 263 2256 1145 2312; baseline 0.002 -17"><span class='ocrx_word' id='word_1_176' title='bbox 263 2257 571 2309; x_wconf 81' lang='lat' dir='ltr'><strong>properantius</strong></span> <span class='ocrx_word' id='word_1_177' title='bbox 592 2257 652 2297; x_wconf 65' lang='lat' dir='ltr'><strong>‚in</strong></span> <span class='ocrx_word' id='word_1_178' title='bbox 696 2256 924 2312; x_wconf 87' lang='lat' dir='ltr'><strong>vulgarem</strong></span> <span class='ocrx_word' id='word_1_179' title='bbox 959 2258 1145 2299; x_wconf 89' lang='lat' dir='ltr'><strong>mutavit</strong></span> 
     </span>
     <span class='ocr_line' id='line_1_25' title="bbox 262 2314 1142 2369; baseline 0.001 -13"><span class='ocrx_word' id='word_1_180' title='bbox 262 2314 527 2367; x_wconf 83' lang='lat' dir='ltr'><strong>Rhenanus,</strong></span> <span class='ocrx_word' id='word_1_181' title='bbox 573 2316 646 2369; x_wconf 86' lang='lat' dir='ltr'><strong>qui</strong></span> <span class='ocrx_word' id='word_1_182' title='bbox 681 2316 723 2355; x_wconf 90' lang='lat' dir='ltr'><strong>in</strong></span> <span class='ocrx_word' id='word_1_183' title='bbox 759 2316 998 2369; x_wconf 87' lang='lat' dir='ltr'><strong>exemplari</strong></span> <span class='ocrx_word' id='word_1_184' title='bbox 1032 2316 1142 2357; x_wconf 89' lang='lat' dir='ltr'><strong>Fro-</strong></span> 
     </span>
     <span class='ocr_line' id='line_1_26' title="bbox 263 2373 1141 2416; baseline 0.001 -2"><span class='ocrx_word' id='word_1_185' title='bbox 263 2373 453 2415; x_wconf 86' lang='lat' dir='ltr'><strong>beniana</strong></span> <span class='ocrx_word' id='word_1_186' title='bbox 504 2386 543 2415; x_wconf 88' lang='lat' dir='ltr'><strong>a.</strong></span> <span class='ocrx_word' id='word_1_187' title='bbox 592 2374 706 2416; x_wconf 87' lang='lat'>1519</span> <span class='ocrx_word' id='word_1_188' title='bbox 760 2375 943 2416; x_wconf 84' lang='lat' dir='ltr'><strong>offendit</strong></span> <span class='ocrx_word' id='word_1_189' title='bbox 985 2376 1141 2416; x_wconf 91' lang='lat' dir='ltr'><strong>vitium</strong></span> 
     </span>
     <span class='ocr_line' id='line_1_27' title="bbox 263 2433 1141 2489; baseline 0.002 -16"><span class='ocrx_word' id='word_1_190' title='bbox 263 2433 632 2489; x_wconf 86' lang='lat' dir='ltr'><strong>typographicum</strong></span> <span class='ocrx_word' id='word_1_191' title='bbox 655 2434 926 2488; x_wconf 77' lang='lat' dir='ltr'><strong>consyderat,</strong></span> <span class='ocrx_word' id='word_1_192' title='bbox 939 2434 1015 2475; x_wconf 88' lang='lat' dir='ltr'><strong>sed</strong></span> <span class='ocrx_word' id='word_1_193' title='bbox 1027 2434 1141 2488; x_wconf 91' lang='lat' dir='ltr'><strong>apud</strong></span> 
     </span>
     <span class='ocr_line' id='line_1_28' title="bbox 263 2491 1141 2546; baseline 0.003 -14"><span class='ocrx_word' id='word_1_194' title='bbox 263 2491 555 2545; x_wconf 87' lang='lat' dir='ltr'><strong>Beroaldum,</strong></span> <span class='ocrx_word' id='word_1_195' title='bbox 589 2498 637 2532; x_wconf 87' lang='lat' dir='ltr'><strong>ut</strong></span> <span class='ocrx_word' id='word_1_196' title='bbox 668 2494 713 2533; x_wconf 91' lang='lat' dir='ltr'><strong>in</strong></span> <span class='ocrx_word' id='word_1_197' title='bbox 746 2493 808 2546; x_wconf 85' lang='lat' dir='ltr'><strong>M,</strong></span> <span class='ocrx_word' id='word_1_198' title='bbox 841 2499 962 2535; x_wconf 84' lang='lat' dir='ltr'><strong>recte</strong></span> <span class='ocrx_word' id='word_1_199' title='bbox 996 2495 1141 2535; x_wconf 84' lang='lat' dir='ltr'><strong>consi-</strong></span> 
     </span>
     <span class='ocr_line' id='line_1_29' title="bbox 264 2551 1139 2596; baseline 0.003 -4"><span class='ocrx_word' id='word_1_200' title='bbox 264 2551 434 2593; x_wconf 80' lang='lat' dir='ltr'><strong>derant.</strong></span> <span class='ocrx_word' id='word_1_201' title='bbox 510 2551 698 2593; x_wconf 81' lang='lat' dir='ltr'><strong>Perinde</strong></span> <span class='ocrx_word' id='word_1_202' title='bbox 732 2552 920 2594; x_wconf 84' lang='lat' dir='ltr'><strong>insidere</strong></span> <span class='ocrx_word' id='word_1_203' title='bbox 953 2553 1053 2594; x_wconf 90' lang='lat' dir='ltr'><strong>XVI</strong></span> <span class='ocrx_word' id='word_1_204' title='bbox 1084 2553 1139 2596; x_wconf 90' lang='grc'><strong>27</strong></span> 
     </span>
     <span class='ocr_line' id='line_1_30' title="bbox 263 2610 1140 2664; baseline 0.001 -13"><span class='ocrx_word' id='word_1_205' title='bbox 263 2610 437 2652; x_wconf 87' lang='lat' dir='ltr'><strong>Tacitus</strong></span> <span class='ocrx_word' id='word_1_206' title='bbox 474 2610 675 2664; x_wconf 86' lang='lat' dir='ltr'><strong>scripsit,</strong></span> <span class='ocrx_word' id='word_1_207' title='bbox 721 2625 744 2652; x_wconf 91' lang='lat' dir='ltr'><strong>a</strong></span> <span class='ocrx_word' id='word_1_208' title='bbox 777 2611 1019 2654; x_wconf 89' lang='lat' dir='ltr'><strong>Puteolano</strong></span> <span class='ocrx_word' id='word_1_209' title='bbox 1067 2613 1140 2653; x_wconf 87' lang='lat' dir='ltr'><strong>in..</strong></span> 
     </span>
     <span class='ocr_line' id='line_1_31' title="bbox 262 2670 1139 2712; baseline 0.001 -1"><span class='ocrx_word' id='word_1_210' title='bbox 262 2670 412 2712; x_wconf 82' lang='lat' dir='ltr'><strong>sedere</strong></span> <span class='ocrx_word' id='word_1_211' title='bbox 454 2670 825 2712; x_wconf 83' lang='lat' dir='ltr'><strong>transformatum.</strong></span> <span class='ocrx_word' id='word_1_212' title='bbox 891 2670 957 2712; x_wconf 89' lang='lat' dir='ltr'><strong>Cf.</strong></span> <span class='ocrx_word' id='word_1_213' title='bbox 992 2671 1139 2712; x_wconf 86' lang='lat' dir='ltr'><strong>Haasii</strong></span> 
     </span>
     <span class='ocr_line' id='line_1_32' title="bbox 262 2729 1138 2786; baseline 0 -15"><span class='ocrx_word' id='word_1_214' title='bbox 262 2731 487 2771; x_wconf 82' lang='lat' dir='ltr'><strong>annotatio</strong></span> <span class='ocrx_word' id='word_1_215' title='bbox 521 2729 607 2773; x_wconf 91' lang='grc'><strong>299</strong></span> <span class='ocrx_word' id='word_1_216' title='bbox 651 2729 704 2770; x_wconf 87' lang='lat' dir='ltr'><strong>ad</strong></span> <span class='ocrx_word' id='word_1_217' title='bbox 735 2730 925 2786; x_wconf 86' lang='lat' dir='ltr'><strong>Reisigii</strong></span> <span class='ocrx_word' id='word_1_218' title='bbox 958 2730 1138 2772; x_wconf 86' lang='lat' dir='ltr'><strong>Praele-</strong></span> 
     </span>
     <span class='ocr_line' id='line_1_33' title="bbox 264 2789 1137 2831; baseline 0.002 -2"><span class='ocrx_word' id='word_1_219' title='bbox 264 2791 435 2831; x_wconf 87' lang='lat' dir='ltr'><strong>ctiones</strong></span> <span class='ocrx_word' id='word_1_220' title='bbox 484 2789 537 2831; x_wconf 89' lang='lat' dir='ltr'><strong>de</strong></span> <span class='ocrx_word' id='word_1_221' title='bbox 587 2794 680 2830; x_wconf 88' lang='lat' dir='ltr'><strong>arte</strong></span> <span class='ocrx_word' id='word_1_222' title='bbox 727 2790 942 2831; x_wconf 89' lang='lat' dir='ltr'><strong>sermonis</strong></span> <span class='ocrx_word' id='word_1_223' title='bbox 994 2789 1137 2831; x_wconf 90' lang='lat' dir='ltr'><strong>Latini</strong></span> 
     </span>
     <span class='ocr_line' id='line_1_34' title="bbox 263 2848 500 2904; baseline 0.023 -17"><span class='ocrx_word' id='word_1_224' title='bbox 263 2861 363 2904; x_wconf 86' lang='lat' dir='ltr'><strong>pag.</strong></span> <span class='ocrx_word' id='word_1_225' title='bbox 398 2848 500 2891; x_wconf 82' lang='lat'><strong>258.</strong></span> 
     </span>
    </p>

    <p class='ocr_par' dir='ltr' id='par_1_6' title="bbox 261 2906 1137 3197">
     <span class='ocr_line' id='line_1_35' title="bbox 353 2906 1136 2977; baseline 0.004 -30"><span class='ocrx_word' id='word_1_226' title='bbox 353 2906 457 2960; x_wconf 85' lang='lat' dir='ltr'><strong>Cap.</strong></span> <span class='ocrx_word' id='word_1_227' title='bbox 493 2910 565 2951; x_wconf 83' lang='lat'><strong>31.</strong></span> <span class='ocrx_word' id='word_1_228' title='bbox 630 2908 762 2949; x_wconf 82' lang='lat' dir='ltr'><strong>isdem</strong></span> <span class='ocrx_word' id='word_1_229' title='bbox 801 2911 936 2977; x_wconf 59' lang='lat' dir='ltr'><strong>fei-me</strong></span> <span class='ocrx_word' id='word_1_230' title='bbox 977 2908 1136 2961; x_wconf 84' lang='lat' dir='ltr'><strong>diebus,</strong></span> 
     </span>
     <span class='ocr_line' id='line_1_36' title="bbox 264 2966 1137 3009; baseline 0.002 -3"><span class='ocrx_word' id='word_1_231' title='bbox 264 2971 347 3006; x_wconf 87' lang='lat' dir='ltr'><strong>cet.</strong></span> <span class='ocrx_word' id='word_1_232' title='bbox 371 2966 641 3007; x_wconf 85' lang='lat' dir='ltr'><strong>Seditionem</strong></span> <span class='ocrx_word' id='word_1_233' title='bbox 657 2966 740 3007; x_wconf 89' lang='lat' dir='ltr'><strong>Ger</strong></span> <span class='ocrx_word' id='word_1_234' title='bbox 744 2969 902 3008; x_wconf 88' lang='lat' dir='ltr'><strong>manici</strong></span> <span class='ocrx_word' id='word_1_235' title='bbox 917 2968 1137 3009; x_wconf 84' lang='lat' dir='ltr'><strong>exercitus</strong></span> 
     </span>
     <span class='ocr_line' id='line_1_37' title="bbox 262 3025 1136 3079; baseline 0.005 -15"><span class='ocrx_word' id='word_1_236' title='bbox 262 3030 437 3079; x_wconf 33' lang='lat' dir='ltr'><strong>piwaetel</strong></span> <span class='ocrx_word' id='word_1_237' title='bbox 470 3025 586 3066; x_wconf 90' lang='lat' dir='ltr'><strong>hunc</strong></span> <span class='ocrx_word' id='word_1_238' title='bbox 618 3032 812 3066; x_wconf 89' lang='lat' dir='ltr'><strong>nostrum</strong></span> <span class='ocrx_word' id='word_1_239' title='bbox 855 3032 1000 3068; x_wconf 88' lang='lat' dir='ltr'><strong>narrat</strong></span> <span class='ocrx_word' id='word_1_240' title='bbox 1031 3027 1136 3068; x_wconf 87' lang='lat' dir='ltr'><strong>bre-</strong></span> 
     </span>
     <span class='ocr_line' id='line_1_38' title="bbox 262 3083 1135 3137; baseline 0.003 -14"><span class='ocrx_word' id='word_1_241' title='bbox 262 3084 377 3124; x_wconf 88' lang='lat' dir='ltr'><strong>viter</strong></span> <span class='ocrx_word' id='word_1_242' title='bbox 412 3084 612 3126; x_wconf 86' lang='lat' dir='ltr'><strong>Velleius</strong></span> <span class='ocrx_word' id='word_1_243' title='bbox 654 3083 690 3124; x_wconf 95' lang='lat' dir='ltr'><strong>lI</strong></span> <span class='ocrx_word' id='word_1_244' title='bbox 726 3085 834 3137; x_wconf 82' lang='lat'><strong>125,</strong></span> <span class='ocrx_word' id='word_1_245' title='bbox 899 3086 1135 3127; x_wconf 87' lang='lat' dir='ltr'><strong>Suetonius</strong></span> 
     </span>
     <span class='ocr_line' id='line_1_39' title="bbox 261 3141 967 3197; baseline 0.004 -14"><span class='ocrx_word' id='word_1_246' title='bbox 261 3141 435 3184; x_wconf 86' lang='lat' dir='ltr'><strong>Tiberio</strong></span> <span class='ocrx_word' id='word_1_247' title='bbox 470 3143 542 3197; x_wconf 87' lang='grc'><strong>25,</strong></span> <span class='ocrx_word' id='word_1_248' title='bbox 575 3143 658 3185; x_wconf 88' lang='lat' dir='ltr'><strong>Dio</strong></span> <span class='ocrx_word' id='word_1_249' title='bbox 692 3142 805 3185; x_wconf 91' lang='lat' dir='ltr'>LVII</span> <span class='ocrx_word' id='word_1_250' title='bbox 836 3144 967 3186; x_wconf 85' lang='lat'><strong>5—6.</strong></span> 
     </span>
    </p>

    <p class='ocr_par' dir='ltr' id='par_1_7' title="bbox 254 3202 1136 3733">
     <span class='ocr_line' id='line_1_40' title="bbox 275 3202 1136 3258; baseline 0.002 -15"><span class='ocrx_word' id='word_1_251' title='bbox 275 3235 278 3238; x_wconf 55' lang='grc'>,</span> <span class='ocrx_word' id='word_1_252' title='bbox 358 3203 525 3258; x_wconf 59' lang='lat' dir='ltr'><strong>agendo</strong></span> <span class='ocrx_word' id='word_1_253' title='bbox 571 3202 812 3244; x_wconf 86' lang='lat' dir='ltr'><strong>Galliarum</strong></span> <span class='ocrx_word' id='word_1_254' title='bbox 859 3205 1005 3245; x_wconf 81' lang='lat' dir='ltr'><strong>censui</strong></span> <span class='ocrx_word' id='word_1_255' title='bbox 1050 3210 1136 3245; x_wconf 84' lang='lat' dir='ltr'><strong>tum</strong></span> 
     </span>
     <span class='ocr_line' id='line_1_41' title="bbox 259 3261 1134 3317; baseline 0.003 -16"><span class='ocrx_word' id='word_1_256' title='bbox 259 3261 491 3303; x_wconf 80' lang='lat' dir='ltr'><strong>intentum.-</strong></span> <span class='ocrx_word' id='word_1_257' title='bbox 518 3261 627 3303; x_wconf 90' lang='lat' dir='ltr'><strong>haec</strong></span> <span class='ocrx_word' id='word_1_258' title='bbox 643 3261 858 3317; x_wconf 88' lang='lat' dir='ltr'><strong>quomodo</strong></span> <span class='ocrx_word' id='word_1_259' title='bbox 877 3262 1134 3317; x_wconf 88' lang='lat' dir='ltr'><strong>accipienda</strong></span> 
     </span>
     <span class='ocr_line' id='line_1_42' title="bbox 259 3321 1133 3372; baseline 0.002 -11"><span class='ocrx_word' id='word_1_260' title='bbox 259 3321 371 3372; x_wconf 84' lang='lat' dir='ltr'><strong>sint,</strong></span> <span class='ocrx_word' id='word_1_261' title='bbox 417 3321 547 3362; x_wconf 91' lang='lat' dir='ltr'><strong>docet</strong></span> <span class='ocrx_word' id='word_1_262' title='bbox 579 3322 817 3363; x_wconf 86' lang='lat' dir='ltr'><strong>Suetonius</strong></span> <span class='ocrx_word' id='word_1_263' title='bbox 858 3323 1055 3363; x_wconf 88' lang='lat' dir='ltr'><strong>scribens</strong></span> <span class='ocrx_word' id='word_1_264' title='bbox 1089 3324 1133 3363; x_wconf 89' lang='lat' dir='ltr'><strong>in</strong></span> 
     </span>
     <span class='ocr_line' id='line_1_43' title="bbox 261 3377 1132 3424; baseline 0.006 -7"><span class='ocrx_word' id='word_1_265' title='bbox 261 3377 449 3421; x_wconf 85' lang='lat' dir='ltr'><strong>Caesare</strong></span> <span class='ocrx_word' id='word_1_266' title='bbox 483 3394 520 3422; x_wconf 87' lang='lat' dir='ltr'><strong>e.</strong></span> <span class='ocrx_word' id='word_1_267' title='bbox 555 3381 635 3424; x_wconf 81' lang='lat'><strong>25:</strong></span> <span class='ocrx_word' id='word_1_268' title='bbox 669 3395 832 3422; x_wconf 88' lang='lat' dir='ltr'><strong>omnem</strong></span> <span class='ocrx_word' id='word_1_269' title='bbox 866 3381 1053 3423; x_wconf 85' lang='lat' dir='ltr'><strong>Galliam</strong></span> <span class='ocrx_word' id='word_1_270' title='bbox 1077 3408 1132 3413; x_wconf 90' lang='lat'><strong>—</strong></span> 
     </span>
     <span class='ocr_line' id='line_1_44' title="bbox 257 3437 1133 3496; baseline 0.009 -22"><span class='ocrx_word' id='word_1_271' title='bbox 257 3437 305 3475; x_wconf 86' lang='lat' dir='ltr'><strong>in</strong></span> <span class='ocrx_word' id='word_1_272' title='bbox 320 3440 574 3491; x_wconf 78' lang='lat' dir='ltr'><strong>provinciae</strong></span> <span class='ocrx_word' id='word_1_273' title='bbox 595 3442 780 3495; x_wconf 80' lang='lat' dir='ltr'><strong>formam</strong></span> <span class='ocrx_word' id='word_1_274' title='bbox 809 3440 988 3496; x_wconf 71' lang='lat' dir='ltr'><strong>reclegyit,</strong></span> <span class='ocrx_word' id='word_1_275' title='bbox 1013 3443 1133 3495; x_wconf 84' lang='lat' dir='ltr'><strong>eique</strong></span> 
     </span>
     <span class='ocr_line' id='line_1_45' title="bbox 258 3496 1133 3555; baseline 0.008 -21"><span class='ocrx_word' id='word_1_276' title='bbox 258 3496 606 3550; x_wconf 68' lang='lat' dir='ltr'><strong>quadrinyenties</strong></span> <span class='ocrx_word' id='word_1_277' title='bbox 659 3501 706 3540; x_wconf 79' lang='lat' dir='ltr'><strong>in</strong></span> <span class='ocrx_word' id='word_1_278' title='bbox 759 3499 949 3555; x_wconf 69' lang='grc'><strong>3777977103</strong></span> <span class='ocrx_word' id='word_1_279' title='bbox 995 3514 1133 3541; x_wconf 85' lang='lat' dir='ltr'><strong>annos</strong></span> 
     </span>
     <span class='ocr_line' id='line_1_46' title="bbox 255 3555 1131 3613; baseline 0.008 -20"><span class='ocrx_word' id='word_1_280' title='bbox 255 3555 458 3609; x_wconf 81' lang='lat' dir='ltr'><strong>stipendii</strong></span> <span class='ocrx_word' id='word_1_281' title='bbox 488 3558 658 3596; x_wconf 79' lang='lat' dir='ltr'><strong>nomine</strong></span> <span class='ocrx_word' id='word_1_282' title='bbox 689 3560 899 3613; x_wconf 75' lang='lat' dir='ltr'><strong>imposuit.</strong></span> <span class='ocrx_word' id='word_1_283' title='bbox 965 3559 1131 3600; x_wconf 81' lang='lat' dir='ltr'><strong>Eutro-</strong></span> 
     </span>
     <span class='ocr_line' id='line_1_47' title="bbox 256 3613 1132 3665; baseline 0.009 -13"><span class='ocrx_word' id='word_1_284' title='bbox 256 3613 354 3665; x_wconf 89' lang='lat' dir='ltr'><strong>pius</strong></span> <span class='ocrx_word' id='word_1_285' title='bbox 389 3613 446 3654; x_wconf 80' lang='lat' dir='ltr'><strong>Vl</strong></span> <span class='ocrx_word' id='word_1_286' title='bbox 483 3615 557 3655; x_wconf 85' lang='lat'><strong>17:</strong></span> <span class='ocrx_word' id='word_1_287' title='bbox 607 3615 777 3656; x_wconf 81' lang='lat' dir='ltr'><strong>Galliae</strong></span> <span class='ocrx_word' id='word_1_288' title='bbox 812 3625 953 3658; x_wconf 79' lang='lat' dir='ltr'><strong>autem</strong></span> <span class='ocrx_word' id='word_1_289' title='bbox 984 3619 1132 3660; x_wconf 82' lang='lat' dir='ltr'><strong>tributi</strong></span> 
     </span>
     <span class='ocr_line' id='line_1_48' title="bbox 254 3673 1132 3733; baseline 0.007 -19"><span class='ocrx_word' id='word_1_290' title='bbox 254 3673 425 3717; x_wconf 83' lang='lat' dir='ltr'><strong>nominc</strong></span> <span class='ocrx_word' id='word_1_291' title='bbox 446 3686 635 3717; x_wconf 75' lang='grc'><strong>(777777777777</strong></span> <span class='ocrx_word' id='word_1_292' title='bbox 654 3675 881 3733; x_wconf 82' lang='lat' dir='ltr'><strong>imperavit</strong></span> <span class='ocrx_word' id='word_1_293' title='bbox 894 3679 1132 3721; x_wconf 75' lang='lat' dir='ltr'><strong>sestertium</strong></span> 
     </span>
    </p>
   </div>
   <div class='ocr_carea' id='block_1_6' title="bbox 1216 2077 2106 3672">
    <p class='ocr_par' dir='ltr' id='par_1_8' title="bbox 1216 2077 2106 3672">
     <span class='ocr_line' id='line_1_49' title="bbox 1230 2077 2106 2136; baseline 0.005 -16"><span class='ocrx_word' id='word_1_294' title='bbox 1230 2079 1594 2136; x_wconf 66' lang='lat' dir='ltr'><strong>quadringenties.</strong></span> <span class='ocrx_word' id='word_1_295' title='bbox 1644 2077 1892 2122; x_wconf 79' lang='lat' dir='ltr'><strong>conr.1)io</strong></span> <span class='ocrx_word' id='word_1_296' title='bbox 1922 2077 2016 2122; x_wconf 74' lang='lat' dir='ltr'><strong>ml</strong></span> <span class='ocrx_word' id='word_1_297' title='bbox 2045 2079 2106 2124; x_wconf 79' lang='lat'><strong>22</strong></span> 
     </span>
     <span class='ocr_line' id='line_1_50' title="bbox 1232 2137 2105 2198; baseline -0.002 -17"><span class='ocrx_word' id='word_1_298' title='bbox 1232 2144 1275 2181; x_wconf 87' lang='lat' dir='ltr'><strong>et</strong></span> <span class='ocrx_word' id='word_1_299' title='bbox 1306 2138 1456 2181; x_wconf 87' lang='lat' dir='ltr'><strong>Livius</strong></span> <span class='ocrx_word' id='word_1_300' title='bbox 1487 2138 1731 2194; x_wconf 81' lang='lat' dir='ltr'><strong>Epit.134.</strong></span> <span class='ocrx_word' id='word_1_301' title='bbox 1796 2137 1936 2181; x_wconf 83' lang='lat' dir='ltr'><strong>Gallia</strong></span> <span class='ocrx_word' id='word_1_302' title='bbox 1967 2138 2105 2198; x_wconf 83' lang='lat' dir='ltr'><strong>igitur</strong></span> 
     </span>
     <span class='ocr_line' id='line_1_51' title="bbox 1227 2197 2104 2254; baseline 0 -15"><span class='ocrx_word' id='word_1_303' title='bbox 1227 2198 1515 2254; x_wconf 79' lang='lat' dir='ltr'><strong>stipendiaria</strong></span> <span class='ocrx_word' id='word_1_304' title='bbox 1561 2197 1791 2253; x_wconf 87' lang='lat' dir='ltr'><strong>provincia</strong></span> <span class='ocrx_word' id='word_1_305' title='bbox 1844 2197 1953 2251; x_wconf 78' lang='lat' dir='ltr'><strong>fuit,</strong></span> <span class='ocrx_word' id='word_1_306' title='bbox 2014 2208 2104 2239; x_wconf 85' lang='lat' dir='ltr'><strong>non</strong></span> 
     </span>
     <span class='ocr_line' id='line_1_52' title="bbox 1226 2256 2102 2313; baseline 0 -14"><span class='ocrx_word' id='word_1_307' title='bbox 1226 2258 1543 2311; x_wconf 76' lang='lat' dir='ltr'><strong>frumentaria,</strong></span> <span class='ocrx_word' id='word_1_308' title='bbox 1590 2257 1632 2299; x_wconf 90' lang='lat' dir='ltr'><strong>h.</strong></span> <span class='ocrx_word' id='word_1_309' title='bbox 1669 2271 1709 2299; x_wconf 87' lang='lat' dir='ltr'><strong>e.</strong></span> <span class='ocrx_word' id='word_1_310' title='bbox 1742 2256 1978 2301; x_wconf 64' lang='lat' dir='ltr'><strong>tributum</strong></span> <span class='ocrx_word' id='word_1_311' title='bbox 1976 2268 2102 2313; x_wconf 75' lang='lat' dir='ltr'><strong>quo-</strong></span> 
     </span>
     <span class='ocr_line' id='line_1_53' title="bbox 1227 2315 2102 2371; baseline 0.002 -15"><span class='ocrx_word' id='word_1_312' title='bbox 1227 2318 1373 2358; x_wconf 90' lang='lat' dir='ltr'><strong>tannis</strong></span> <span class='ocrx_word' id='word_1_313' title='bbox 1405 2316 1608 2359; x_wconf 89' lang='lat' dir='ltr'><strong>solvebat</strong></span> <span class='ocrx_word' id='word_1_314' title='bbox 1641 2317 1851 2371; x_wconf 82' lang='lat' dir='ltr'><strong>pecunia,</strong></span> <span class='ocrx_word' id='word_1_315' title='bbox 1898 2327 1986 2358; x_wconf 79' lang='lat' dir='ltr'><strong>non</strong></span> <span class='ocrx_word' id='word_1_316' title='bbox 2019 2315 2102 2358; x_wconf 81' lang='lat' dir='ltr'><strong>de-</strong></span> 
     </span>
     <span class='ocr_line' id='line_1_54' title="bbox 1228 2373 2103 2430; baseline 0 -14"><span class='ocrx_word' id='word_1_317' title='bbox 1228 2388 1375 2417; x_wconf 90' lang='lat' dir='ltr'><strong>cumas</strong></span> <span class='ocrx_word' id='word_1_318' title='bbox 1399 2376 1607 2417; x_wconf 81' lang='lat' dir='ltr'><strong>frumenti</strong></span> <span class='ocrx_word' id='word_1_319' title='bbox 1632 2374 1867 2430; x_wconf 78' lang='lat' dir='ltr'><strong>pendebat.</strong></span> <span class='ocrx_word' id='word_1_320' title='bbox 1928 2373 1998 2418; x_wconf 74' lang='lat' dir='ltr'><strong>Ad</strong></span> <span class='ocrx_word' id='word_1_321' title='bbox 2018 2374 2103 2416; x_wconf 69' lang='lat' dir='ltr'><strong>vri-</strong></span> 
     </span>
     <span class='ocr_line' id='line_1_55' title="bbox 1225 2434 2102 2490; baseline 0.001 -15"><span class='ocrx_word' id='word_1_322' title='bbox 1225 2434 1376 2476; x_wconf 89' lang='lat' dir='ltr'><strong>butum</strong></span> <span class='ocrx_word' id='word_1_323' title='bbox 1417 2434 1527 2477; x_wconf 91' lang='lat' dir='ltr'><strong>illud</strong></span> <span class='ocrx_word' id='word_1_324' title='bbox 1567 2436 1612 2476; x_wconf 90' lang='lat' dir='ltr'><strong>in</strong></span> <span class='ocrx_word' id='word_1_325' title='bbox 1651 2434 1799 2488; x_wconf 86' lang='lat' dir='ltr'><strong>plures</strong></span> <span class='ocrx_word' id='word_1_326' title='bbox 1839 2445 1978 2476; x_wconf 78' lang='lat' dir='ltr'><strong>annos</strong></span> <span class='ocrx_word' id='word_1_327' title='bbox 2021 2446 2102 2490; x_wconf 83' lang='lat' dir='ltr'><strong>pro</strong></span> 
     </span>
     <span class='ocr_line' id='line_1_56' title="bbox 1226 2492 2101 2536; baseline 0.001 -1"><span class='ocrx_word' id='word_1_328' title='bbox 1226 2493 1438 2536; x_wconf 83' lang='lat' dir='ltr'><strong>facultate</strong></span> <span class='ocrx_word' id='word_1_329' title='bbox 1479 2493 1699 2535; x_wconf 85' lang='lat' dir='ltr'><strong>Gallorum</strong></span> <span class='ocrx_word' id='word_1_330' title='bbox 1753 2492 2101 2536; x_wconf 75' lang='lat' dir='ltr'><strong>distribuendum</strong></span> 
     </span>
     <span class='ocr_line' id='line_1_57' title="bbox 1227 2552 2102 2597; baseline 0.001 -3"><span class='ocrx_word' id='word_1_331' title='bbox 1227 2558 1270 2594; x_wconf 89' lang='lat' dir='ltr'><strong>et</strong></span> <span class='ocrx_word' id='word_1_332' title='bbox 1313 2552 1647 2595; x_wconf 89' lang='lat' dir='ltr'><strong>describendum</strong></span> <span class='ocrx_word' id='word_1_333' title='bbox 1682 2552 2102 2597; x_wconf 74' lang='lat' dir='ltr'><strong>Germanicustunc</strong></span> 
     </span>
     <span class='ocr_line' id='line_1_58' title="bbox 1225 2611 2102 2661; baseline 0.002 -8"><span class='ocrx_word' id='word_1_334' title='bbox 1225 2613 1419 2654; x_wconf 89' lang='lat' dir='ltr'><strong>intentus</strong></span> <span class='ocrx_word' id='word_1_335' title='bbox 1453 2618 1560 2654; x_wconf 90' lang='lat' dir='ltr'><strong>erat.</strong></span> <span class='ocrx_word' id='word_1_336' title='bbox 1618 2611 1685 2654; x_wconf 83' lang='lat' dir='ltr'><strong>Cf.</strong></span> <span class='ocrx_word' id='word_1_337' title='bbox 1705 2611 1802 2654; x_wconf 88' lang='lat' dir='ltr'><strong>XIV</strong></span> <span class='ocrx_word' id='word_1_338' title='bbox 1828 2612 1910 2655; x_wconf 82' lang='lat'><strong>46:</strong></span> <span class='ocrx_word' id='word_1_339' title='bbox 1950 2626 2102 2661; x_wconf 62' lang='lat' dir='ltr'><strong>census</strong></span> 
     </span>
     <span class='ocr_line' id='line_1_59' title="bbox 1219 2670 2100 2728; baseline 0.002 -16"><span class='ocrx_word' id='word_1_340' title='bbox 1219 2686 1301 2728; x_wconf 79' lang='lat' dir='ltr'><strong>per</strong></span> <span class='ocrx_word' id='word_1_341' title='bbox 1344 2671 1510 2714; x_wconf 86' lang='lat' dir='ltr'><strong>Gallias</strong></span> <span class='ocrx_word' id='word_1_342' title='bbox 1550 2685 1579 2712; x_wconf 83' lang='lat' dir='ltr'><strong>a</strong></span> <span class='ocrx_word' id='word_1_343' title='bbox 1617 2672 1771 2724; x_wconf 78' lang='lat' dir='ltr'><strong>Quinto</strong></span> <span class='ocrx_word' id='word_1_344' title='bbox 1834 2670 2004 2714; x_wconf 75' lang='lat' dir='ltr'><strong>Volusio</strong></span> <span class='ocrx_word' id='word_1_345' title='bbox 2043 2696 2100 2704; x_wconf 88' lang='lat'>—</span> 
     </span>
     <span class='ocr_line' id='line_1_60' title="bbox 1224 2730 2100 2773; baseline 0.002 -2"><span class='ocrx_word' id='word_1_346' title='bbox 1224 2732 1313 2772; x_wconf 84' lang='lat' dir='ltr'><strong>acti</strong></span> <span class='ocrx_word' id='word_1_347' title='bbox 1344 2738 1454 2773; x_wconf 85' lang='lat' dir='ltr'><strong>sunt.</strong></span> <span class='ocrx_word' id='word_1_348' title='bbox 1518 2730 1555 2771; x_wconf 87' lang='grc' dir='ltr'>Π</span> <span class='ocrx_word' id='word_1_349' title='bbox 1586 2731 1637 2773; x_wconf 85' lang='lat'><strong>6:</strong></span> <span class='ocrx_word' id='word_1_350' title='bbox 1679 2731 1818 2772; x_wconf 77' lang='lat' dir='ltr'><strong>missis</strong></span> <span class='ocrx_word' id='word_1_351' title='bbox 1851 2730 1910 2772; x_wconf 76' lang='lat' dir='ltr'><strong>acl</strong></span> <span class='ocrx_word' id='word_1_352' title='bbox 1949 2745 2100 2773; x_wconf 77' lang='lat' dir='ltr'><strong>census</strong></span> 
     </span>
     <span class='ocr_line' id='line_1_61' title="bbox 1226 2788 2100 2833; baseline -0.001 -1"><span class='ocrx_word' id='word_1_353' title='bbox 1226 2789 1470 2832; x_wconf 78' lang='lat' dir='ltr'><strong>Galliarum</strong></span> <span class='ocrx_word' id='word_1_354' title='bbox 1503 2789 1649 2832; x_wconf 81' lang='lat' dir='ltr'><strong>Publio</strong></span> <span class='ocrx_word' id='word_1_355' title='bbox 1705 2788 1872 2833; x_wconf 75' lang='lat' dir='ltr'><strong>Vitellio</strong></span> <span class='ocrx_word' id='word_1_356' title='bbox 1917 2797 1957 2831; x_wconf 75' lang='lat' dir='ltr'><strong>et</strong></span> <span class='ocrx_word' id='word_1_357' title='bbox 1989 2791 2100 2833; x_wconf 75' lang='lat' dir='ltr'><strong>Gaio</strong></span> 
     </span>
     <span class='ocr_line' id='line_1_62' title="bbox 1222 2847 2098 2906; baseline 0.001 -15"><span class='ocrx_word' id='word_1_358' title='bbox 1222 2849 1370 2892; x_wconf 81' lang='lat' dir='ltr'><strong>Antio.</strong></span> <span class='ocrx_word' id='word_1_359' title='bbox 1432 2847 1621 2905; x_wconf 84' lang='lat' dir='ltr'><strong>Censum</strong></span> <span class='ocrx_word' id='word_1_360' title='bbox 1653 2861 1779 2890; x_wconf 91' lang='lat' dir='ltr'><strong>suum</strong></span> <span class='ocrx_word' id='word_1_361' title='bbox 1797 2849 2098 2906; x_wconf 83' lang='lat' dir='ltr'><strong>unusquisque</strong></span> 
     </span>
     <span class='ocr_line' id='line_1_63' title="bbox 1223 2907 2096 2964; baseline 0 -14"><span class='ocrx_word' id='word_1_362' title='bbox 1223 2909 1319 2964; x_wconf 88' lang='lat' dir='ltr'><strong>ipse</strong></span> <span class='ocrx_word' id='word_1_363' title='bbox 1352 2908 1576 2963; x_wconf 81' lang='lat' dir='ltr'><strong>professus</strong></span> <span class='ocrx_word' id='word_1_364' title='bbox 1619 2914 1710 2951; x_wconf 86' lang='lat' dir='ltr'><strong>est:</strong></span> <span class='ocrx_word' id='word_1_365' title='bbox 1764 2907 1868 2951; x_wconf 82' lang='lat' dir='ltr'><strong>hinc</strong></span> <span class='ocrx_word' id='word_1_366' title='bbox 1907 2908 2096 2964; x_wconf 82' lang='lat' dir='ltr'><strong>legimus</strong></span> 
     </span>
     <span class='ocr_line' id='line_1_64' title="bbox 1223 2966 2098 3025; baseline 0.001 -16"><span class='ocrx_word' id='word_1_367' title='bbox 1223 2982 1261 3010; x_wconf 85' lang='lat' dir='ltr'><strong>c.</strong></span> <span class='ocrx_word' id='word_1_368' title='bbox 1295 2969 1376 3011; x_wconf 84' lang='lat'><strong>33:</strong></span> <span class='ocrx_word' id='word_1_369' title='bbox 1412 2968 1671 3011; x_wconf 75' lang='lat' dir='ltr'><strong>Germanico·</strong></span> <span class='ocrx_word' id='word_1_370' title='bbox 1698 2981 1780 3025; x_wconf 79' lang='lat' dir='ltr'><strong>per</strong></span> <span class='ocrx_word' id='word_1_371' title='bbox 1812 2966 2004 3022; x_wconf 70' lang='lat' dir='ltr'><strong>Gallias,</strong></span> <span class='ocrx_word' id='word_1_372' title='bbox 2049 2975 2098 3010; x_wconf 75' lang='lat' dir='ltr'><strong>ut</strong></span> 
     </span>
     <span class='ocr_line' id='line_1_65' title="bbox 1223 3027 1974 3084; baseline 0 -16"><span class='ocrx_word' id='word_1_373' title='bbox 1223 3027 1418 3079; x_wconf 76' lang='lat' dir='ltr'><strong>diximus,</strong></span> <span class='ocrx_word' id='word_1_374' title='bbox 1449 3042 1598 3069; x_wconf 85' lang='lat' dir='ltr'><strong>census</strong></span> <span class='ocrx_word' id='word_1_375' title='bbox 1627 3028 1862 3084; x_wconf 73' lang='lat' dir='ltr'><strong>accipienti</strong></span> <span class='ocrx_word' id='word_1_376' title='bbox 1888 3033 1974 3069; x_wconf 84' lang='lat' dir='ltr'><strong>cet.</strong></span> 
     </span>
     <span class='ocr_line' id='line_1_66' title="bbox 1316 3086 2094 3139; baseline 0.005 -12"><span class='ocrx_word' id='word_1_377' title='bbox 1316 3100 1418 3127; x_wconf 86' lang='lat' dir='ltr'><strong>nam</strong></span> <span class='ocrx_word' id='word_1_378' title='bbox 1461 3087 1594 3128; x_wconf 83' lang='lat' dir='ltr'><strong>isdem</strong></span> <span class='ocrx_word' id='word_1_379' title='bbox 1634 3088 1807 3128; x_wconf 76' lang='lat' dir='ltr'><strong>aestives</strong></span> <span class='ocrx_word' id='word_1_380' title='bbox 1847 3087 1895 3127; x_wconf 82' lang='lat' dir='ltr'><strong>in</strong></span> <span class='ocrx_word' id='word_1_381' title='bbox 1939 3086 2094 3139; x_wconf 68' lang='lat' dir='ltr'><strong>finibus</strong></span> 
     </span>
     <span class='ocr_line' id='line_1_67' title="bbox 1227 3145 2091 3188; baseline 0.002 -2"><span class='ocrx_word' id='word_1_382' title='bbox 1227 3145 1450 3186; x_wconf 76' lang='lat' dir='ltr'><strong>Ubiorum:</strong></span> <span class='ocrx_word' id='word_1_383' title='bbox 1504 3145 1614 3186; x_wconf 86' lang='lat' dir='ltr'><strong>haec</strong></span> <span class='ocrx_word' id='word_1_384' title='bbox 1653 3146 1820 3187; x_wconf 86' lang='lat' dir='ltr'><strong>aestiva</strong></span> <span class='ocrx_word' id='word_1_385' title='bbox 1860 3149 1999 3186; x_wconf 84' lang='lat' dir='ltr'><strong>castra</strong></span> <span class='ocrx_word' id='word_1_386' title='bbox 2037 3146 2091 3188; x_wconf 82' lang='lat' dir='ltr'><strong>ad</strong></span> 
     </span>
     <span class='ocr_line' id='line_1_68' title="bbox 1220 3202 2091 3258; baseline -0.005 -12"><span class='ocrx_word' id='word_1_387' title='bbox 1220 3204 1362 3246; x_wconf 86' lang='lat' dir='ltr'><strong>Rheni</strong></span> <span class='ocrx_word' id='word_1_388' title='bbox 1395 3205 1531 3258; x_wconf 87' lang='lat' dir='ltr'><strong>ripam</strong></span> <span class='ocrx_word' id='word_1_389' title='bbox 1564 3204 1680 3246; x_wconf 83' lang='lat' dir='ltr'><strong>inter</strong></span> <span class='ocrx_word' id='word_1_390' title='bbox 1710 3203 1918 3258; x_wconf 87' lang='lat' dir='ltr'><strong>oppidum</strong></span> <span class='ocrx_word' id='word_1_391' title='bbox 1951 3202 2091 3247; x_wconf 80' lang='lat' dir='ltr'><strong>Ubio-</strong></span> 
     </span>
     <span class='ocr_line' id='line_1_69' title="bbox 1218 3261 2091 3306; baseline 0.003 -3"><span class='ocrx_word' id='word_1_392' title='bbox 1218 3277 1311 3304; x_wconf 87' lang='lat' dir='ltr'><strong>rum</strong></span> <span class='ocrx_word' id='word_1_393' title='bbox 1346 3269 1390 3305; x_wconf 92' lang='lat' dir='ltr'><strong>et</strong></span> <span class='ocrx_word' id='word_1_394' title='bbox 1415 3264 1577 3305; x_wconf 85' lang='lat' dir='ltr'><strong>Vetera</strong></span> <span class='ocrx_word' id='word_1_395' title='bbox 1610 3263 1751 3306; x_wconf 81' lang='lat' dir='ltr'><strong>fuere.</strong></span> <span class='ocrx_word' id='word_1_396' title='bbox 1800 3261 1907 3305; x_wconf 82' lang='lat' dir='ltr'><strong>Nam</strong></span> <span class='ocrx_word' id='word_1_397' title='bbox 1939 3262 2091 3306; x_wconf 75' lang='lat' dir='ltr'><strong>sedata</strong></span> 
     </span>
     <span class='ocr_line' id='line_1_70' title="bbox 1218 3322 2091 3378; baseline 0.001 -14"><span class='ocrx_word' id='word_1_398' title='bbox 1218 3322 1436 3364; x_wconf 85' lang='lat' dir='ltr'><strong>seditione</strong></span> <span class='ocrx_word' id='word_1_399' title='bbox 1469 3324 1666 3378; x_wconf 88' lang='lat' dir='ltr'><strong>quintani</strong></span> <span class='ocrx_word' id='word_1_400' title='bbox 1689 3328 1822 3378; x_wconf 83' lang='lat' dir='ltr'><strong>atque</strong></span> <span class='ocrx_word' id='word_1_401' title='bbox 1854 3323 2091 3366; x_wconf 80' lang='lat' dir='ltr'><strong>unetvice-</strong></span> 
     </span>
     <span class='ocr_line' id='line_1_71' title="bbox 1217 3381 2087 3438; baseline 0.001 -16"><span class='ocrx_word' id='word_1_402' title='bbox 1217 3383 1369 3423; x_wconf 85' lang='lat' dir='ltr'><strong>simani</strong></span> <span class='ocrx_word' id='word_1_403' title='bbox 1392 3383 1646 3424; x_wconf 84' lang='lat' dir='ltr'><strong>abscessere</strong></span> <span class='ocrx_word' id='word_1_404' title='bbox 1667 3385 1730 3438; x_wconf 84' lang='lat' dir='ltr'><strong>(c.</strong></span> <span class='ocrx_word' id='word_1_405' title='bbox 1750 3382 1849 3438; x_wconf 86' lang='lat'><strong>37),</strong></span> <span class='ocrx_word' id='word_1_406' title='bbox 1883 3387 1928 3423; x_wconf 75' lang='lat' dir='ltr'><strong>et</strong></span> <span class='ocrx_word' id='word_1_407' title='bbox 1943 3381 2087 3424; x_wconf 78' lang='lat' dir='ltr'><strong>locum</strong></span> 
     </span>
     <span class='ocr_line' id='line_1_72' title="bbox 1217 3441 2088 3496; baseline -0.001 -13"><span class='ocrx_word' id='word_1_408' title='bbox 1217 3453 1303 3496; x_wconf 90' lang='lat' dir='ltr'><strong>quo</strong></span> <span class='ocrx_word' id='word_1_409' title='bbox 1355 3447 1456 3483; x_wconf 92' lang='lat' dir='ltr'><strong>sunt</strong></span> <span class='ocrx_word' id='word_1_410' title='bbox 1501 3442 1690 3496; x_wconf 80' lang='lat' dir='ltr'><strong>profecti</strong></span> <span class='ocrx_word' id='word_1_411' title='bbox 1736 3441 1874 3483; x_wconf 81' lang='lat' dir='ltr'><strong>fuisse</strong></span> <span class='ocrx_word' id='word_1_412' title='bbox 1927 3441 2088 3483; x_wconf 83' lang='lat' dir='ltr'><strong>Vetera</strong></span> 
     </span>
     <span class='ocr_line' id='line_1_73' title="bbox 1218 3497 2085 3554; baseline 0 -13"><span class='ocrx_word' id='word_1_413' title='bbox 1218 3500 1401 3543; x_wconf 88' lang='lat' dir='ltr'><strong>hiberna</strong></span> <span class='ocrx_word' id='word_1_414' title='bbox 1440 3514 1519 3543; x_wconf 88' lang='lat' dir='ltr'><strong>sua</strong></span> <span class='ocrx_word' id='word_1_415' title='bbox 1560 3500 1721 3542; x_wconf 86' lang='lat' dir='ltr'><strong>collato</strong></span> <span class='ocrx_word' id='word_1_416' title='bbox 1768 3513 1806 3540; x_wconf 94' lang='lat' dir='ltr'><strong>c.</strong></span> <span class='ocrx_word' id='word_1_417' title='bbox 1839 3497 1896 3540; x_wconf 83' lang='lat'><strong>45</strong></span> <span class='ocrx_word' id='word_1_418' title='bbox 1930 3498 2085 3554; x_wconf 87' lang='lat' dir='ltr'><strong>liquet.</strong></span> 
     </span>
     <span class='ocr_line' id='line_1_74' title="bbox 1216 3556 2086 3614; baseline -0.005 -14"><span class='ocrx_word' id='word_1_419' title='bbox 1216 3559 1399 3602; x_wconf 87' lang='lat' dir='ltr'><strong>Primam</strong></span> <span class='ocrx_word' id='word_1_420' title='bbox 1421 3567 1565 3601; x_wconf 88' lang='lat' dir='ltr'><strong>autem</strong></span> <span class='ocrx_word' id='word_1_421' title='bbox 1584 3573 1634 3600; x_wconf 88' lang='lat' dir='ltr'><strong>ac</strong></span> <span class='ocrx_word' id='word_1_422' title='bbox 1651 3558 1904 3600; x_wconf 80' lang='lat' dir='ltr'><strong>vicesimam</strong></span> <span class='ocrx_word' id='word_1_423' title='bbox 1937 3556 2086 3614; x_wconf 82' lang='lat' dir='ltr'><strong>legio-</strong></span> 
     </span>
     <span class='ocr_line' id='line_1_75' title="bbox 1216 3615 2086 3672; baseline -0.001 -12"><span class='ocrx_word' id='word_1_424' title='bbox 1216 3632 1295 3660; x_wconf 87' lang='lat' dir='ltr'><strong>nes</strong></span> <span class='ocrx_word' id='word_1_425' title='bbox 1335 3621 1379 3660; x_wconf 92' lang='lat' dir='ltr'><strong>in</strong></span> <span class='ocrx_word' id='word_1_426' title='bbox 1427 3620 1648 3660; x_wconf 86' lang='lat' dir='ltr'><strong>civitatem</strong></span> <span class='ocrx_word' id='word_1_427' title='bbox 1691 3615 1920 3669; x_wconf 89' lang='lat' dir='ltr'><strong>Ubiorum,</strong></span> <span class='ocrx_word' id='word_1_428' title='bbox 1972 3630 2086 3672; x_wconf 84' lang='lat' dir='ltr'><strong>quae</strong></span> 
     </span>
    </p>
   </div>
   <div class='ocr_carea' id='block_1_7' title="bbox 1216 3675 2084 3735">
    <p class='ocr_par' dir='ltr' id='par_1_9' title="bbox 1216 3675 2084 3735">
     <span class='ocr_line' id='line_1_76' title="bbox 1216 3675 2084 3735; baseline 0.002 -16"><span class='ocrx_word' id='word_1_429' title='bbox 1216 3683 1369 3734; x_wconf 84' lang='lat' dir='ltr'><strong>postea</strong></span> <span class='ocrx_word' id='word_1_430' title='bbox 1427 3676 1612 3723; x_wconf 81' lang='lat' dir='ltr'><strong>Colonia</strong></span> <span class='ocrx_word' id='word_1_431' title='bbox 1669 3675 2084 3735; x_wconf 78' lang='lat' dir='ltr'><strong>Agrippinensium,</strong></span> 
     </span>
    </p>
   </div>
  </div>
 </body>
</html>
