2280 4004
223 271 284 318 »70
546 302 549 305 .
1015 265 1309 313 ANNALIVM
1798 283 1841 312 a.
1873 279 1918 312 u.
1940 266 2052 316 -768-

216 420 364 472 ribus
426 417 647 470 disicere
703 413 916 479 obvioS‚
969 418 1234 480 proterere
1279 411 1525 464 iacentes.
1615 411 1861 466 Plurimus
1913 413 2054 467 circa

225 511 419 577 aquilas
468 510 643 572 labor,
703 521 832 572 quae
887 519 1054 571 neque
1113 504 1235 556 ferri
1289 503 1559 555 adversum
1607 503 1898 572 ingruentia
1953 506 2054 558 tela

224 616 390 668 neque
437 601 525 667 figi
569 599 749 650 limosa
812 597 963 648 humo
1013 600 1264 663 poterant.
1365 594 1585 648 Caecina
1636 595 1753 647 dum
1809 600 2057 648 sustentat

225 694 421 757 aciem,
475 691 696 743 suffosso
747 703 877 755 equo
929 688 1166 760 delapsus
1225 687 1742 765 circumveniebatur,
1794 687 1847 738 ni
1894 688 2056 754 prima

187 785 361 852 slegio
401 793 517 836 sese
555 781 893 847 opposuisset.
971 762 1355 831 Iuvit‘hostium
1392 767 1627 843 aviditas,
1667 779 1856 830 omissa
1896 779 2056 832 caede

222 878 464 942 praedam
502 873 832 936 sectantium3
871 871 1147 937 enisaeque
1181 870 1415 937 legiones
1454 875 1850 937 vesperascente
1887 870 1972 923 die
2005 871 2057 922 in

223 970 394 1032 aperta
424 969 474 1016 et
512 964 694 1015 solida.
768 964 945 1029 Neque
972 964 1016 1014 is
1050 963 1369 1014 miseriarum
1403 962 1533 1013 finis.
1608 962 1911 1014 struendum
1945 961 2060 1013 val-

221 1057 347 1121 lum,
387 1056 637 1122 petendus
675 1071 865 1123 agger3
903 1055 1090 1106 amissa
1126 1069 1313 1121 magna
1345 1068 1419 1106 ex·
1448 1058 1591 1120 parte
1628 1057 1723 1120 per
1760 1067 1891 1120 quae
1931 1068 2060 1121 ege-

222 1149 351 1199 ritur
387 1148 566 1198 humus
616 1152 701 1198 aut
748 1146 999 1198 exciditur
1045 1160 1281 1213 caespes3
1341 1160 1445 1196 non
1499 1145 1717 1197 tentoria
1771 1143 2056 1211 manipuliS,

164 1254 329 1294 :onon
363 1239 585 1290 fomenta
637 1237 853 1289 sauciis:
909 1237 1128 1288 iniectos
1171 1249 1330 1289 caeno
1380 1241 1464 1288 aut
1514 1251 1700 1288 cruore
1739 1235 2061 1287 cibos-divi-

223 1331 434 1394 denteS‚
491 1330 718 1381 funestas
756 1330 996 1380 tenebras
1035 1333 1084 1379 et
1133 1333 1206 1379 tot
1243 1328 1501 1379 hominum
1536 1327 1738 1378 milibus
1775 1341 1928 1400 unum
1958 1319 2078 1379 iam

223 1422 471 1487 reliquum
512 1420 646 1472 diem
683 1419 1104 1471 lamentabantur.
1197 1420 1347 1470 Forte
1384 1433 1542 1485 equus
1581 1418 1806 1485 abruptis
1840 1416 2145 1471 vinculis&

222 1526 384 1579 vagus
423 1516 474 1563 et
511 1512 733 1563 clamore
777 1511 982 1562 territus
1027 1510 1273 1576 quosdam
1326 1510 1703 1561 occurrentium
1755 1508 2058 1561 obtul-bavit.

222 1605 377 1655 Tanta
414 1603 535 1654 inde
589 1603 935 1654 consternatio
988 1602 1243 1668 inrupisse
1284 1602 1566 1654 Germanos
1610 1601 1949 1666 credentium,
2007 1606 2062 1653 ut

160 1693 207 1748 '³5
225 1694 393 1745 cuncti
419 1698 627 1746 ruerent
656 1694 719 1745 ad
746 1698 947 1759 portas3
989 1703 1198 1759 quarum
1225 1693 1504 1744 decumana
1532 1692 1750 1743 maxime
1777 1692 2059 1758 petebatur,

223 1801 403 1836 aversa
442 1785 576 1836 hosti
615 1790 664 1836 et
702 1785 1013 1851 fugientibus
1060 1785 1229 1834 tutior.
1306 1783 1526 1835 Caecina
1580 1788 1839 1849 comperto
1875 1797 2060 1834 vanam

224 1892 341 1927 esse
376 1875 716 1940 formidinem,
755 1890 867 1926 cum
896 1881 1064 1927 tamen
1093 1889 1259 1942 neque
1288 1875 1591 1926 auctoritate
1613 1888 1778 1940 neque
1802 1874 2059 1940 precibuS,

225 1981 292 2018 ne
329 1978 479 2018 manu
514 1967 718 2033 quidem
771 1967 1024 2018 obsistere
1063 1971 1148 2018 aut
1185 1966 1409 2017 retinere
1450 1960 1658 2017 militem
1697 1964 1884 2031 quiret,
1936 1976 2064 2031 pro-

222 2058 384 2110 iectus
424 2058 478 2108 in
517 2057 691 2108 limine
728 2062 907 2123 portae
947 2056 1278 2108 miseratione
1318 2056 1551 2121 demum,
1593 2057 1710 2123 quia
1746 2070 1840 2123 per
1877 2068 2061 2123 corpus

156 2149 379 2217 ablegati
405 2149 623 2201 eundum
662 2154 786 2214 erat,
827 2148 1008 2200 clausit
1032 2149 1183 2200 viam.
1249 2147 1405 2202 Simul
1434 2148 1622 2199 tribuni
1660 2153 1710 2199 et
1736 2148 2061 2201 centuriones

223 2241 406 2293 falsum
441 2255 684 2308 pavorem
712 2252 828 2294 esse
858 2241 1157 2292 docuerunt.
1219 2241 1358 2291 'l'unc
1389 2239 1681 2292 contractos
1712 2241 1763 2291 in
1790 2240 2057 2307 principia,
2073 2242 2145 2290 6⁷

224 2332 496 2398 iussosque
534 2332 668 2384 dicta
709 2346 822 2383 cum
863 2332 1065 2383 silentio
1106 2332 1371 2397 accipere,
1433 2331 1675 2397 temporis
1728 2347 1790 2382 ac
1826 2329 2061 2383 necessi-

226 2422 344 2473 tatis
378 2426 564 2473 monet.
641 2423 799 2473 Unam
827 2423 879 2472 in
915 2423 1067 2473 armis
1107 2421 1337 2486 salutem,
1378 2421 1471 2472 sed
1512 2437 1571 2472 ea
1612 2421 1826 2472 consilio
1865 2426 2061 2488 tempe—

220 2512 420 2578 randa,
481 2512 888 2580 manendumque
922 2513 1052 2564 intra
1091 2512 1275 2563 vallum
1315 2512 1480 2564 donec
1527 2507 1850 2581 expugnandi
1884 2512 2059 2565 hostes

166 2617 214 2654 π»
230 2619 320 2670 spe
355 2604 563 2670 propius
596 2604 967 2667 succederent3
1003 2619 1124 2656 mox
1157 2603 1381 2670 undique
1416 2604 1806 2671 erumpendum3
1832 2604 1918 2656 illa
1938 2618 2061 2656 eru·-

347 2773 385 2814 1.
421 2772 622 2814 dissicere
643 2774 699 2816 M.
757 2780 1007 2830 proterrere
1029 2773 1083 2815 M.
1148 2776 1190 2818 2.
1227 2774 1507 2816 '’adversum’'
1539 2776 1653 2830 ferri
1678 2775 1732 2828 M,
1766 2776 1893 2831 signa
1913 2781 2058 2818 autem

224 2832 581 2885 transpositionis
615 2832 702 2874 alia
733 2845 863 2875 manu
894 2833 1072 2889 alioque
1104 2836 1345 2876 atramento
1378 2835 1578 2889 apposita
1609 2839 1723 2877 sunt.
1784 2834 1828 2877 6.
1863 2836 2060 2891 eniseque

225 2890 281 2931 M.
343 2890 386 2932 8.
415 2904 575 2945 perque
606 2893 772 2948 yeritur
802 2891 868 2935 M:
904 2893 1095 2934 correxit
1125 2892 1377 2936 Rhenanus.

220 2949 451 3005 praecibus
482 2950 537 2991 M.

310 3116 391 3158 per
423 3116 531 3157 quae
555 3103 743 3158 egeritur
762 3102 937 3145 humus.-
973 3104 1098 3146 codi-

226 3162 289 3203 cis
322 3162 536 3216 scriptura
568 3164 771 3220 (peritur)
805 3163 938 3216 bona,
953 3169 997 3204 et
1028 3163 1098 3204 sa-

227 3221 325 3262 cilis
359 3221 412 3262 ad
453 3220 761 3275 explicandum
803 3220 1027 3274 videatur,
1060 3224 1096 3263 si

224 3280 390 3334 geritur
431 3291 508 3333 pro
551 3282 773 3337 ayqeritm·
814 3283 1096 3335 accipiamus.

225 3338 311 3379 Sed
330 3337 502 3380 Tacitus
536 3352 589 3381 eo
613 3338 843 3382 intellectu
877 3339 961 3382 hoc
994 3352 1097 3382 ver..

225 3396 326 3436 bum
361 3395 469 3438 alias
502 3409 590 3439 non
622 3400 810 3453 admisit,
846 3411 991 3454 neque
1027 3399 1097 3441 di-

222 3455 363 3497 cimus
398 3454 551 3498 Latine
579 3472 660 3513 per
688 3457 852 3513 aliquid
874 3472 1095 3514 aggerem,

223 3511 303 3553 sed
323 3511 515 3555 ablativo
539 3518 711 3559 utimur.
762 3517 903 3559 Prima
926 3530 968 3560 v.
995 3532 1095 3574 eye-

225 3571 338 3612 ritur
390 3571 536 3614 littera
578 3588 601 3616 a
648 3576 942 3628 praecedente
987 3591 1095 3633 quae

227 3628 431 3685 absorpta
464 3637 543 3673 est.

1471 2893 1537 2937 14.
1571 2890 1837 2950 ςτεᾶεητίιιπι
1866 2892 1922 2937 Μ.
1987 2892 2056 2938 17.

1274 3103 1379 3158 Cap.
1412 3105 1485 3148 66.
1549 3115 1706 3148 aversa
1744 3106 1884 3148 hosti:
1936 3107 2053 3149 hosti

1183 3163 1367 3205 adversa
1409 3169 1503 3206 erat
1542 3171 1669 3218 porta
1707 3165 1957 3221 praetoria,
2011 3168 2053 3208 ei

1181 3224 1400 3264 contraria
1433 3224 1685 3265 decumana.
1753 3224 1967 3280 Vegetius
1998 3224 2054 3267 dc

1185 3281 1247 3322 Re
1280 3281 1370 3323 mil.
1405 3281 1423 3322 l
1466 3282 1548 3327 23:
1591 3289 1722 3338 porta
1763 3290 1905 3325 autem
1944 3297 2053 3338 quae

1183 3339 1426 3396 appellatur
1464 3343 1692 3397 praetoria
1731 3350 1807 3384 aut
1845 3343 2053 3384 crimem

1182 3407 1377 3454 spectare
1410 3400 1528 3442 debet
1560 3408 1634 3442 aut
1663 3399 1783 3443 illum
1811 3400 1951 3443 lactem
1981 3402 2054 3455 qui

1183 3458 1342 3500 hostem
1367 3460 1555 3516 respicit.
1571 3479 1625 3491 ·—-—
1638 3460 1892 3502 Decuma-ea
1911 3465 2052 3501 autem

1178 3524 1308 3573 porta
1340 3532 1447 3573 quae
1480 3517 1722 3574 appellatur
1746 3525 1843 3574 post
1867 3524 2049 3573 practo-

1181 3578 1294 3619 riam
1325 3586 1397 3621 est.
1463 3576 1588 3620 Gonf.
1610 3577 1732 3619 Paul.
1767 3581 1960 3631 excerpt.
1993 3589 2050 3620 ex

1180 3635 1295 3679 Fest.
1330 3650 1364 3679 s.
1400 3650 1442 3678 v.
1479 3637 1709 3693 praetoria
1740 3642 1885 3693 porta.
1948 3634 2045 3680 Liv.
