2280 4004
1936 297 2030 340 34¹²

205 430 471 496 Postquam
506 429 649 481 varia
686 430 887 481 fortuna
924 435 1130 482 exactus
1180 446 1290 501 cum
1345 431 1576 483 omnibus
1629 431 1858 498 reliquiis
1899 433 2033 486 Cae-

205 521 328 572 liani
364 521 619 572 exercitus
659 521 856 572 Etruria
895 522 1131 586 excessit,
1167 527 1386 573 montem
1426 522 1647 573 Caelium
1687 524 1953 589 occupavit
1984 529 2033 574 et

208 628 236 663 a
273 610 402 662 duce
439 625 532 662 suo
571 610 742 661 Caelio
782 611 849 662 ita
888 612 1264 677 appellitavit1‚
1322 618 1610 679 mutatoque
1646 615 1850 665 nomine
1889 619 2032 676 (nam

205 702 367 753 Tusce
397 701 651 752 Mastarna
690 701 734 751 ei
774 716 961 752 nomen
1000 708 1133 767 erat)
1169 703 1237 753 ita
1277 703 1551 768 appellatus
1593 709 1686 768 est,
1723 709 1778 754 ut
1815 704 1946 768 dixi,
1986 708 2035 755 et

205 807 419 859 regnum
457 807 648 843 summa
693 806 803 842 cum
835 792 911 842 rei
949 807 994 856 p.
1020 793 1232 844 utilitate
1263 794 1488 859 optinuit.
1544 794 1741 845 Deinde
1770 800 2034 861 postquam

206 882 462 948 Tarquinii
483 882 694 947 Superbi
724 896 893 932 mores
931 883 1081 933 invisi
1118 883 1308 933 civitati
1342 890 1549 935 nostrae
1589 899 1704 936 esse
1741 889 2032 951 coeperunt,

208 987 305 1039 qua
341 973 514 1038 -ipsius
569 987 664 1038 qua
717 973 931 1023 filiorum
985 974 1121 1037 eiUS,
1175 989 1355 1039 nempe
1404 981 1691 1040 pertaesum
1729 981 1805 1027 est
1842 981 2035 1027 mentes

205 1063 355 1130 regni
391 1067 440 1114 et
477 1063 540 1113 ad
581 1063 833 1127 consuleS,
876 1078 1070 1115 annuos
1109 1066 1459 1130 magistratus,
1502 1066 1873 1118 administratio
1908 1066 2034 1131 reip.

206 1153 447 1204 translata
501 1158 592 1204 est.
668 1154 797 1214 Quid
851 1169 984 1204 nunc
1032 1169 1420 1207 commemorem
1461 1156 1740 1208 dictaturae
1786 1157 1888 1207 hoc
1925 1156 2035 1221 ipso

209 1243 464 1294 consulari
501 1244 762 1308 imperium
800 1244 1048 1295 valentius
1086 1251 1337 1310 repertum
1371 1247 1500 1311 apud
1540 1248 1758 1298 maiores
1796 1251 2019 1310 nostrOS,

208 1348 306 1399 quo
356 1334 409 1383 in
457 1334 802 1398 asperioribus
851 1334 998 1386 bellis
1035 1340 1118 1385 aut
1153 1336 1204 1385 in
1243 1335 1378 1385 civili
1411 1340 1548 1386 motu
1586 1336 1871 1387 difficiliore
1924 1340 2040 1386 ute-

206 1424 419 1474 rentur?
475 1429 559 1474 aut
594 1424 644 1473 in
686 1424 922 1475 auxilium
963 1425 1125 1490 plebis
1165 1431 1365 1477 creatos
1403 1426 1633 1477 tribunos
1661 1426 1863 1492 plebei?
1908 1425 2037 1486 Quid

209 1530 236 1565 a
278 1514 570 1565 consulibus
621 1515 684 1564 ad
721 1516 1040 1567 decemviros
1078 1517 1370 1568 translatum
1420 1504 1712 1582 imperium,
1769 1517 2037 1581 solutoque

208 1610 385 1671 postea
428 1606 755 1657 decemvirali
793 1622 957 1674 regno
997 1608 1060 1658 ad
1106 1608 1341 1659 consules
1387 1623 1564 1659 rursus
1600 1608 1832 1659 reditum.
1910 1606 2040 1668 Quid

208 1696 342 1748 inter
380 1696 535 1761 pluris
576 1697 902 1759 distributum⁶
930 1699 1198 1750 consulare
1235 1700 1497 1765 imperium
1535 1700 1863 1764 tribunosque
1907 1699 2042 1749 mili-

213 1791 315 1837 tum
365 1788 620 1838 consulari
660 1788 868 1854 imperio
906 1790 1213 1855 appellatos,
1272 1792 1355 1856 qui
1415 1793 1525 1843 seni
1573 1797 1622 1842 et
1667 1806 1819 1856 saepe
1867 1789 2039 1841 octoni

216 1878 545 1928 crearentur?
603 1878 733 1939 Quid
775 1880 1170 1931 communicatos
1205 1886 1460 1946 postremo
1499 1897 1610 1933 cum
1644 1881 1791 1947 plebe
1817 1880 2040 1931 honores

206 1983 309 2019 non
348 1969 523 2034 imperi
557 1969 719 2020 solum
756 1971 848 2021 sed
881 1971 1283 2022 sacerdotiorum
1322 1973 1560 2038 quoque?
1611 1973 1711 2023 Iam
1752 1972 1795 2023 si
1833 1987 2035 2022 narrem

206 2058 355 2123 bella,
396 2075 423 2109 a
463 2059 643 2125 quibus
679 2061 941 2126 coeperint
977 2062 1197 2113 maiores
1230 2063 1392 2113 nostri
1415 2068 1464 2113 et
1491 2077 1588 2128 (1110
1616 2062 2036 2128 processerimus,

207 2165 409 2213 vereor,
451 2166 515 2201 ne
553 2151 702 2202 nimis
740 2152 1041 2203 insolentior
1088 2168 1202 2204 esse
1245 2154 1423 2204 videar
1474 2159 1523 2205 et
1576 2154 1838 2220 quaesisse
1876 2152 2040 2203 iacta-

208 2239 397 2291 tionem
433 2241 632 2307 gloriae
668 2242 849 2307 prolati
887 2243 1084 2308 imperii
1120 2243 1250 2296 ultra
1298 2244 1572 2295 Oceanum.
1647 2245 1749 2297 Sed
1784 2243 1902 2295 illuc
1941 2257 2040 2308 po-

210 2331 308 2381 tius
351 2336 597 2382 revertar.
674 2332 935 2384 Civitatem

941 2457 1200 2509 TABVLA
1239 2457 1297 2508 II.

212 2614 702 2628 ..........
742 2575 2039 2643 sane....n0v0....divusAug....:

209 2682 275 2717 no
318 2707 328 2717 .
370 2707 380 2717 .
422 2707 432 2718 .
476 2707 486 2717 .
543 2667 621 2718 lus
671 2672 720 2719 et
761 2673 965 2733 patruus
1020 2668 1091 2717 Ti.
1148 2666 1337 2717 Caesar
1384 2681 1581 2717 omnem
1628 2665 1805 2717 florem
1853 2666 2040 2732 ubique

164 2780 170 2785 *
212 2759 526 2810 coloniarum
580 2775 640 2810 ac
695 2760 1110 2825 municipiorum,
1167 2759 1417 2809 bonorum
1473 2757 1672 2809 scilicet
1716 2758 1941 2808 virorum
1993 2761 2042 2807 et

207 2849 558 2915 locupletium,
619 2850 671 2899 in
725 2850 821 2901 1130
883 2850 1022 2900 011113
1076 2864 1191 2900 esse
1246 2848 1421 2899 voluit.
1497 2847 1628 2909 Quid
1687 2846 1857 2914 ergo?
1926 2847 2039 2898 Non

208 2939 410 2990 italicus
447 2945 654 2991 senator
689 2940 990 3005 provinciali
1030 2940 1199 3005 potior
1237 2938 1352 2989 est?
1427 2938 1528 2988 Iam
1568 2937 1716 2988 vobis
1757 2953 1866 2988 cum
1906 2934 2039 2988 hanc

208 3034 400 3094 partem
444 3045 692 3080 censurae
740 3046 884 3080 meae
936 3029 1219 3095 approbare
1275 3043 1524 3093 coeperO,
1584 3027 1700 3092 quid
1759 3027 1822 3077 de
1872 3042 1931 3077 ea
1981 3042 2039 3077 re

209 3121 422 3170 sentiam
478 3119 630 3171 rebus
683 3119 962 3170 ostendam.
1038 3119 1138 3172 Sed
1190 3133 1254 3168 ne
1308 3117 1650 3182 provinciales
1700 3116 1933 3182 quidem,
1994 3117 2039 3167 si

209 3210 361 3260 modo
403 3225 588 3261 ornare
626 3210 815 3260 curiam
847 3209 1095 3275 poterint,
1150 3204 1460 3259 reiiciendos
1495 3212 1630 3272 puto.
1707 3206 2037 3258 Ornatissima

211 3314 334 3351 ecce
383 3299 583 3351 colonia
627 3299 1070 3366 valentissimaque
1129 3299 1489 3350 Viennensium
1538 3312 1684 3363 quam
1730 3296 1885 3364 longo
1937 3297 2036 3346 iam

210 3395 436 3456 tempore
472 3396 736 3443 senatores
775 3390 892 3441 huic
933 3391 1104 3441 curiae
1146 3389 1365 3439 conferti
1421 3389 1497 3439 Ex
1536 3402 1631 3453 qua
1668 3387 1869 3438 colonia
1907 3387 2040 3438 inter

305 3532 341 3571 1.
384 3530 431 3570 111
462 3542 563 3571 3010
598 3538 664 3572 est
695 3531 979 3586 appellitatus,
1013 3530 1083 3570 vi-
1170 3527 1325 3569 buhrio
1373 3529 1417 3568 in
1460 3527 1569 3569 Hist.
1618 3526 1739 3567 Rom.
1774 3532 1804 3569 t.
1838 3528 1854 3568 1
1888 3532 2034 3570 annot.

210 3589 315 3629 tium
347 3601 371 3628 a
411 3589 600 3642 lapicida
629 3591 682 3630 ad
716 3592 958 3643 proximum
1002 3602 1084 3644 ap·
1170 3588 1256 3631 923
1292 3587 1395 3630 edit.
1431 3593 1530 3627 tert.
1564 3599 1668 3628 vere
1702 3593 1958 3629 correctum.

205 3646 391 3702 pellaeus
422 3649 592 3689 intento
626 3649 887 3702 admissum,
920 3661 946 3689 a
976 3647 1084 3690 Nie-
