2280 4004
176 295 203 325 a
233 277 282 323 G.
317 282 388 325 21.
750 278 916 323 LIBER
949 275 1020 323 111.
1085 277 1191 323 Car,
1223 277 1417 322 44—46.
1913 275 2002 323 203

177 425 227 477 id
268 425 391 478 satis
443 424 506 476 ad
557 424 838 477 victoriam.
930 423 1295 475 Duodecimum
1340 421 1471 488 apud
1510 419 1727 488 lapidem
1763 419 2004 473 Sacrovir

179 519 456 586 copiaeque
492 517 777 584 patentibus
840 516 970 568 loeis
1028 530 1323 582 apparuere.
1416 514 1474 565 In*
1531 512 1700 564 fronte
1762 515 2005 564 statuerat

182 611 415 674 ferratOS,
455 609 506 658 in
544 608 782 659 cornibus
812 607 1067 672 cohortes,
1108 623 1136 658 a
1173 611 1319 674 tergo
1357 619 1652 658 semermos.
1726 604 1839 669 Ipse
1874 602 2007 653 inter

179 701 429 766 primores
489 713 618 764 equo
671 698 861 765 insigni
923 698 1090 763 adire,
1163 712 1447 749 memorare
1497 700 1697 748 veteres
1749 692 2006 746 Gallorum

181 791 402 857 glorias,
461 803 689 855 quaeque
725 788 967 840 Romanis
1006 789 1223 840 adversa
1262 788 1548 840 intulissent
1561 805 1575 851 3
1629 801 1777 854 quam
1816 785 2045 838 decoras

182 877 460 933 victoribus
501 879 726 944 libertas,
759 884 945 945 quanto
983 880 1337 931 intolerantior
1376 880 1594 931 servitus
1624 879 1804 930 iterum
1838 876 2003 928 victis.

99 985 168 1032 46
182 974 293 1025 Non
328 972 412 1023 diu
448 971 605 1034 haee,
650 985 746 1020 nec
788 970 919 1036 apud
957 970 1150 1022 laetos:
1211 970 1395 1022 etenim
1431 968 1802 1036 propinquabat
1840 967 2009 1034 legio—

183 1077 297 1114 num
341 1062 506 1126 aeies,
570 1059 917 1126 inconditique
974 1076 1034 1111 ac
1082 1060 1291 1110 militiae
1341 1060 1502 1111 nescii
1559 1059 1796 1124 oppidani
1824 1073 2015 1129 BQ}

184 1153 344 1205 oculis
380 1166 545 1217 neque
583 1151 788 1223 auribus
826 1151 974 1224 satis
996 1151 1377 1233 competebant.
1455 1150 1641 1201 Contra
1679 1149 1859 1213 Silius,
1914 1148 2008 1199 etsi

180 1216 693 1310 mes
685 1216 921 1291 hortandi
967 1255 1148 1291 causas
1187 1222 1473 1306 exemerat,
1516 1240 1804 1292 clamitabat
1840 1244 2007 1290 tamen
2026 1254 2072 1288 10

181 1333 467 1401 pudendum
503 1332 626 1397 ipsis
663 1330 795 1396 quod
838 1329 1216 1381 Germaniarum
1252 1331 1476 1381 victores
1522 1330 1792 1382 adversum
1835 1329 2007 1381 Gallos

183 1431 433 1491 tamquam
472 1425 525 1474 in
557 1424 755 1476 hostem
795 1423 1113 1474 ducerentur.
1180 1421 1307 1474 ‘Una
1346 1438 1506 1488 nuper
1542 1423 1728 1474 cohors
1767 1421 2010 1473 rebellem

184 1514 467 1578 Turonum,
526 1527 626 1563 una
676 1512 754 1563 ala
789 1511 1080 1576 OE'revirum,
1137 1526 1332 1577 paucae
1369 1512 1515 1562 huius
1554 1512 1710 1578 ipsius
1755 1513 2010 1565 exereitus

188 1609 379 1655 turmae
411 1603 753 1670 profligavere
788 1601 1069 1667 Sequanos.
1143 1601 1341 1662 Quanto
1391 1604 1606 1668 pecunia
1661 1604 1791 1655 dites
1832 1610 1881 1655 et
1916 1618 2014 1654 vo-

189 1694 459 1760 luptatibus
495 1693 779 1759 opulentos,
816 1696 954 1742 tanto
991 1692 1154 1758 magis
1193 1691 1420 1743 imbelles
1458 1693 1670 1746 Aeduos
1709 1710 1827 1747 esse
1865 1693 2078 1748 evin-¹5

190 1786 290 1836 cite
329 1790 378 1836 et
416 1782 725 1851 fugientibus
781 1779 1062 1833 consulite.'

1135 1782 1321 1848 Ingens
1358 1781 1421 1832 ad
1461 1798 1520 1833 ea
1562 1782 1780 1848 clamor,
1825 1788 1874 1834 et
1909 1784 2014 1834 eir-

193 1875 438 1927 eumsudit
472 1888 644 1940 equeS,
687 1872 1004 1937 frontemque
1037 1871 1234 1937 pedites
1271 1872 1543 1935 invasere3
1595 1888 1690 1924 nec
1732 1879 2014 1926 cunctatum

309 2037 350 2079 2.
384 2037 527 2090 fronte
559 2034 692 2075 tacite
724 2032 920 2085 Lipsius:
952 2024 1116 2086 frent-e,
1151 2032 1179 2072 i.
1216 2045 1255 2072 e.
1289 2033 1488 2085 frontem,
1523 2032 1574 2074 M.

469 2094 535 2135 13.
577 2092 806 2143 Turonum,
837 2102 926 2131 non
963 2090 1212 2141 Turonium,
1244 2090 1299 2132 M.

534 2150 601 2193 16.
635 2149 810 2192 cosulite
841 2151 938 2207 (pro
973 2149 1168 2203 cosulite)
1202 2148 1270 2192 M..

191 2093 458 2195 abngdiaele.

191 2292 378 2335 imbelles
407 2291 577 2333 Aeduos
609 2291 802 2342 evincite,
834 2291 879 2331 id
911 2296 1061 2333 contra

194 2352 376 2393 dicentis
385 2351 643 2392 sententiam
665 2352 930 2404 pronuntiat,
944 2362 1062 2391 non..

194 2411 275 2452 nisi
293 2422 450 2467 magna
475 2408 732 2451 difficultate
753 2410 871 2451 vinei
885 2409 1060 2450 Aeduos

193 2481 335 2524 posse.
396 2468 502 2511 Nam
534 2469 729 2510 evincere
762 2474 827 2510 est
846 2469 1062 2522 superatis

193 2529 325 2571 variis
356 2527 686 2569 difficultatibus
717 2529 944 2568 victoriam
976 2528 1060 2568 im-

193 2593 378 2642 petrare.
419 2587 493 2630 Sin
526 2586 579 2628 de
605 2586 822 2628 vincenda
853 2587 1061 2641 opinione

193 2646 440 2688 Aeduorum
461 2646 666 2699 accipias,
689 2647 903 2687 sententia
918 2646 1062 2700 prodit

195 2705 329 2759 haee,
371 2704 572 2746 imbelles
620 2704 797 2759 Aeduos
835 2704 890 2746 ad
933 2704 1062 2746 aliam

194 2763 410 2806 sentiendi
442 2762 660 2819 agendive
681 2765 894 2805 rationem
912 2763 1062 2804 tradu-

195 2824 283 2865 cite
327 2823 525 2880 (stimmet
578 2822 645 2862 die
685 2822 1064 2877 unkrieyerischen

196 2882 368 2924 Aeduer
395 2884 497 2935 um).
562 2880 654 2921 Hoc
687 2882 801 2922 enim
834 2881 1063 2922 intellectu

199 2953 251 2982 eo
284 2938 419 2981 verbo
444 2951 546 2980 usus
569 2937 635 2979 e'st
654 2938 725 2980 hie
745 2944 894 2980 noster
921 2939 974 2980 XI
991 2941 1062 2991 37,

197 2997 272 3040 xli
305 2998 360 3041 25
394 3003 437 3038 et
467 2997 548 3049 49,
590 2997 668 3039 XV
699 2997 773 3040 64.
835 2997 886 3040 H.
918 2997 959 3039 11
990 2997 1062 3041 64.

198 3057 374 3099 Minime
401 3069 505 3098 vero
530 3057 658 3098 etiam
682 3055 792 3098 haee
817 3056 1063 3098 adhortatio

200 3116 401 3172 congruit
425 3117 582 3157 ceteris
601 3115 843 3157 consiliove
861 3114 1062 3158 dicentis.

198 3173 337 3215 Aliter
368 3179 510 3216 autem
543 3187 612 3215 res
635 3187 682 3216 se
704 3173 849 3226 habet,
872 3176 906 3215 si
929 3174 1063 3216 verbo

200 3233 394 3273 evincere
424 3234 616 3287 iungitur
637 3232 893 3286 infinitivus,
927 3234 1065 3274 veluti

200 3290 311 3344 apud
362 3289 583 3331 Horatium
632 3291 766 3332 Serm.
808 3291 843 3331 11
884 3293 911 3333 3
953 3293 1063 3334 250:

198 3351 235 3390 si
268 3348 477 3404 puerilius
514 3348 579 3389 his
620 3351 731 3389 ratio
778 3364 864 3390 esse
912 3351 1066 3390 evincit

198 3422 346 3448 (tiuare
395 3412 536 3463 (wenn
595 3407 802 3461 Vernunft
851 3409 1064 3462 erzwinyt,

198 3466 441 3508 landischer
481 3465 545 3507 als
587 3466 719 3506 dieses
759 3466 820 3506 sei
859 3465 1067 3508 Verliebt-

198 3527 322 3580 sein).
384 3525 500 3566 Tune
551 3526 743 3565 evincere
793 3525 972 3577 perinde
1023 3531 1067 3564 ut

201 3584 378 3639 cogendi
416 3583 621 3636 verbum,
669 3582 784 3639 quod
822 3584 961 3638 ipsum
1001 3585 1066 3625 sic

201 3643 385 3700 positum
436 3642 652 3687 infinitivo
699 3654 847 3687 carere
897 3643 1063 3701 nequit,

1639 2033 1679 2074 7.
1718 2032 1821 2073 letos
1851 2033 1905 2074 M.
1970 2034 2011 2075 9.

1367 2091 1433 2133 15.
1465 2091 1553 2132 inb.
1586 2090 1640 2132 M.
1705 2105 1792 2133 esse
1823 2091 2013 2133 additum

1146 2289 1312 2346 aliquid
1349 2302 1446 2332 esse
1477 2289 1551 2331 vel
1579 2302 1664 2331 non
1687 2303 1784 2332 esse
1802 2296 1848 2332 ut
1865 2303 2014 2340 omnes

1145 2350 1317 2392 tandem
1351 2349 1612 2403 concedant,
1651 2350 1829 2393 efficere
1860 2350 2017 2392 dicitur

1146 2409 1440 2466 (erzwinqen),
1474 2408 1558 2449 hoc
1591 2415 1655 2450 est
1687 2412 2015 2463 persuasionem

1145 2469 1437 2509 necessariam
1452 2468 1620 2510 afferre.
1638 2468 1908 2524 Simulatque
1926 2470 2016 2524 igi..

1145 2533 1214 2568 tur
1245 2526 1423 2568 verbum
1467 2541 1555 2568 esse
1600 2528 1760 2569 ceteris
1800 2528 2017 2569 adiectum

1147 2592 1240 2639 est,
1295 2587 1384 2627 exit
1428 2587 1646 2627 sententia
1691 2600 1818 2641 quam
1869 2586 2016 2641 plures

1146 2651 1266 2687 recte
1283 2643 1546 2698 desiderant,
1566 2645 1642 2687 sed
1662 2645 1853 2702 vulgatis
1871 2647 2016 2687 inesse

1146 2704 1330 2759 probare
1377 2716 1504 2746 nemo
1547 2710 1716 2759 potest,
1754 2704 1938 2746 ‘efficite
1971 2711 2018 2744 ut

1146 2763 1286 2805 Aedui
1327 2775 1404 2816 pro
1447 2763 1697 2804 imbellibus
1746 2763 2015 2805 habeantur'.

1147 2823 1240 2863 Hoc
1272 2836 1359 2863 esse
1391 2823 1435 2862 in
1469 2822 1583 2863 libro
1620 2821 1862 2881 ἀρχετύπῳ
1896 2835 2018 2864 com-

1147 2882 1306 2935 pendio
1340 2895 1386 2921 ee
1419 2887 1638 2923 exaratum
1671 2882 1809 2924 fuisse
1841 2888 1884 2923 et
1905 2888 2018 2923 tam-

1148 2953 1273 2994 quam
1324 2941 1507 2981 inertem
1556 2941 1865 2995 repetitionem
1918 2946 2018 2982 ante

1148 3000 1326 3040 evincite
1349 3012 1373 3040 a
1399 3001 1595 3054 proximo
1615 3000 1791 3041 librario
1812 3001 2018 3042 omissum

1148 3071 1245 3100 esse
1275 3063 1393 3113 puto.

1232 3117 1491 3172 fugientibus
1523 3116 1753 3158 consulite:
1784 3114 1825 3156 h.
1854 3129 1892 3156 e.
1915 3127 2017 3168 par-

1150 3177 1235 3216 cite
1249 3191 1258 3227 3
1273 3175 1494 3231 fugientes
1512 3188 1683 3228 capere,
1699 3185 1783 3213 non
1803 3172 2018 3214 trucidare

1151 3233 1417 3274 contendite.
1492 3235 1583 3273 Hoc
1630 3232 1745 3273 addit
1794 3243 1878 3271 non
1932 3237 2020 3271 tani

1152 3291 1325 3331 humani
1357 3292 1486 3331 animi
1520 3291 1672 3331 duetus
1705 3289 1862 3330 affeetu
1892 3302 2019 3344 quam

1151 3349 1258 3390 lucri
1293 3349 1522 3402 cupidine:
1560 3349 1612 3390 ad
1632 3361 1726 3390 eam
1751 3350 1864 3389 enim
1888 3347 2019 3389 Silius

1151 3409 1327 3447 nimium
1365 3406 1596 3461 proclivis3
1649 3420 1688 3448 v.
1724 3407 1783 3447 lv
1829 3406 1903 3449 19:
1950 3408 2018 3448 vi·-

1152 3467 1289 3507 ceoria
1304 3480 1384 3521 per
1405 3467 1635 3508 avaritiam
1654 3465 1830 3521 foedata
1850 3473 1887 3506 ct
1910 3479 2022 3507 uxor

1151 3525 1276 3566 Sosia
1309 3525 1614 3580 aryucbantur.
1673 3525 1763 3566 Nec
1794 3525 1914 3565 dubie
1945 3538 2020 3566 re-

1144 3583 1430 3639 petundarum
1479 3584 1724 3628 criminibus
1769 3583 2019 3630 haerebant·

1150 3641 1217 3687 Cf.
1255 3643 1306 3687 H.
1340 3642 1398 3687 111
1426 3643 1500 3689 82.
