2222 4022
953 279 1105 324 GArvr
1136 277 1332 326 27-28,
1955 268 2047 312 XLI

224 429 474 484 Octobres
512 442 557 478 a.
603 425 736 480 1427
782 426 1001 479 iocando
1046 423 1268 492 Poggius
1308 419 1512 487 scripsit
1555 417 1619 470 ad
1660 414 1874 468 amicum
1905 429 2048 467 suum

224 521 564 573 Florentinum
591 525 664 585 (p.
687 521 847 584 2123:
882 516 1166 570 Cornelium
1190 515 1430 578 Tacitum,
1469 527 1580 563 cum
1615 508 1825 571 venerit,
1862 506 2042 558 obser-

225 610 358 662 vabo
390 624 548 675 penes
583 625 661 658 me
695 610 899 661 occulte.
974 608 1092 661 Scio
1128 607 1257 659 enim
1291 620 1482 656 omnem
1534 602 1670 654 illam
1727 598 2044 658 cantilenam,

229 707 278 752 et
309 701 440 751 unde
473 699 670 760 exierit,
712 705 759 749 et
787 714 885 764 per
922 713 1088 765 quem,
1137 704 1186 749 et
1230 697 1349 763 quis
1380 711 1491 747 eum
1523 692 1622 744 sibi
1657 689 1920 753 vendicet,
1962 686 2056 738 sed

224 789 300 840 nil
332 788 540 851 dubites,
573 803 674 846 non
713 787 871 838 exibit
904 803 938 838 a
974 803 1051 838 me
1084 803 1147 837 ne
1182 786 1338 837 verbo
1380 785 1588 851 quidem.
1645 784 1763 836 Mox
1800 780 1851 831 in
1875 778 2053 831 eadem

227 879 468 946 epistola:
504 879 564 930 de
591 879 822 930 Cornelio
851 878 1037 943 Tacito,
1077 879 1162 944 qui
1197 883 1272 929 est
1306 878 1359 928 in
1383 875 1670 940 Germania,
1706 872 1834 924 nihil
1869 869 2055 921 sentio:

227 973 435 1034 empecto
470 982 770 1032 responsum
805 967 870 1018 ab
907 967 992 1018 illo
1024 967 1282 1019 monacho.
1355 966 1455 1019 Sed
1506 966 1691 1018 frustra
1732 962 2047 1029 expectavit:

226 1073 342 1123 nam
381 1058 657 1109 monachus
696 1058 781 1109 ille
819 1058 1046 1123 quamvis
1093 1057 1297 1124 indigus
1339 1055 1588 1121 pecuniae
1641 1053 1873 1105 codicem
1916 1051 2058 1102 indi-

229 1153 409 1212 catum,
439 1163 586 1215 quem
622 1163 726 1200 non
765 1149 844 1200 sui
884 1147 1121 1200 coenobii
1158 1146 1248 1198 sed
1287 1145 1552 1197 Fuldensis
1587 1137 1853 1210 κειμήλιον
1899 1141 2058 1192 fuisse

227 1239 487 1303 existimo,
547 1254 856 1305 recuperare
902 1244 951 1290 et
1002 1253 1145 1290 suum
1196 1239 1368 1289 facere
1414 1250 1518 1286 non
1575 1234 1776 1285 videtur
1827 1232 2059 1299 potuisse

227 1330 448 1396 ideoque
483 1334 583 1380 tam
622 1330 685 1381 de
720 1330 850 1381 libro
890 1329 1079 1396 scripto
1129 1344 1276 1395 quam
1314 1327 1377 1378 de
1412 1325 1626 1393 pecunia
1672 1323 1795 1374 nihil
1839 1322 2052 1388 amplius

231 1419 564 1487 transegisse.
639 1422 811 1488 Itaque
859 1420 1079 1489 Poggius
1133 1418 1319 1470 frustra
1375 1416 1576 1468 habitus
1624 1418 1932 1480 postremum
1978 1412 2061 1464 dic

229 1514 298 1565 XI
321 1511 631 1579 Septembris
671 1527 715 1562 a.
748 1508 881 1562 1428
901 1516 974 1576 (p.
995 1509 1123 1574 218)
1162 1523 1222 1558 ea
1259 1506 1322 1557 de
1360 1521 1418 1557 re
1454 1503 1632 1556 scribit
1669 1501 1733 1553 ad
1765 1501 2056 1554 Nicolaum:

233 1604 496 1656 Cornelius
523 1603 723 1654 Tacitus
746 1601 861 1652 silet
895 1601 1025 1650 inter
1047 1601 1342 1663 GermanOS,
1382 1613 1540 1663 neque
1572 1595 1837 1661 quicquam
1877 1590 2059 1642 exinde

231 1694 352 1745 novi
384 1694 592 1759 percepi
630 1694 690 1743 de
725 1693 832 1743 eius
871 1691 1126 1757 operibus.
1198 1693 1384 1743 Verum
1434 1688 1556 1739 illud
1605 1685 1766 1739 Taciti
1800 1683 2056 1746 volumen,

232 1784 285 1836 in
338 1799 436 1851 quo
486 1789 630 1836 erant
686 1784 973 1835 hominibus
1030 1784 1166 1835 Italis
1219 1788 1338 1833 tunc
1379 1779 1670 1848 incognita,
1726 1781 1809 1827 aut
1865 1774 2065 1841 priores

233 1877 504 1932 Annalium
564 1877 723 1928 libros
779 1876 1120 1943 (posteriores
1176 1880 1225 1926 et
1274 1873 1606 1924 Historiarum
1646 1871 1767 1936 quot
1802 1869 2071 1944 supersunt

235 1967 427 2034 cogniti
464 1971 665 2031 erant),
705 1971 789 2018 aut
826 1967 983 2017 Taciti
1028 1965 1347 2017 Germaniam
1388 1968 1437 2015 et
1476 1962 1744 2029 Dialogum
1784 1957 1848 2009 de
1890 1960 2069 2008 orato-

235 2056 375 2107 ribus
404 2060 453 2106 et
487 2055 617 2106 duos
642 2055 871 2108 Suetonii
893 2054 1092 2106 libellos
1134 2054 1450 2120 complexum
1493 2058 1599 2104 est:
1638 2066 1753 2101 nam
1784 2048 1834 2099 hi
1859 2047 2069 2099 codices

238 2159 302 2194 ex
338 2142 606 2194 Germania
641 2144 694 2194 in
730 2144 921 2196 Italiam
971 2143 1199 2195 translati
1247 2148 1390 2206 sunt,
1445 2141 1700 2207 posterior
1746 2139 1895 2206 paulo
1955 2143 2070 2189 ante

237 2249 282 2285 a.
328 2230 493 2297 1460,
548 2228 689 2300 prior
736 2240 852 2286 ante
897 2249 1081 2287 anuum
1126 2235 1286 2298 1515,
1341 2238 1391 2285 et
1438 2238 1704 2298 utrumque
1742 2247 1770 2282 a
1806 2228 2063 2282 Ruodolfo

236 2324 487 2376 monacho
507 2324 747 2377 Fuldensi
785 2340 922 2378 nono
958 2326 1133 2378 seculo
1175 2325 1455 2391 inspectum
1494 2338 1609 2375 esse
1648 2337 1799 2389 supra
1829 2321 2064 2372 vidimus.

239 2414 350 2483 Ego
391 2420 445 2465 ut
483 2430 585 2466 non
625 2416 690 2468 de
725 2417 1013 2484 posteriore
1053 2417 1145 2468 sed
1187 2416 1355 2482 priore
1392 2416 1548 2467 verba
1570 2414 1749 2482 Poggii
1793 2414 1925 2465 facta
1959 2426 2075 2464 esse

242 2506 553 2568 existimem,
609 2507 727 2558 hinc
775 2522 1083 2574 permoveor
1136 2507 1271 2574 quod
1323 2507 1375 2556 in
1421 2510 1527 2556 tota
1573 2521 1726 2556 causa
1766 2502 2073 2556 Corneliana

239 2596 463 2647 Suetonii
500 2612 565 2649 ne
602 2611 692 2663 per
728 2596 997 2648 litterulam
1039 2595 1242 2663 quidem
1277 2595 1410 2647 sacta
1444 2598 1522 2646 est
1559 2593 1780 2657 mentio,
1836 2590 2074 2657 quodque

208 2687 469 2749 ,volumen
504 2687 680 2752 Taciti,
723 2702 827 2739 non
867 2687 1109 2754 opuscula
1145 2688 1255 2739 eius
1295 2691 1379 2737 aut
1411 2683 1515 2736 ‘res
1549 2682 1806 2751 parvulae’
1842 2697 2070 2735 comme-

245 2784 518 2832 morantur.
591 2779 716 2831 Nam
774 2777 874 2829 hoc
914 2792 1100 2828 nomen
1149 2791 1253 2828 non
1310 2775 1375 2828 ad
1429 2775 1654 2826 Tacitum
1693 2771 1940 2838 pertinet,
1982 2772 2075 2825 sed

247 2869 310 2921 de
348 2870 460 2921 aliis
497 2870 680 2920 libellis
719 2869 906 2920 dictum
944 2874 1036 2920 est.
1110 2868 1239 2919 Hinc
1271 2867 1646 2929 Maassmanno,
1686 2863 1770 2930 qui
1804 2863 1856 2914 in
1893 2864 2074 2916 Anna-

246 2960 376 3012 libus
415 2960 536 3013 artis
566 2959 774 3011 criticae
793 2959 1211 3010 Berolinensibus
1244 2964 1318 3021 (a.
1356 2956 1485 3010 1841
1510 2974 1575 3008 m.
1596 2955 1871 3007 Novembri
1898 2970 1946 3005 n.
1982 2956 2076 3022 88)

249 3051 503 3104 diversam
558 3051 858 3104 sententiam
910 3051 1193 3118 approbare
1252 3054 1463 3101 conatus
1523 3051 1629 3112 est,
1691 3047 1927 3099 assentiri
1975 3062 2079 3098 non

248 3158 470 3210 possum,
509 3143 660 3194 immo
701 3158 852 3209 spero
893 3143 1056 3193 virum
1095 3140 1443 3192 doctissimum
1470 3138 1650 3207 Poggii
1690 3138 1861 3189 verbis
1898 3139 2078 3190 iterum

248 3234 394 3285 lectis
435 3239 484 3285 et
520 3230 858 3285 consideratis
896 3233 949 3283 in
987 3247 1127 3284 meas
1165 3237 1332 3297 partes
1372 3231 1696 3282 transiturum
1735 3243 1868 3280 esse.

166 3337 236 3384 28
390 3324 491 3374 Iam
541 3323 767 3374 eiusdem
814 3323 931 3373 libri
982 3323 1083 3373 fata
1131 3328 1181 3372 et
1218 3323 1410 3372 ‘itinera
1449 3320 1660 3385 amplius
1696 3332 2075 3386 persequamur.

253 3414 299 3465 Is
349 3413 480 3464 enim
528 3418 644 3479 post
698 3412 856 3463 seculi
904 3426 1008 3462 non
1064 3413 1250 3478 integri
1300 3412 1568 3462 decursum
1607 3426 1671 3462 ex
1711 3410 1977 3462 Germania
2012 3408 2077 3460 ad

253 3505 470 3556 Leonem
509 3504 556 3556 X
606 3503 891 3568 pontificem
942 3502 1210 3552 maximum
1247 3501 1473 3552 defertur
1514 3516 1646 3552 anno
1688 3498 1826 3553 1514
1862 3506 1944 3551 aut
1981 3516 2080 3567 po·-

254 3595 350 3646 tius
413 3595 575 3660 1513,
633 3594 697 3646 de
748 3608 843 3660 qua
888 3608 945 3644 re
998 3592 1082 3658 qui
1130 3592 1260 3644 hanc
1316 3592 1585 3645 Annalium
1643 3596 1834 3659 partem
1886 3591 2075 3657 primus
