2280 4004
193 264 298 315 ενδ.
323 266 396 312 48.
765 266 930 312 LIBER
963 267 1032 312 ΧΙ.
1097 266 1202 313 cst.
1236 268 1426 315 24-26.
1954 272 2012 314 321

194 425 341 478 quam
377 426 440 463 ex
465 409 738 463 severitate
761 410 948 477 prisca,
979 411 1227 463 rationem
1257 411 1499 477 adhibuit,
1531 410 1804 477 monend0‚
1843 426 2017 464 seeum

194 502 405 569 quisque
459 501 523 554 de
575 517 631 554 se
671 502 1004 567 consultaret,
1055 508 1350 569 peteretque
1399 504 1477 555 ius
1531 503 1748 555 exuendi
1800 502 2014 554 ordinis.

192 594 410 646 Facilem
438 593 548 645 eius
573 594 650 645 rei
673 595 890 645 veni-am.
963 595 1025 644 Et
1053 599 1218 646 motos
1251 600 1430 646 senatu
1462 599 1832 660 excusatosque
1868 593 2015 646 simul

190 690 587 751 propositurum,
626 690 680 734 ut
713 684 952 736 iudicium
994 700 1261 736 censorum
1301 701 1361 736 ac
1396 686 1562 751 pudor
1603 691 1782 752 sponte
1818 685 2019 737 ceden-

192 776 312 826 tium
345 776 578 842 permixti
615 775 945 842 ignominiam
985 775 1252 826 mollirent.
1327 777 1402 828 Ob
1448 793 1506 827 ea
1532 778 1802 842 Vipstanus
1840 775 2058 828 consula

193 866 382 918 rettulit
420 871 611 932 patrem
662 872 868 918 senatus
922 867 1272 932 appellandum
1331 883 1445 918 esse
1495 868 1779 918 Claudium:
1837 868 2021 934 quippe

192 958 530 1024 promiscuum
569 957 724 1023 patris
759 957 954 1022 patriae
992 963 1410 1024 cognomentum3
1450 973 1583 1010 nova
1621 959 1670 1008 in
1709 974 1816 1009 rem
1848 958 2023 1024 publi-³

195 1065 304 1116 cam
340 1049 518 1100 merita
555 1063 659 1099 non
692 1048 890 1099 usitatis
929 1049 1194 1100 vocabulis
1245 1049 1560 1100 honoranda.
1635 1049 1734 1101 Sed
1774 1050 1881 1115 ipse
1925 1064 2020 1101 co·-

191 1138 353 1190 hibuit
376 1138 635 1191 consiilem
669 1144 723 1189 ut
742 1139 951 1189 nimium
982 1140 1345 1191 adsentantem.
1422 1140 1759 1205 Condiditque
1793 1140 2018 1206 lustrum,

193 1238 291 1296 quo
331 1235 636 1293 eensasunt
671 1230 854 1281 civium
888 1231 1250 1298 quinquaginta
1282 1243 1469 1282 novem·
1505 1236 1716 1282 centena
1759 1232 2087 1298 octoginta-m

193 1325 428 1387 quattuor
453 1321 590 1373 milia
627 1322 946 1389 septuaginta
977 1322 1094 1373 duo.
1182 1323 1330 1388 Isque
1362 1322 1435 1372 illi
1481 1321 1593 1373 finis
1633 1322 1864 1373 inscitiae
1897 1337 2024 1389 erga

123 1431 126 1433 ·
193 1413 397 1464 ‹lomum⁴
431 1428 574 1465 suam
612 1413 728 1464 fuit:
767 1413 900 1464 haud
932 1414 1086 1464 multo
1110 1418 1227 1479 post
1255 1413 1447 1480 flagitia
1485 1414 1662 1465 uxoris
1704 1428 1923 1465 noscere
1962 1404 2041 1465 ac>

189 1504 369 1570 punire
409 1504 652 1568 adactUS,
700 1508 754 1554 ut
792 1504 977 1555 deinde
1016 1505 1312 1556 ardesceret
1347 1505 1400 1555 in
1437 1505 1636 1571 nuptias
1675 1505 1915 1556 incestas.

109 1601 180 1648 26
331 1595 433 1647 Iam
468 1594 739 1647 Messalina
779 1596 1020 1647 facilitate
1057 1596 1418 1648 adulteriorum
1456 1597 1507 1646 in
1559 1596 1813 1647 fastidium
1849 1610 2023 1660 versa,

195 1685 261 1737 ad
282 1685 571 1752 incognitas
595 1685 834 1737 libidines
858 1687 1155 1752 profluebat,
1186 1702 1303 1737 cum
1321 1687 1547 1753 abrumpi
1573 1686 2087 1740 dissimulationem-15

194 1776 343 1828 etiam
373 1776 541 1841 Silius,
579 1777 689 1828 sive
729 1777 867 1828 fatali
897 1777 1160 1842 vecordia,
1189 1793 1252 1828 an
1287 1778 1648 1828 imminentium
1683 1777 2022 1843 periculorum

196 1867 473 1919 remedium
527 1867 635 1933 ipsa
686 1868 912 1934 pericula
962 1874 1126 1933 ratus,
1182 1870 1449 1936 urguebat.
1547 1870 1740 1935 Quippe
1796 1884 1899 1919 non
1959 1883 2023 1921 eo

194 1963 395 2010 ventum
423 1963 478 2009 ut
499 1964 755 2011 senectam
784 1960 1028 2026 principis
1055 1961 1421 2027 opperirentur.
1498 1961 1786 2012 Insontibus
1814 1960 2026 2013 innoxia*

311 2134 352 2176 2.
387 2132 593 2174 Exuendi
619 2132 819 2188 Lipsius:
855 2132 956 2177 GMfl
989 2134 1186 2176 exeundi.
1297 2136 1337 2178 5.
1372 2136 1593 2192 uipsauius
1623 2135 1712 2179 Ma:
1741 2139 1943 2194 uipsauus
1964 2135 2022 2180 G:

195 2191 444 2234 emendavit
474 2192 683 2246 Ryekius.
750 2195 818 2237 10.
853 2194 1047 2237 LVIIII.
1084 2195 1358 2236 LXXXIIII.
1393 2195 1574 2238 LXXII.
1610 2196 1689 2238 Ma.

194 2259 379 2293 ter-orum
403 2250 491 2293 Ma:
527 2265 581 2293 ex
613 2253 731 2307 Spir.
768 2255 960 2295 correxit
989 2253 1232 2295 Ernestius.

194 2315 299 2367 (non
333 2311 558 2368 arguebat)
591 2311 672 2354 Ma.

287 2451 472 2495 dictator
524 2454 689 2496 Caesar
741 2454 832 2510 leqe
883 2456 1064 2498 Cassia:

199 2512 315 2554 conf.
362 2513 540 2555 Sueton.
587 2512 711 2557 Caes.
747 2515 830 2556 41:
873 2523 1068 2557 senatum

193 2570 412 2628 supplevit,
442 2574 652 2628 patricios
687 2572 853 2629 alleqit.

275 2632 479 2688 princeps
507 2631 722 2688 Augustus
753 2633 844 2688 lcye
874 2637 1063 2676 Saenia:

195 2689 377 2731 Saenius
426 2704 465 2733 a.
510 2692 597 2734 724
645 2693 798 2734 consul
857 2695 1064 2736 suffectus

195 2761 300 2805 eam¹
319 2760 415 2791 rem
444 2756 620 2792 senatus
674 2751 872 2793 consulto
907 2754 1065 2795 decer-

194 2807 386 2849 nendam:
421 2815 463 2850 et
504 2810 655 2863 populi
702 2812 921 2868 suffragiis
962 2826 1065 2853 san-

196 2866 393 2907 ciendam
410 2874 651 2910 curaverat.
688 2870 932 2911 Secundum
955 2871 1066 2912 hane

196 2923 341 2979 legem
384 2931 649 2982 senatusque
702 2928 925 2970 decretum
971 2931 1067 2970 Au-

197 2988 350 3036 gustus
398 2997 437 3026 a.
495 2986 579 3028 725
619 2989 828 3041 patricios
874 2988 1067 3044 sublegit.

197 3039 280 3083 Dio
322 3041 395 3084 Lll
436 3045 520 3086 42:
573 3038 622 3087 τὸ
672 3059 717 3088 ἰε
770 3043 1068 3105 εὐπατριδῶν

198 3104 336 3157 γένος
381 3105 727 3157 συνεπλὴθυσε,
783 3108 861 3160 τῆς
899 3111 1071 3162 ’βουλῆς

199 3159 245 3202 οἱ
278 3160 419 3214 δῆθεν
452 3163 770 3221 ἐπιτρεψάσης
802 3171 940 3210 τοῦτο
961 3183 1069 3210 ποι-

196 3220 332 3271 ῆσαι,
405 3220 564 3276 ἐπειδὴ
618 3223 668 3266 τό
736 3237 790 3282 γε
847 3228 1068 3269 πλεῖστον

199 3274 430 3322 ἀπολώλει
480 3284 637 3337 σφῶν.
701 3283 926 3338 Augustus
974 3285 1068 3337 ipse

197 3338 241 3377 in
286 3346 567 3379 monumento
612 3341 875 3394 Ancyrano:
924 3344 1069 3398 patri-

199 3397 364 3438 ciorum
389 3411 610 3438 numerum
642 3401 747 3440 auxi
771 3400 919 3442 consul
942 3403 1069 3455 quin-

198 3462 285 3497 tum
318 3457 435 3498 iussu
464 3457 613 3513 populi
645 3466 684 3499 et
716 3467 903 3502 senalus.

286 3529 436 3558 recens
468 3524 713 3573 repertam.-
758 3531 800 3560 v.
837 3519 1070 3560 Suetonius

199 3572 312 3630 Aug.
346 3576 418 3618 35.
455 3574 539 3617 Dio
574 3576 648 3618 Lll
681 3579 752 3620 42.
842 3580 1071 3634 permiaeti:

199 3630 394 3679 insolens
442 3641 683 3681 structura:
725 3638 887 3695 quippe
933 3650 1071 3696 expe-

1794 2202 1861 2240 14.
1895 2196 2024 2238 adul-

1303 2254 1368 2296 15.
1404 2255 1560 2311 abrupi
1583 2255 1662 2297 Ma.
1730 2257 2026 2313 17.ur9uebat

779 2312 847 2356 18.
884 2320 1055 2355 senecta
1081 2315 1593 2370 principis,opperiretur
1623 2314 1711 2357 Ma:
1747 2328 1857 2359 corr.
1893 2317 1938 2357 in
1974 2314 2021 2359 G.

1155 2462 1319 2498 ctamus
1351 2458 1592 2513 pei-mimia,
1641 2456 1717 2499 sed
1748 2457 1920 2499 Tacitus
1952 2459 2023 2500 iu-

1153 2516 1309 2557 dicium
1343 2524 1385 2558 et
1413 2518 1620 2572 pudorem
1662 2523 1876 2572 tamquam
1919 2509 2026 2572 per-i

1151 2588 1278 2617 sonas
1294 2577 1524 2629 produxit:
1551 2591 1592 2618 v.
1610 2577 1793 2632 Reisigii
1808 2577 2022 2619 Praeleet.

1151 2634 1203 2677 de
1240 2637 1451 2677 sermonis
1482 2636 1574 2677 Lat.
1611 2635 1809 2678 doctrina
1841 2650 1882 2691 p.
1909 2638 2021 2690 3153

1151 2694 1207 2736 cf.
1245 2701 1391 2737 annot.
1427 2695 1480 2737 ad
1515 2694 1532 2735 I
1563 2695 1636 2738 46.

1244 2753 1348 2808 Cap.
1384 2754 1455 2797 26.
1519 2754 1855 2796 adulteriorum:
1890 2754 2023 2797 facile

1153 2814 1416 2855 Messalinae
1435 2819 1527 2855 erat
1541 2820 1791 2868 perpati-are
1809 2813 2025 2855 adulteria

1153 2873 1208 2913 ob
1240 2873 1457 2914 inscitiam
1493 2879 1537 2914 et
1564 2875 1832 2914 imminutam
1854 2871 2026 2914 Claudii

1152 2938 1369 2983 mentem;
1404 2931 1625 2974 adulteros
1663 2934 1757 2973 eius
1791 2932 1946 2974 faciles
1973 2945 2025 2973 ac

1152 2997 1375 3044 promptos
1409 2990 1462 3031 ad
1493 2991 1660 3047 flagitia
1690 2991 1828 3032 fuisse
1855 3003 2024 3033 memo-

1154 3063 1248 3091 rare
1282 3048 1391 3090 nihil
1426 3052 1596 3102 attinet,
1632 3049 1820 3105 ideoque
1853 3050 2026 3091 diversa

1153 3110 1367 3162 scriptura
1428 3109 1719 3150 adulterorum
1780 3108 2025 3161 spernenda

1156 3175 1246 3219 cst,
1296 3166 1411 3222 quod
1456 3180 1540 3208 non
1585 3180 1893 3219 memorarem,
1938 3166 2025 3207 nisi

1155 3227 1264 3267 alios
1299 3226 1520 3267 dubitasse
1555 3226 1759 3267 viderem.

1245 3285 1395 3339 quippe
1426 3298 1513 3325 uon
1546 3299 1592 3326 eo
1635 3292 1825 3325 ventum:
1877 3284 2025 3326 dicere

1155 3343 1250 3384 vult
1283 3344 1366 3383 iam
1406 3343 1516 3384 ultra
1558 3350 1762 3395 ventum,
1805 3356 1931 3398 quam
1977 3348 2026 3384 ut

1155 3407 1374 3443 senectam
1418 3404 1628 3456 principis
1672 3404 1862 3455 opperiri
1913 3402 2025 3444 salvi

1155 3467 1348 3515 possent,
1368 3461 1444 3501 sed
1464 3461 1656 3502 invidiae
1676 3462 1878 3502 vitandae
1894 3474 2026 3504 causa

1156 3520 1398 3561 lenioribus
1456 3519 1601 3562 verbis
1654 3522 1818 3572 utitur3
1880 3522 2025 3564 statim

1157 3579 1285 3620 altius
1320 3580 1506 3636 insurgit
1532 3578 1851 3636 audentiusque
1876 3579 2029 3636 loqui-

1156 3644 1239 3683 t-ur.
1304 3635 1506 3682 Ceterum
1559 3646 1757 3697 senecta,
1813 3637 1913 3697 libri
1958 3636 2027 3685 Ma
