2280 4004
232 270 258 315 a
289 253 336 300 O.
373 255 448 309 16,
811 251 975 298 LIBER
1007 251 1058 296 11.
1151 251 1258 296 cir.
1293 249 1482 297 27—30.
1959 249 2046 296 111

233 399 456 463 eliceret,
496 397 559 448 ad
584 395 861 448 Fulcinium
887 394 1120 446 Trionem
1147 392 1390 444 indicium
1421 390 1613 445 detulit.
1667 390 1882 442 Celebre
1921 391 2054 442 inter

233 494 559 543 accusatores
600 488 799 539 Trionis
839 486 1096 555 ingenium
1137 489 1271 550 erat,
1330 483 1632 549 avidumque
1672 481 1835 534 famae
1873 481 2052 534 malae.

233 585 406 639 Statim
433 582 640 648 corripit
667 596 825 645 reum,
853 580 957 631 adit
981 578 1234 643 consules,
1272 576 1615 645 cognitionem
1641 579 1846 628 senatus
1871 574 2052 642 poscit,

232 676 294 727 Et
330 678 576 726 vocantur
607 677 806 738 patreS‚
861 671 1032 722 addito
1073 668 1457 722 consultandum
1498 683 1652 734 super
1686 683 1744 719 re
1781 681 1966 735 magna
2006 670 2056 717 et

151 766 410 818 29atroci.
485 764 608 816 Libo
662 762 862 814 interim
910 767 1053 813 veste
1090 765 1276 812 mutata
1327 776 1439 811 cum
1489 759 1794 826 primoribus
1852 757 2093 812 feminiss

236 855 499 908 circumire
538 853 745 918 domOS‚
800 868 950 904 orare
993 852 1217 917 adfineS‚
1281 866 1462 903 vocem
1516 851 1785 903 adversum
1828 848 2054 917 pericula

231 941 475 1016 poscere,
537 945 870 996 abnuentibus
930 944 1158 1008 cunctiS,
1219 959 1329 994 cum
1384 943 1586 994 diversa
1643 941 2054 1010 praetenderent,

233 1039 410 1093 eadem
451 1036 737 1089 formidine.
813 1036 907 1086 Die
957 1041 1195 1110 senatus„
1254 1040 1388 1086 metu
1428 1040 1477 1085 et
1515 1035 1835 1101 aegritudine
1890 1034 2055 1085 fessus

231 1131 339 1188 sive
374 1135 428 1180 ut
463 1128 720 1180 tradidere
761 1127 964 1194 quidam
1018 1105 1250 1178 simulato
1289 1126 1498 1191 morbo,
1536 1126 1719 1178 lectica
1759 1125 1953 1176 delatus
1992 1124 2056 1176 ad

231 1222 368 1273 fores
407 1219 579 1270 curiae
615 1218 910 1284 innisusque
954 1218 1123 1282 fratri,
1185 1221 1234 1268 et
1284 1231 1462 1267 manus
1502 1231 1562 1267 ac
1601 1215 1852 1282 supplices
1897 1229 2121 1268 vocesio

230 1311 293 1363 ad
329 1311 579 1362 Tiberium
617 1301 879 1374 tendens.
924 1309 1130 1359 immoto
1171 1308 1278 1359 eius
1322 1307 1461 1358 vultu
1498 1307 1761 1373 excipitur.
1836 1307 1954 1359 Mox
1989 1306 2058 1357 li-

228 1402 390 1453 bellos
428 1407 476 1453 et
506 1406 740 1452 auctores
776 1401 959 1452 recitat
986 1399 1191 1463 Caesar⁷
1230 1399 1297 1450 ita
1328 1398 1600 1449 moderans
1639 1413 1703 1449 ne
1729 1397 1892 1449 lenire
1926 1413 2057 1449 neve

146 1501 468 1559 30asperare
506 1492 715 1544 crimina
750 1492 1025 1543 videretur.
1099 1491 1445 1542 Accesserant
1494 1494 1697 1556 praeter
1735 1490 1968 1542 Trionem
2009 1493 2058 1540 et

233 1584 406 1635 Catum
447 1588 774 1635 accusatores
810 1583 1047 1635 Fonteius
1084 1582 1310 1649 Agrippa
1350 1586 1399 1633 et
1441 1580 1594 1632 Gaius
1634 1580 1840 1646 Vibius),
1886 1585 2058 1631 certa-

231 1674 448 1742 bantque
501 1674 580 1725 cui
629 1674 706 1727 ius
744 1674 1019 1742 perorandi
1066 1674 1117 1724 in
1164 1689 1304 1725 reum
1358 1672 1590 1738 daretur,
1659 1672 1825 1724 donec
1861 1671 2123 1739 Vibiu-s,15

346 1827 387 1870 2.
422 1832 717 1868 accussatores
749 1825 803 1868 M.
897 1826 1056 1867 triones
1088 1825 1142 1867 M.
1219 1827 1333 1880 same
1366 1825 1421 1867 M.
1499 1824 1540 1867 3.
1576 1824 1860 1880 coynitionem
1890 1830 2061 1866 senatus

231 1883 286 1937 Μ,
319 1897 407 1926 non
441 1900 530 1927 sen.
566 1899 688 1941 coqu.
799 1884 866 1928 10.
901 1884 1082 1941 suplices
1114 1884 1167 1926 M.
1299 1885 1368 1926 13.
1404 1884 1604 1940 asperari
1634 1884 1689 1926 M.
1815 1883 1883 1927 14.
1921 1884 1969 1925 0.
2003 1883 2059 1925 M.

235 1944 288 1988 14
316 1951 359 1987 et
393 1946 459 1988 15.
495 1945 621 1987 liuius
654 1945 720 1986 M:
756 1945 945 1986 correxit
979 1943 1152 1986 Grotius
1187 1949 1230 1986 et
1264 1943 1397 1985 edidit
1429 1943 1623 1998 Ryckius
1658 1957 1711 1985 ex
1752 1942 1782 1986 4
1823 1943 1881 1987 28
1914 1949 1956 1985 et
1987 1943 2059 1987 29.

1187 2084 1266 2126 XV
1320 2085 1407 2128 25:
1470 2083 1673 2127 scribitur
1725 2084 1953 2126 tetrarchis
2008 2098 2063 2127 ac

1186 2144 1356 2200 reqibus
1383 2144 1699 2201 praefectisque
1732 2151 1772 2185 et
1797 2151 2062 2202 procurato-

1186 2205 1328 2256 ribus,
1377 2212 1416 2246 et
1448 2206 1518 2260 qui
1545 2210 1794 2258 praetorum
1819 2205 1890 2259 (=
1932 2217 2062 2258 prae-

231 2092 327 2128 suut
397 2099 504 2141 quae
567 2085 770 2128 adversus
827 2086 1100 2127 necessitates

232 2145 487 2201 (drinqende
519 2145 815 2203 Bedursnisse)
851 2146 899 2186 in
932 2143 1102 2200 lonqum

229 2204 506 2260 suffecissent.
569 2203 710 2245 Germ.
748 2204 825 2247 15:
882 2203 992 2258 quod
1018 2218 1098 2260 pro

229 2263 391 2305 honore
434 2270 654 2319 acceptum
702 2264 830 2304 etiam
863 2263 1099 2304 necessita-

230 2323 336 2364 tibus
373 2323 577 2365 subvenit.
639 2320 764 2372 Quod
804 2321 984 2363 Libonis
1016 2336 1099 2364 ne-

230 2383 458 2424 cessitates
519 2380 982 2438 (Verbindlichkeiten)
1046 2396 1099 2423 ex

229 2442 321 2482 vita
358 2441 594 2484 libidinosa
632 2445 674 2481 et
713 2439 896 2496 prodiga
939 2453 1099 2482 conse-

230 2506 441 2556 quuntur,
484 2499 527 2541 id
561 2498 613 2540 ad
645 2501 734 2541 vim
766 2501 954 2541 nominis
987 2500 1098 2542 nihil

229 2559 398 2613 attinet,
431 2558 508 2601 sed
542 2557 625 2599 hoc
659 2572 712 2600 ex
734 2558 842 2600 locis
863 2561 1098 2614 propositis

230 2617 361 2660 facile
418 2617 642 2672 intelligas
663 2650 674 2670 ‚
729 2617 897 2660 duobus
958 2619 1098 2660 modis

229 2676 314 2718 dici
346 2677 656 2729 necessitates,
708 2678 892 2731 primum
936 2677 979 2719 id
1013 2691 1096 2733 quo

229 2737 325 2792 quis
353 2736 603 2779 necessario
631 2738 767 2777 utitur
784 2737 1098 2793 (nothwendiqe

230 2795 553 2851 Bedursnisse)‚
586 2800 675 2836 tum
708 2794 818 2836 illud
851 2809 935 2851 quo
971 2797 1097 2838 alteri

233 2853 416 2910 obligati
448 2866 594 2896 sumus
617 2853 1096 2912 (Verbindlichkeiteu).

229 2911 350 2953 Prior
391 2913 631 2954 necessitas
679 2912 888 2954 naturalis
943 2921 1009 2955 est
1057 2921 1100 2955 et

229 2969 368 3013 libero
391 2971 570 3013 arbitrio
590 2977 773 3023 semota,
786 2970 922 3014 altera
944 2980 1098 3028 sponte

231 3030 352 3083 inita,
387 3036 431 3072 et
464 3029 594 3072 talem
619 3029 726 3071 Libo
747 3029 912 3074 Drusus
944 3046 1099 3076 susce-

230 3095 352 3143 perat
382 3094 552 3143 sumpto
586 3102 687 3131 aere
721 3089 892 3143 alieno,
936 3093 980 3133 in
1014 3106 1098 3148 quo

231 3147 527 3190 contrahendo
551 3146 757 3190 Firmium
786 3147 936 3191 Catum
971 3150 1098 3193 adiu-

230 3212 367 3250 torem
404 3205 569 3248 habuit.

319 3262 423 3319 Cap.
471 3263 542 3307 28.
607 3271 645 3305 et
686 3265 756 3319 qui
795 3268 936 3309 servi.-
991 3266 1101 3310 hacc

231 3321 348 3365 dedit
409 3322 663 3364 variationis
724 3325 862 3378 gratia
924 3338 1001 3380 pro
1063 3334 1102 3368 et

232 3396 452 3423 servorum
515 3383 597 3435 qui.
676 3381 837 3423 Similis
899 3387 1100 3427 attractio

229 3438 287 3483 IV
301 3439 330 3483 4
345 3456 355 3482 x
377 3441 700 3496 percensuitque
712 3442 868 3483 cursim
885 3455 1103 3486 numerum

231 3497 469 3556 legionum,
502 3507 541 3541 et
574 3513 675 3554 quas
703 3499 953 3555 provincias
985 3508 1102 3544 tuea-

231 3566 394 3614 renlur.
444 3556 500 3600 vl
530 3557 614 3602 44:
648 3559 766 3600 aucti
796 3559 928 3616 copiis
957 3563 1102 3603 socia-

233 3615 354 3674 libus,
375 3625 414 3662 et
434 3631 538 3678 quas
558 3617 644 3662 dux
667 3617 887 3663 Romanus
909 3620 1101 3665 misisset.

1185 2264 1342 2320 torias)
1372 2264 1623 2320 provincias
1655 2263 1872 2319 regebant.

1274 2342 1476 2385 Flaccum
1499 2343 1791 2387 Vescularium
1806 2361 1820 2385 :
1851 2344 1945 2386 eius
1965 2342 2061 2386 finis

1183 2409 1381 2444 narratur
1436 2403 1493 2445 v1
1551 2405 1606 2446 10
1625 2436 1635 2456 ‚
1697 2403 1770 2445 ubi
1833 2416 2061 2457 perperam

1192 2461 1462 2504 Vescularius
1477 2462 1643 2505 Atticus
1669 2464 1931 2504 nominatur.

1255 2535 1676 2577 posse—sermonem
1695 2535 1932 2564 commeare
1944 2537 1956 2560 .-
1975 2533 2063 2562 non

1181 2594 1396 2622 sermones
1410 2581 1821 2639 (Unterhaltunyen)
1841 2593 2063 2622 commea-

1183 2638 1291 2680 bunt
1323 2641 1438 2682 inter
1459 2641 1613 2682 Catum
1645 2647 1687 2682 et
1716 2641 1951 2693 Tiberium,
1985 2639 2062 2682 sed

1182 2710 1294 2740 unus
1351 2701 1404 2742 de
1461 2702 1628 2755 coeptis
1675 2700 1854 2742 Libonis
1907 2711 2059 2740 sermo.

1182 2757 1332 2813 Itaque
1367 2759 1477 2801 duce
1505 2759 1616 2801 libro
1639 2759 1836 2801 Mediceo
1858 2758 2060 2801 scriben-

1184 2816 1281 2857 dum
1317 2824 1409 2859 erat
1441 2832 1676 2861 sermonem
1695 2820 1950 2877 (seimona),
1973 2830 2060 2861 non

1182 2890 1410 2919 sermones.

1272 2954 1376 3011 Cap.
1411 2957 1482 3001 29.
1538 2957 1766 2999 circumire
1799 2955 1962 2998 domos:
1999 2954 2056 2996 cf.

1183 3021 1330 3057 annot.
1353 3015 1407 3059 ad
1426 3015 1531 3059 173.
1578 3031 1722 3058 vocem
1738 3016 1962 3057 adversum
1976 3028 2058 3070 pe-

1183 3073 1325 3115 ricula
1339 3089 1353 3116 .·
1373 3076 1583 3131 generale
1598 3089 1756 3117 nomen
1770 3075 1885 3116 vocis
1903 3074 2057 3128 elegit,

1185 3145 1269 3187 quo
1320 3140 1405 3175 tam
1458 3147 1612 3187 preces
1670 3147 1795 3188 quam
1847 3132 2058 3172 orationis

1185 3192 1432 3239 facundiam
1461 3193 1842 3246 complecteretur.
1936 3189 2059 3231 inni-

1184 3264 1333 3304 susque
1379 3251 1539 3305 fratri.-
1591 3252 1687 3305 quis
1737 3250 1872 3291 frater
1926 3249 2059 3289 fuerit

1186 3309 1413 3350 incertum.
1478 3309 1521 3350 Si
1554 3310 1591 3349 is
1612 3308 1770 3350 Lucius
1791 3308 1898 3349 Libo
1929 3305 2058 3348 liuius

1186 3369 1286 3407 anni
1303 3367 1454 3409 consul
1477 3367 1647 3420 fuisset,
1667 3366 1709 3408 id
1723 3366 1894 3408 Tacitus
1909 3365 2056 3421 aliquo

1185 3425 1312 3466 modo
1346 3425 1612 3467 indicaturus
1646 3432 1752 3468 erat.

1276 3502 1381 3559 Cap.
1432 3505 1504 3548 30.
1573 3505 1705 3548 Gaius
1763 3504 1935 3548 Vibius.-
1992 3508 2058 3546 est

1190 3562 1237 3604 G.
1280 3563 1422 3606 Vibius
1455 3564 1670 3608 Serenus.-
1713 3564 1769 3608 cf.
1816 3565 1874 3610 IV
1929 3564 1982 3608 13
2015 3568 2058 3608 et

1186 3621 1379 3671 28—29
1410 3627 1453 3668 et
1484 3621 1555 3669 36.
