2280 4004
211 276 300 319 ³28

993 269 1287 329 Auunivn

1785 285 1826 315 a.
1858 283 1904 317 u.
1935 273 2038 319 819.

207 418 382 485 spinus
423 434 484 470 ac
520 414 784 468 Petronius
825 413 1093 478 cecidere,
1148 413 1276 466 Mela
1315 418 1366 466 et
1399 414 1659 481 Crispinus
1701 416 1899 483 equites
1936 417 2044 470 Ro-

208 511 359 574 mani,
403 508 647 575 dignitate
685 504 960 556 senatoria.
1016 506 1143 557 Nam
1181 504 1265 556 hic
1290 506 1543 571 quondam
1571 507 1862 573 praefectus
1887 523 2043 574 prae-

209 601 327 652 torii
377 604 426 650 et
478 596 834 648 consularibus
889 595 1175 663 insignibus
1227 596 1474 661 donatus,
1530 613 1592 648 ac
1633 612 1792 664 nuper
1832 599 2044 652 crimine

210 689 575 742 coniurationis
630 687 682 738 in
737 687 1033 746 Sardiniam⁴
1083 692 1317 751 exactus,
1385 692 1594 753 accepto
1647 689 1817 742 iussae
1867 690 2044 743 mortis

172 782 382 839 snuntio
420 785 581 832 semet
617 778 887 830 interfecit.

962 777 1138 842 Mela}
1175 779 1355 844 quibus
1397 777 1560 830 Gallio
1602 785 1652 831 et
1684 780 2044 846 Seneca‚.,pa-'

207 873 433 924 rentibus
474 875 621 922 natus
659 869 904 936 petitione
952 869 1200 920 honorum
1238 869 1551 920 abstinuerat
1594 884 1686 936 per
1724 871 2047 923 ambitionem

206 969 606 1032 praeposteram,
646 967 700 1012 ut
737 976 891 1027 eques
915 962 1170 1012 Romanus
1209 961 1562 1012 consularibus
1592 963 1815 1027 potentia
1851 977 2047 1028 aequa·-

208 1061 349 1107 retur
362 1073 376 1118 3
435 1053 584 1106 simul
622 1052 970 1118 adquirendae
1008 1052 1255 1118 pecuniae
1289 1053 1496 1103 brevius
1542 1052 1641 1104 iter
1680 1053 1925 1104 credebat
1960 1067 2050 1118 per

210 1146 600 1213 procurationes
622 1143 1035 1195 administrandis
1070 1143 1311 1208 principis
1337 1144 1576 1210 negotiis.
1624 1143 1761 1195 Idem
1782 1143 2048 1209 Annaeum

153 1240 468 1290 10Lucanum
503 1240 768 1303 genuerat,
808 1234 1005 1301 grande
1043 1234 1381 1286 adiumentum
1420 1234 1752 1286 claritudinis.
1817 1235 1928 1296 Quo
1966 1235 2050 1286 in-

213 1329 428 1380 terfecto
468 1327 584 1378 dum
619 1342 728 1378 rem
755 1325 1054 1377 familiarem
1081 1326 1190 1377 eius
1217 1327 1404 1377 acriter
1427 1326 1657 1391 requirit,
1699 1330 2048 1378 accusatorem

217 1419 440 1471 concivit
482 1417 689 1469 Fabium
722 1418 1029 1481 Romanum,
1074 1432 1138 1467 ex
1173 1416 1361 1467 intimis
1400 1416 1590 1467 Lucani
1629 1416 1822 1468 amicis.

1894 1415 2048 1468 Mixta

214 1512 348 1562 inter
385 1514 579 1575 patrem
615 1508 871 1574 filiumque
911 1507 1278 1559 coniurationis
1320 1507 1535 1558 scientia
1571 1507 1793 1574 fingitur,
1841 1506 2055 1558 adsimi-

215 1602 330 1653 latis
354 1599 544 1652 Lucani
581 1599 778 1650 litteris,
836 1599 973 1660 Quas
1009 1599 1266 1665 inspectas
1297 1599 1434 1650 Nero
1476 1598 1600 1650 ferri
1639 1598 1702 1649 ad
1740 1613 1853 1650 eum
1887 1598 2050 1663 iussit,

154 1707 202 1744 ιε
217 1693 394 1760 opibus
437 1692 545 1743 eius
582 1690 800 1742 inhians.
869 1691 938 1742 At
966 1690 1114 1756 Mela,
1157 1704 1287 1757 quae
1323 1695 1425 1741 tum
1466 1690 1839 1756 promptissima
1877 1689 2053 1742 mortis

213 1785 314 1850 via,
356 1782 547 1836 exolvit
573 1796 749 1848 venaS,
791 1781 995 1848 scriptis
1019 1781 1270 1833 codicillis
1305 1781 1485 1848 quibus
1507 1781 1756 1848 grandem
1785 1780 2054 1848 pecuniam

337 1911 376 1952 1.
412 1908 461 1950 C.
496 1909 719 1949 Petronius
749 1906 985 1950 Rhenanus
1018 1913 1061 1949 et
1092 1908 1156 1949 sic
1187 1907 1339 1963 vulg0.

707 1966 748 2009 8.
783 1967 880 2021 adq.
916 1965 996 2019 Ma,
1031 1979 1126 2021 acq.
1161 1965 1211 2009 G.
1275 1967 1317 2009 9.
1352 1978 1539 2008 anneum
1571 1965 1648 2009 Ma.

759 2027 826 2070 14.
861 2028 983 2081 quasi
1011 2027 1226 2083 inspectas
1258 2024 1338 2068 Ma.

218 1968 264 2011 G.
323 1969 363 2011 7.
394 1982 516 2023 prep.
551 1966 631 2008 Ma.

219 2027 348 2070 GMaz
381 2040 492 2069 corr.
521 2026 691 2069 Puteol.

305 2135 408 2190 Cap.
451 2137 518 2179 17.
583 2150 636 2177 ac
668 2136 920 2178 Petroniuss
960 2149 1092 2190 prae-

216 2208 373 2237 nomen
394 2197 444 2245 c,
469 2196 601 2237 tacite
634 2196 819 2238 inseruit
839 2195 1092 2248 Rhenanus,

216 2256 294 2297 sed
324 2255 503 2296 frustra:
546 2268 643 2296 nam
684 2255 769 2296 hoc
799 2254 971 2296 Tacitus
1011 2255 1092 2296 sibi

215 2317 461 2356 reservavit
487 2327 628 2370 usque
661 2314 713 2355 ad
748 2315 918 2355 initium
950 2327 986 2356 c.
1026 2314 1094 2366 18,

216 2374 292 2415 ubi
327 2375 547 2428 copiosius
583 2373 637 2415 de
674 2373 751 2414 illo
785 2375 880 2415 viro
914 2375 1094 2428 exposi-

217 2439 338 2473 turus
385 2440 491 2475 erat.
555 2432 754 2474 Rhenani
797 2432 1092 2474 addit-amento

219 2492 423 2545 efficitur,
460 2499 505 2534 ut
524 2492 617 2533 illic
637 2493 719 2534 Gai
744 2505 901 2533 nomen
919 2493 1095 2534 sinistre

218 2557 456 2605 repetatur.
508 2551 656 2605 Nuper
684 2550 873 2593 Orellius
896 2551 1095 2593 Rhenani

221 2613 516 2651 coniecturam
550 2610 827 2663 repudiavit,
862 2611 977 2652 bene
1012 2611 1095 2652 ob-

219 2675 396 2711 secutus
430 2670 541 2710 libro
572 2668 637 2710 Ma
670 2675 712 2709 et
745 2671 919 2710 ceteris.

312 2729 469 2783 equites
501 2728 689 2770 Romani
718 2728 924 2782 dignitate
963 2741 1095 2768 sena-

219 2788 359 2828 toria:
402 2787 531 2828 iidem
566 2787 673 2828 alias
712 2787 915 2828 inlustres
950 2787 1097 2827 nomi-

217 2853 388 2887 nantur.
454 2846 520 2888 Cf.
555 2852 702 2887 annot.
737 2846 789 2887 ad
821 2846 857 2887 ll
890 2846 961 2889 59.

308 2905 798 2961 quondampraefectus:
817 2906 872 2947 cf.
890 2905 943 2946 XI
962 2908 981 2947 l
999 2910 1040 2945 ct
1053 2905 1095 2946 4.

310 2972 439 3005 semet
479 2965 721 3018 interfecit.-
778 2964 954 3005 caedem
1003 2965 1095 3004 eius

220 3025 402 3078 respicit
434 3029 586 3065 auctor
602 3023 810 3065 Octaviae
828 3024 1096 3078 (Maternus)

221 3082 456 3126 730—739
490 3082 557 3124 ed.
590 3095 731 3124 meae.
794 3081 857 3123 Ibi
897 3082 1098 3136 Poppaea

220 3142 330 3183 haec
382 3143 552 3184 somnio
609 3141 775 3183 vidisse
821 3155 869 3183 se
920 3147 1096 3182 narrat:

215 3209 424 3257 properat
480 3209 625 3258 petere
684 3200 924 3256 complexus
986 3215 1098 3242 meos

223 3261 460 3316 Crispinus,
494 3262 740 3314 intermissa
773 3260 909 3302 libare
934 3260 1096 3314 oscula,

217 3320 380 3375 inrupit
426 3321 545 3360 intra
596 3327 707 3361 tecta
758 3334 851 3361 cum
911 3320 1098 3376 trepidus

217 3393 598 3436 mea,ssensemque
646 3378 788 3433 iuqulo
840 3378 1095 3436 (Crispini)

222 3438 411 3480 condidit
441 3452 613 3480 sacrum
657 3439 786 3481 Nero,
823 3465 875 3471 -
915 3464 969 3470 -
1006 3438 1097 3479 'Heu

222 3497 321 3548 quid
351 3498 572 3539 minantur
602 3500 788 3552 inferum
811 3511 956 3538 manes
977 3497 1095 3549 mihi,

220 3562 294 3595 aut
349 3570 468 3610 quem
523 3571 718 3598 cruorem
766 3558 956 3612 coniugis
1010 3558 1098 3598 vidi

220 3614 331 3653 mei?
395 3614 460 3656 Cf.
498 3616 574 3657 XV
609 3617 676 3658 71.

327 3669 444 3712 Mela
494 3700 535 3705 -
582 3678 933 3730 praeposteram:
986 3672 1098 3716 Mela

1431 1906 1474 1949 6.
1504 1907 1712 1963 petitioni?
1743 1903 1822 1961 Ma,
1848 1906 2054 1962 petitione

1735 1967 1803 2009 13.
1833 1967 2057 2024 finguntur

1178 2134 1321 2177 voluit
1343 2133 1553 2176 aemulari
1577 2134 1872 2176 Maecenatem
1895 2139 1939 2177 et
1956 2133 2056 2177 Sal-

1177 2195 1354 2237 lustium
1390 2192 1586 2248 Crispum
1597 2209 1611 2246 ς
1644 2206 1686 2237 V.
1720 2193 1779 2235 ΙΙΙ
1807 2195 1880 2238 30.
1974 2208 2056 2250 per

1179 2253 1508 2311 procurationes
1542 2253 1899 2296 administrandis
1930 2254 2061 2310 prin-

1182 2315 1287 2369 cipis
1334 2314 1544 2368 negotiis.-
1610 2311 1694 2354 hoc
1753 2313 2061 2368 explicationis

1183 2385 1314 2415 causa
1349 2373 1619 2428 praegressis
1644 2373 1829 2415 accedit.
1875 2372 2060 2414 Dativus

1184 2438 1249 2474 est
1293 2432 1453 2473 admin.
1504 2433 1687 2486 neyotiis
1733 2438 1776 2473 et
1826 2431 1990 2487 pendet
2037 2444 2063 2473 a

1183 2494 1360 2532 nomine
1390 2492 1733 2546 procurationes.
1788 2490 1855 2532 Ad
1893 2504 1945 2533 ea
1977 2504 2062 2534 ne-

1184 2552 1305 2607 gotia
1336 2550 1520 2591 adhibiti
1557 2551 1728 2606 equites
1763 2556 1807 2592 et
1838 2549 2001 2594 liberti.

1272 2610 1446 2650 additur
1483 2610 1734 2667 [codicillis]
1767 2635 1824 2642 —
1855 2611 1917 2651 ita
1946 2610 2062 2652 scri-

1178 2670 1339 2723 psisse:
1376 2668 1432 2709 cf.
1466 2674 1613 2710 annot.
1648 2669 1701 2709 ad
1726 2667 1822 2710 XIV
1854 2668 1925 2711 64.
1977 2668 2061 2711 Sed

1185 2727 1288 2781 quid
1328 2727 1403 2768 fiet
1437 2727 1681 2768 codicillis?
1740 2726 1787 2768 Id
1825 2739 1983 2770 nomen
2025 2727 2061 2769 si

1184 2785 1331 2828 dativo
1366 2799 1467 2827 casu
1500 2787 1687 2842 positum
1729 2788 1944 2841 accipitur
1983 2798 2062 2830 su-

1184 2858 1479 2900 spensumque
1513 2860 1566 2888 ex
1584 2846 1772 2898 additur,
1805 2851 1852 2888 ut
1875 2845 2062 2888 Neronis

1184 2906 1368 2946 ministri
1408 2904 1494 2946 hoc
1544 2906 1801 2960 ascripsisse
1847 2905 2061 2959 dicantur,

1183 2964 1355 3006 Tacitus
1413 2971 1591 3019 praeter
1655 2977 1818 3006 morem
1877 2964 2062 3009 obscure

1184 3023 1402 3078 loquitur,
1457 3031 1500 3064 et
1549 3030 1652 3065 tunc
1696 3037 1782 3065 non
1823 3025 2060 3080 scripsisse,

1184 3082 1260 3123 scd
1300 3084 1536 3138 scripsisset
1575 3083 1872 3138 reponendum
1921 3089 2060 3126 esset:

1186 3141 1287 3183 huic
1309 3148 1451 3183 autem
1475 3155 1649 3197 prorsus
1671 3142 1925 3184 adversatur
1946 3142 2060 3199 quod

1184 3200 1470 3257 subsequitur
1503 3216 1609 3257 quae
1644 3203 1874 3257 composita
1907 3203 2060 3244 crede-

1186 3260 1356 3313 bantur,
1375 3274 1460 3317 quo
1484 3262 1716 3316 respicitur
1737 3261 1849 3316 quod
1870 3261 2061 3304 additum

1185 3326 1289 3361 crat.
1355 3322 1429 3362 Sin
1464 3321 1699 3362 ablativum
1734 3333 1831 3362 esse
1867 3320 2060 3362 dicamus

1184 3379 1460 3422 referendum
1505 3379 1557 3421 ad
1582 3379 1781 3421 verbum
1823 3381 2058 3436 scripsisse,

1185 3438 1395 3480 codicillis
1429 3451 1505 3493 pro
1539 3440 1585 3479 in
1618 3438 1942 3496 codicillis'non
1974 3439 2058 3495 La-

1182 3498 1273 3538 tinc
1319 3498 1479 3539 dictum
1529 3504 1571 3539 et
1611 3497 1796 3539 moleste
1828 3499 2057 3552 repetitum

1185 3563 1249 3597 cst
1282 3563 1380 3611 post
1411 3570 1712 3613 praegressum
1746 3558 1914 3613 scriptis
1940 3556 2058 3597 cocli-

1183 3616 1309 3666 cillr's,
1343 3616 1532 3672 denique
1563 3615 1661 3657 loco
1695 3629 1779 3657 non
1807 3621 1906 3669 apto
1934 3613 2058 3668 posi-

1183 3677 1284 3717 tum.
1360 3673 1632 3729 Quapropter
1708 3673 1790 3716 hoc
1849 3670 2058 3716 codicillis
