<?xml version="1.0" encoding="UTF-8"?>
<!DOCTYPE html PUBLIC "-//W3C//DTD XHTML 1.0 Transitional//EN"
    "http://www.w3.org/TR/xhtml1/DTD/xhtml1-transitional.dtd">
<html xmlns="http://www.w3.org/1999/xhtml" xml:lang="en" lang="en">
 <head>
  <title>
</title>
<meta http-equiv="Content-Type" content="text/html;charset=utf-8" />
  <meta name='ocr-system' content='tesseract 3.04.00' />
  <meta name='ocr-capabilities' content='ocr_page ocr_carea ocr_par ocr_line ocrx_word'/>
</head>
<body>
  <div class='ocr_page' id='page_1' title='image "./operaadcodicesan01taciuoft_0737.png"; bbox 0 0 2280 4004; ppageno 0'>
   <div class='ocr_carea' id='block_1_1' title="bbox 197 294 2018 350">
    <p class='ocr_par' dir='ltr' id='par_1_1' title="bbox 197 294 2018 350">
     <span class='ocr_line' id='line_1_1' title="bbox 197 294 2018 350; baseline 0.005 -10"><span class='ocrx_word' id='word_1_1' title='bbox 197 307 224 340; x_wconf 79' lang='lat' dir='ltr'><strong>a</strong></span> <span class='ocrx_word' id='word_1_2' title='bbox 252 294 302 341; x_wconf 86' lang='lat' dir='ltr'><strong>G.</strong></span> <span class='ocrx_word' id='word_1_3' title='bbox 334 295 408 342; x_wconf 88' lang='grc'><strong>65.</strong></span> <span class='ocrx_word' id='word_1_4' title='bbox 782 298 949 344; x_wconf 87' lang='lat' dir='ltr'>LIBER</span> <span class='ocrx_word' id='word_1_5' title='bbox 978 301 1075 346; x_wconf 85' lang='lat' dir='ltr'><strong>XV.</strong></span> <span class='ocrx_word' id='word_1_6' title='bbox 1136 301 1242 346; x_wconf 66' lang='lat' dir='ltr'><strong>Cn.</strong></span> <span class='ocrx_word' id='word_1_7' title='bbox 1275 300 1469 348; x_wconf 82' lang='lat'><strong>48—50.</strong></span> <span class='ocrx_word' id='word_1_8' title='bbox 1928 306 2018 350; x_wconf 66' lang='lat'><strong>28¹7</strong></span> 
     </span>
    </p>
   </div>
   <div class='ocr_carea' id='block_1_2' title="bbox 193 438 2090 1874">
    <p class='ocr_par' dir='ltr' id='par_1_2' title="bbox 193 438 2090 1874">
     <span class='ocr_line' id='line_1_2' title="bbox 196 438 2018 508; baseline 0 -14"><span class='ocrx_word' id='word_1_9' title='bbox 196 439 548 505; x_wconf 73' lang='lat' dir='ltr'>Senecionem,</span> <span class='ocrx_word' id='word_1_10' title='bbox 577 438 872 494; x_wconf 80' lang='lat' dir='ltr'><strong>Cervarium</strong></span> <span class='ocrx_word' id='word_1_11' title='bbox 900 439 1182 506; x_wconf 90' lang='lat' dir='ltr'><strong>Proculum,</strong></span> <span class='ocrx_word' id='word_1_12' title='bbox 1219 440 1498 492; x_wconf 80' lang='lat' dir='ltr'>Vulcatium</span> <span class='ocrx_word' id='word_1_13' title='bbox 1519 440 1804 508; x_wconf 81' lang='lat' dir='ltr'><strong>Araricum,</strong></span> <span class='ocrx_word' id='word_1_14' title='bbox 1843 442 2018 496; x_wconf 87' lang='lat' dir='ltr'><strong>lulium</strong></span> 
     </span>
     <span class='ocr_line' id='line_1_3' title="bbox 195 530 2019 598; baseline 0.001 -15"><span class='ocrx_word' id='word_1_15' title='bbox 195 530 540 598; x_wconf 76' lang='lat' dir='ltr'><strong>Augurinum,</strong></span> <span class='ocrx_word' id='word_1_16' title='bbox 578 531 851 586; x_wconf 77' lang='lat' dir='ltr'><strong>Munatium</strong></span> <span class='ocrx_word' id='word_1_17' title='bbox 890 531 1125 597; x_wconf 83' lang='lat' dir='ltr'><strong>Gratum,</strong></span> <span class='ocrx_word' id='word_1_18' title='bbox 1166 531 1440 583; x_wconf 88' lang='lat' dir='ltr'><strong>Antonium</strong></span> <span class='ocrx_word' id='word_1_19' title='bbox 1477 532 1738 598; x_wconf 85' lang='lat' dir='ltr'>Natalem,</span> <span class='ocrx_word' id='word_1_20' title='bbox 1776 533 2019 586; x_wconf 85' lang='lat' dir='ltr'><strong>Marcium</strong></span> 
     </span>
     <span class='ocr_line' id='line_1_4' title="bbox 194 623 2017 692; baseline -0.001 -14"><span class='ocrx_word' id='word_1_21' title='bbox 194 623 422 688; x_wconf 77' lang='lat' dir='ltr'><strong>Festum,</strong></span> <span class='ocrx_word' id='word_1_22' title='bbox 474 623 671 690; x_wconf 77' lang='lat' dir='ltr'><strong>equites</strong></span> <span class='ocrx_word' id='word_1_23' title='bbox 706 624 996 687; x_wconf 79' lang='lat' dir='ltr'><strong>Romanos3</strong></span> <span class='ocrx_word' id='word_1_24' title='bbox 1051 639 1115 676; x_wconf 87' lang='lat' dir='ltr'><strong>ex</strong></span> <span class='ocrx_word' id='word_1_25' title='bbox 1156 623 1335 690; x_wconf 85' lang='lat' dir='ltr'><strong>quibus</strong></span> <span class='ocrx_word' id='word_1_26' title='bbox 1379 624 1627 690; x_wconf 82' lang='lat' dir='ltr'><strong>SeneciO,</strong></span> <span class='ocrx_word' id='word_1_27' title='bbox 1681 641 1710 677; x_wconf 92' lang='lat' dir='ltr'><strong>e</strong></span> <span class='ocrx_word' id='word_1_28' title='bbox 1742 626 2017 692; x_wconf 82' lang='lat' dir='ltr'><strong>praecipua</strong></span> 
     </span>
     <span class='ocr_line' id='line_1_5' title="bbox 195 713 2019 781; baseline 0.001 -15"><span class='ocrx_word' id='word_1_29' title='bbox 195 713 536 768; x_wconf 75' lang='lat' dir='ltr'><strong>familiaritate</strong></span> <span class='ocrx_word' id='word_1_30' title='bbox 562 715 798 780; x_wconf 77' lang='lat' dir='ltr'><strong>NeroniS,</strong></span> <span class='ocrx_word' id='word_1_31' title='bbox 824 715 1048 781; x_wconf 89' lang='lat' dir='ltr'><strong>speciem</strong></span> <span class='ocrx_word' id='word_1_32' title='bbox 1085 715 1336 767; x_wconf 82' lang='lat' dir='ltr'><strong>amicitiae</strong></span> <span class='ocrx_word' id='word_1_33' title='bbox 1371 716 1522 767; x_wconf 86' lang='lat' dir='ltr'><strong>etiam</strong></span> <span class='ocrx_word' id='word_1_34' title='bbox 1554 719 1656 767; x_wconf 91' lang='lat' dir='ltr'><strong>tum</strong></span> <span class='ocrx_word' id='word_1_35' title='bbox 1692 716 1917 768; x_wconf 86' lang='lat' dir='ltr'><strong>retinens</strong></span> <span class='ocrx_word' id='word_1_36' title='bbox 1955 731 2019 768; x_wconf 88' lang='lat' dir='ltr'><strong>eo</strong></span> 
     </span>
     <span class='ocr_line' id='line_1_6' title="bbox 193 803 2060 873; baseline 0.002 -16"><span class='ocrx_word' id='word_1_37' title='bbox 193 803 419 872; x_wconf 85' lang='lat' dir='ltr'><strong>pluribus</strong></span> <span class='ocrx_word' id='word_1_38' title='bbox 469 805 710 872; x_wconf 85' lang='lat' dir='ltr'><strong>periculis</strong></span> <span class='ocrx_word' id='word_1_39' title='bbox 753 806 1151 857; x_wconf 84' lang='lat' dir='ltr'><strong>conflictabatur.</strong></span> <span class='ocrx_word' id='word_1_40' title='bbox 1223 806 1415 859; x_wconf 87' lang='lat' dir='ltr'><strong>Natalis</strong></span> <span class='ocrx_word' id='word_1_41' title='bbox 1465 807 1720 873; x_wconf 80' lang='lat' dir='ltr'><strong>particeps</strong></span> <span class='ocrx_word' id='word_1_42' title='bbox 1762 807 1825 859; x_wconf 89' lang='lat' dir='ltr'><strong>ad</strong></span> <span class='ocrx_word' id='word_1_43' title='bbox 1870 821 2060 861; x_wconf 82' lang='lat' dir='ltr'><strong>omnes</strong></span> 
     </span>
     <span class='ocr_line' id='line_1_7' title="bbox 194 896 2018 965; baseline 0.002 -17"><span class='ocrx_word' id='word_1_44' title='bbox 194 900 446 951; x_wconf 83' lang='lat' dir='ltr'><strong>secretum</strong></span> <span class='ocrx_word' id='word_1_45' title='bbox 478 896 650 951; x_wconf 89' lang='lat' dir='ltr'><strong>Pisoni</strong></span> <span class='ocrx_word' id='word_1_46' title='bbox 686 902 808 949; x_wconf 86' lang='lat' dir='ltr'><strong>erat.</strong></span> <span class='ocrx_word' id='word_1_47' title='bbox 883 897 1080 949; x_wconf 88' lang='lat' dir='ltr'><strong>Ceteris</strong></span> <span class='ocrx_word' id='word_1_48' title='bbox 1117 912 1234 963; x_wconf 88' lang='lat' dir='ltr'><strong>spes</strong></span> <span class='ocrx_word' id='word_1_49' title='bbox 1273 914 1337 950; x_wconf 87' lang='lat' dir='ltr'><strong>ex</strong></span> <span class='ocrx_word' id='word_1_50' title='bbox 1366 898 1514 949; x_wconf 88' lang='lat' dir='ltr'><strong>novis</strong></span> <span class='ocrx_word' id='word_1_51' title='bbox 1551 898 1704 950; x_wconf 89' lang='lat' dir='ltr'><strong>rebus</strong></span> <span class='ocrx_word' id='word_1_52' title='bbox 1740 899 2018 965; x_wconf 82' lang='lat' dir='ltr'><strong>petebatur.</strong></span> 
     </span>
     <span class='ocr_line' id='line_1_8' title="bbox 194 984 2019 1057; baseline 0.003 -21"><span class='ocrx_word' id='word_1_53' title='bbox 194 984 439 1041; x_wconf 81' lang='lat' dir='ltr'><strong>Adscitae</strong></span> <span class='ocrx_word' id='word_1_54' title='bbox 473 991 589 1039; x_wconf 85' lang='lat' dir='ltr'><strong>sunt</strong></span> <span class='ocrx_word' id='word_1_55' title='bbox 626 1000 780 1052; x_wconf 87' lang='lat' dir='ltr'><strong>super</strong></span> <span class='ocrx_word' id='word_1_56' title='bbox 815 985 1047 1039; x_wconf 86' lang='lat' dir='ltr'><strong>Subrium</strong></span> <span class='ocrx_word' id='word_1_57' title='bbox 1087 992 1138 1038; x_wconf 90' lang='lat' dir='ltr'><strong>et</strong></span> <span class='ocrx_word' id='word_1_58' title='bbox 1174 986 1475 1053; x_wconf 88' lang='lat' dir='ltr'><strong>Sulpicium,</strong></span> <span class='ocrx_word' id='word_1_59' title='bbox 1517 988 1581 1040; x_wconf 93' lang='lat' dir='ltr'><strong>de</strong></span> <span class='ocrx_word' id='word_1_60' title='bbox 1617 989 1797 1054; x_wconf 88' lang='lat' dir='ltr'><strong>quibus</strong></span> <span class='ocrx_word' id='word_1_61' title='bbox 1833 989 2019 1057; x_wconf 79' lang='lat' dir='ltr'><strong>rettuli,</strong></span> 
     </span>
     <span class='ocr_line' id='line_1_9' title="bbox 195 1073 2016 1142; baseline 0.004 -16"><span class='ocrx_word' id='word_1_62' title='bbox 195 1073 437 1142; x_wconf 79' lang='lat' dir='ltr'><strong>militares</strong></span> <span class='ocrx_word' id='word_1_63' title='bbox 474 1090 650 1129; x_wconf 87' lang='lat' dir='ltr'><strong>manus</strong></span> <span class='ocrx_word' id='word_1_64' title='bbox 670 1115 685 1141; x_wconf 91' lang='lat'><strong>,</strong></span> <span class='ocrx_word' id='word_1_65' title='bbox 725 1075 913 1129; x_wconf 85' lang='lat' dir='ltr'><strong>Gavius</strong></span> <span class='ocrx_word' id='word_1_66' title='bbox 950 1075 1185 1130; x_wconf 89' lang='lat' dir='ltr'><strong>Silvanus</strong></span> <span class='ocrx_word' id='word_1_67' title='bbox 1221 1079 1269 1127; x_wconf 89' lang='lat' dir='ltr'><strong>et</strong></span> <span class='ocrx_word' id='word_1_68' title='bbox 1310 1075 1493 1128; x_wconf 86' lang='lat' dir='ltr'><strong>Statius</strong></span> <span class='ocrx_word' id='word_1_69' title='bbox 1532 1077 1793 1133; x_wconf 85' lang='lat' dir='ltr'><strong>Proximus</strong></span> <span class='ocrx_word' id='word_1_70' title='bbox 1829 1082 2016 1133; x_wconf 74' lang='lat' dir='ltr'><strong>tribuni</strong></span> 
     </span>
     <span class='ocr_line' id='line_1_10' title="bbox 197 1164 2021 1231; baseline 0.004 -15"><span class='ocrx_word' id='word_1_71' title='bbox 197 1164 479 1221; x_wconf 63' lang='lat' dir='ltr'><strong>cohortium</strong></span> <span class='ocrx_word' id='word_1_72' title='bbox 516 1165 914 1231; x_wconf 85' lang='lat' dir='ltr'><strong>praetoriarum,</strong></span> <span class='ocrx_word' id='word_1_73' title='bbox 949 1164 1196 1217; x_wconf 86' lang='lat' dir='ltr'><strong>Maximus</strong></span> <span class='ocrx_word' id='word_1_74' title='bbox 1237 1164 1459 1218; x_wconf 89' lang='lat' dir='ltr'><strong>Scaurus</strong></span> <span class='ocrx_word' id='word_1_75' title='bbox 1496 1170 1547 1217; x_wconf 89' lang='lat' dir='ltr'><strong>et</strong></span> <span class='ocrx_word' id='word_1_76' title='bbox 1581 1169 1801 1222; x_wconf 90' lang='lat' dir='ltr'><strong>Venetus</strong></span> <span class='ocrx_word' id='word_1_77' title='bbox 1843 1171 2021 1223; x_wconf 89' lang='lat' dir='ltr'><strong>Paulus</strong></span> 
     </span>
     <span class='ocr_line' id='line_1_11' title="bbox 196 1255 2087 1327; baseline 0.005 -20"><span class='ocrx_word' id='word_1_78' title='bbox 196 1255 538 1311; x_wconf 78' lang='lat' dir='ltr'><strong>centuriones,</strong></span> <span class='ocrx_word' id='word_1_79' title='bbox 631 1255 732 1309; x_wconf 83' lang='lat' dir='ltr'><strong>Sed</strong></span> <span class='ocrx_word' id='word_1_80' title='bbox 784 1269 1029 1308; x_wconf 73' lang='lat' dir='ltr'><strong>siunmum</strong></span> <span class='ocrx_word' id='word_1_81' title='bbox 1076 1255 1235 1310; x_wconf 87' lang='lat' dir='ltr'><strong>robur</strong></span> <span class='ocrx_word' id='word_1_82' title='bbox 1271 1256 1323 1308; x_wconf 89' lang='lat' dir='ltr'><strong>in</strong></span> <span class='ocrx_word' id='word_1_83' title='bbox 1359 1258 1547 1310; x_wconf 87' lang='lat' dir='ltr'><strong>Faenio</strong></span> <span class='ocrx_word' id='word_1_84' title='bbox 1584 1260 1714 1312; x_wconf 89' lang='lat' dir='ltr'><strong>Rufo</strong></span> <span class='ocrx_word' id='word_1_85' title='bbox 1760 1262 2087 1327; x_wconf 62' lang='lat' dir='ltr'><strong>praefecto«,</strong></span> 
     </span>
     <span class='ocr_line' id='line_1_12' title="bbox 193 1345 2026 1419; baseline 0.003 -21"><span class='ocrx_word' id='word_1_86' title='bbox 193 1345 486 1412; x_wconf 74' lang='lat' dir='ltr'><strong>videbatur,</strong></span> <span class='ocrx_word' id='word_1_87' title='bbox 548 1359 697 1412; x_wconf 83' lang='lat' dir='ltr'><strong>quem</strong></span> <span class='ocrx_word' id='word_1_88' title='bbox 734 1345 836 1398; x_wconf 84' lang='lat' dir='ltr'><strong>vita</strong></span> <span class='ocrx_word' id='word_1_89' title='bbox 870 1346 1103 1412; x_wconf 78' lang='lat' dir='ltr'><strong>famaque</strong></span> <span class='ocrx_word' id='word_1_90' title='bbox 1139 1345 1394 1401; x_wconf 87' lang='lat' dir='ltr'><strong>laudatum</strong></span> <span class='ocrx_word' id='word_1_91' title='bbox 1434 1363 1526 1414; x_wconf 89' lang='lat' dir='ltr'><strong>per</strong></span> <span class='ocrx_word' id='word_1_92' title='bbox 1562 1351 1823 1404; x_wconf 85' lang='lat' dir='ltr'><strong>saevitiam</strong></span> <span class='ocrx_word' id='word_1_93' title='bbox 1860 1353 2026 1419; x_wconf 88' lang='lat' dir='ltr'><strong>impu-</strong></span> 
     </span>
     <span class='ocr_line' id='line_1_13' title="bbox 199 1437 2022 1512; baseline 0.005 -24"><span class='ocrx_word' id='word_1_94' title='bbox 199 1437 523 1504; x_wconf 80' lang='lat' dir='ltr'><strong>dicitiamque</strong></span> <span class='ocrx_word' id='word_1_95' title='bbox 548 1438 826 1505; x_wconf 81' lang='lat' dir='ltr'><strong>Tigellinus</strong></span> <span class='ocrx_word' id='word_1_96' title='bbox 859 1438 912 1493; x_wconf 87' lang='lat' dir='ltr'><strong>in</strong></span> <span class='ocrx_word' id='word_1_97' title='bbox 937 1438 1108 1491; x_wconf 83' lang='lat' dir='ltr'><strong>animo</strong></span> <span class='ocrx_word' id='word_1_98' title='bbox 1140 1439 1382 1506; x_wconf 89' lang='lat' dir='ltr'><strong>principis</strong></span> <span class='ocrx_word' id='word_1_99' title='bbox 1409 1442 1649 1508; x_wconf 82' lang='lat' dir='ltr'><strong>anteibat,</strong></span> <span class='ocrx_word' id='word_1_100' title='bbox 1676 1444 2022 1512; x_wconf 81' lang='lat' dir='ltr'><strong>fatigabatque</strong></span> 
     </span>
     <span class='ocr_line' id='line_1_14' title="bbox 198 1528 2023 1599; baseline 0.003 -17"><span class='ocrx_word' id='word_1_101' title='bbox 198 1528 631 1586; x_wconf 77' lang='lat' dir='ltr'><strong>criminationibus</strong></span> <span class='ocrx_word' id='word_1_102' title='bbox 665 1544 726 1585; x_wconf 75' lang='lat' dir='ltr'><strong>ac</strong></span> <span class='ocrx_word' id='word_1_103' title='bbox 760 1544 914 1595; x_wconf 81' lang='lat' dir='ltr'><strong>saepe</strong></span> <span class='ocrx_word' id='word_1_104' title='bbox 939 1529 992 1583; x_wconf 88' lang='lat' dir='ltr'><strong>in</strong></span> <span class='ocrx_word' id='word_1_105' title='bbox 1029 1533 1214 1582; x_wconf 88' lang='lat' dir='ltr'><strong>metum</strong></span> <span class='ocrx_word' id='word_1_106' title='bbox 1251 1530 1534 1583; x_wconf 82' lang='lat' dir='ltr'><strong>adduxerat</strong></span> <span class='ocrx_word' id='word_1_107' title='bbox 1564 1534 1709 1599; x_wconf 88' lang='lat' dir='ltr'><strong>quasi</strong></span> <span class='ocrx_word' id='word_1_108' title='bbox 1743 1535 2023 1588; x_wconf 84' lang='lat' dir='ltr'><strong>adulterum</strong></span> 
     </span>
     <span class='ocr_line' id='line_1_15' title="bbox 197 1619 2025 1694; baseline 0.004 -22"><span class='ocrx_word' id='word_1_109' title='bbox 197 1620 511 1688; x_wconf 81' lang='lat' dir='ltr'><strong>Agrippinae</strong></span> <span class='ocrx_word' id='word_1_110' title='bbox 565 1624 615 1672; x_wconf 87' lang='lat' dir='ltr'><strong>et</strong></span> <span class='ocrx_word' id='word_1_111' title='bbox 672 1619 932 1676; x_wconf 83' lang='lat' dir='ltr'><strong>desiderio</strong></span> <span class='ocrx_word' id='word_1_112' title='bbox 996 1622 1105 1674; x_wconf 90' lang='lat' dir='ltr'><strong>eius</strong></span> <span class='ocrx_word' id='word_1_113' title='bbox 1161 1622 1340 1674; x_wconf 86' lang='lat' dir='ltr'><strong>ultioni</strong></span> <span class='ocrx_word' id='word_1_114' title='bbox 1389 1624 1649 1678; x_wconf 86' lang='lat' dir='ltr'><strong>intentum.</strong></span> <span class='ocrx_word' id='word_1_115' title='bbox 1723 1628 1882 1694; x_wconf 80' lang='lat' dir='ltr'><strong>Igitur</strong></span> <span class='ocrx_word' id='word_1_116' title='bbox 1937 1628 2025 1680; x_wconf 88' lang='lat' dir='ltr'><strong>ubi</strong></span> 
     </span>
     <span class='ocr_line' id='line_1_16' title="bbox 199 1710 2090 1782; baseline 0.004 -17"><span class='ocrx_word' id='word_1_117' title='bbox 199 1711 473 1766; x_wconf 79' lang='lat' dir='ltr'><strong>coniuratis</strong></span> <span class='ocrx_word' id='word_1_118' title='bbox 525 1710 838 1777; x_wconf 71' lang='lat' dir='ltr'><strong>praefectum</strong></span> <span class='ocrx_word' id='word_1_119' title='bbox 877 1727 1078 1779; x_wconf 87' lang='lat' dir='ltr'><strong>quoque</strong></span> <span class='ocrx_word' id='word_1_120' title='bbox 1115 1714 1360 1779; x_wconf 82' lang='lat' dir='ltr'><strong>praetorii</strong></span> <span class='ocrx_word' id='word_1_121' title='bbox 1395 1715 1448 1766; x_wconf 87' lang='lat' dir='ltr'><strong>in</strong></span> <span class='ocrx_word' id='word_1_122' title='bbox 1483 1722 1652 1782; x_wconf 84' lang='lat' dir='ltr'><strong>partes</strong></span> <span class='ocrx_word' id='word_1_123' title='bbox 1692 1719 2025 1771; x_wconf 82' lang='lat' dir='ltr'><strong>descendisse</strong></span> <span class='ocrx_word' id='word_1_124' title='bbox 2043 1731 2090 1773; x_wconf 68' lang='grc' dir='ltr'><strong>ιε</strong></span> 
     </span>
     <span class='ocr_line' id='line_1_17' title="bbox 200 1800 2026 1874; baseline 0.003 -20"><span class='ocrx_word' id='word_1_125' title='bbox 200 1803 382 1858; x_wconf 85' lang='lat' dir='ltr'><strong>crebro</strong></span> <span class='ocrx_word' id='word_1_126' title='bbox 419 1802 577 1870; x_wconf 80' lang='lat' dir='ltr'><strong>ipsius</strong></span> <span class='ocrx_word' id='word_1_127' title='bbox 617 1815 854 1859; x_wconf 73' lang='lat' dir='ltr'><strong>sermone</strong></span> <span class='ocrx_word' id='word_1_128' title='bbox 892 1800 1026 1855; x_wconf 85' lang='lat' dir='ltr'><strong>facta</strong></span> <span class='ocrx_word' id='word_1_129' title='bbox 1060 1800 1205 1867; x_wconf 87' lang='lat' dir='ltr'><strong>fides,</strong></span> <span class='ocrx_word' id='word_1_130' title='bbox 1247 1803 1522 1870; x_wconf 85' lang='lat' dir='ltr'><strong>promptius</strong></span> <span class='ocrx_word' id='word_1_131' title='bbox 1562 1805 1660 1856; x_wconf 88' lang='lat' dir='ltr'><strong>iam</strong></span> <span class='ocrx_word' id='word_1_132' title='bbox 1701 1805 1763 1858; x_wconf 93' lang='lat' dir='ltr'><strong>de</strong></span> <span class='ocrx_word' id='word_1_133' title='bbox 1799 1811 2026 1874; x_wconf 86' lang='lat' dir='ltr'><strong>tempore</strong></span> 
     </span>
    </p>
   </div>
   <div class='ocr_carea' id='block_1_3' title="bbox 201 1980 2027 2324">
    <p class='ocr_par' dir='ltr' id='par_1_3' title="bbox 201 1980 2027 2324">
     <span class='ocr_line' id='line_1_18' title="bbox 320 1980 2023 2043; baseline 0.002 -19"><span class='ocrx_word' id='word_1_134' title='bbox 320 1983 358 2025; x_wconf 90' lang='lat'><strong>1.</strong></span> <span class='ocrx_word' id='word_1_135' title='bbox 390 1981 637 2043; x_wconf 69' lang='lat' dir='ltr'><strong>uulqacium</strong></span> <span class='ocrx_word' id='word_1_136' title='bbox 657 1980 739 2038; x_wconf 68' lang='lat' dir='ltr'><strong>Ma,</strong></span> <span class='ocrx_word' id='word_1_137' title='bbox 783 1982 1025 2039; x_wconf 70' lang='lat' dir='ltr'><strong>Vulqatium</strong></span> <span class='ocrx_word' id='word_1_138' title='bbox 1049 1981 1097 2025; x_wconf 88' lang='lat' dir='ltr'><strong>G.</strong></span> <span class='ocrx_word' id='word_1_139' title='bbox 1222 1983 1265 2027; x_wconf 82' lang='lat'><strong>2.</strong></span> <span class='ocrx_word' id='word_1_140' title='bbox 1298 1981 1569 2040; x_wconf 73' lang='lat' dir='ltr'><strong>Auqurinum</strong></span> <span class='ocrx_word' id='word_1_141' title='bbox 1602 1982 1691 2027; x_wconf 72' lang='lat' dir='ltr'><strong>Ma:</strong></span> <span class='ocrx_word' id='word_1_142' title='bbox 1731 1985 1932 2032; x_wconf 75' lang='lat' dir='ltr'><strong>aurinum</strong></span> <span class='ocrx_word' id='word_1_143' title='bbox 1963 1984 2023 2029; x_wconf 85' lang='lat' dir='ltr'><strong>G:</strong></span> 
     </span>
     <span class='ocr_line' id='line_1_19' title="bbox 202 2040 2027 2100; baseline 0.003 -17"><span class='ocrx_word' id='word_1_144' title='bbox 202 2041 460 2098; x_wconf 71' lang='lat' dir='ltr'><strong>Tuyurinum</strong></span> <span class='ocrx_word' id='word_1_145' title='bbox 496 2043 607 2098; x_wconf 85' lang='lat' dir='ltr'><strong>Spir.</strong></span> <span class='ocrx_word' id='word_1_146' title='bbox 758 2043 800 2085; x_wconf 89' lang='lat'><strong>3.</strong></span> <span class='ocrx_word' id='word_1_147' title='bbox 852 2043 1050 2084; x_wconf 83' lang='lat' dir='ltr'><strong>senaecio</strong></span> <span class='ocrx_word' id='word_1_148' title='bbox 1098 2041 1142 2083; x_wconf 88' lang='lat' dir='ltr'><strong>h.</strong></span> <span class='ocrx_word' id='word_1_149' title='bbox 1185 2041 1214 2083; x_wconf 91' lang='lat' dir='ltr'><strong>l.</strong></span> <span class='ocrx_word' id='word_1_150' title='bbox 1249 2040 1330 2084; x_wconf 71' lang='lat' dir='ltr'><strong>Ma.</strong></span> <span class='ocrx_word' id='word_1_151' title='bbox 1502 2048 1546 2087; x_wconf 83' lang='lat'><strong>4.</strong></span> <span class='ocrx_word' id='word_1_152' title='bbox 1584 2058 1631 2086; x_wconf 89' lang='lat' dir='ltr'><strong>eo</strong></span> <span class='ocrx_word' id='word_1_153' title='bbox 1661 2044 1853 2100; x_wconf 80' lang='lat' dir='ltr'><strong>pluribus</strong></span> <span class='ocrx_word' id='word_1_154' title='bbox 1883 2045 1950 2088; x_wconf 74' lang='lat' dir='ltr'><strong>Ma</strong></span> <span class='ocrx_word' id='word_1_155' title='bbox 1982 2051 2027 2088; x_wconf 82' lang='lat' dir='ltr'><strong>et</strong></span> 
     </span>
     <span class='ocr_line' id='line_1_20' title="bbox 202 2099 2026 2160; baseline 0.003 -17"><span class='ocrx_word' id='word_1_156' title='bbox 202 2099 237 2143; x_wconf 88' lang='lat' dir='ltr'><strong>G</strong></span> <span class='ocrx_word' id='word_1_157' title='bbox 267 2103 311 2144; x_wconf 89' lang='lat' dir='ltr'><strong>in</strong></span> <span class='ocrx_word' id='word_1_158' title='bbox 343 2114 492 2144; x_wconf 83' lang='lat' dir='ltr'><strong>rasura</strong></span> <span class='ocrx_word' id='word_1_159' title='bbox 525 2115 551 2144; x_wconf 91' lang='lat' dir='ltr'><strong>a</strong></span> <span class='ocrx_word' id='word_1_160' title='bbox 592 2101 785 2145; x_wconf 80' lang='lat' dir='ltr'><strong>secunda</strong></span> <span class='ocrx_word' id='word_1_161' title='bbox 817 2114 903 2144; x_wconf 87' lang='lat' dir='ltr'><strong>m.:</strong></span> <span class='ocrx_word' id='word_1_162' title='bbox 935 2116 983 2143; x_wconf 91' lang='lat' dir='ltr'><strong>eo</strong></span> <span class='ocrx_word' id='word_1_163' title='bbox 1013 2101 1205 2158; x_wconf 81' lang='lat' dir='ltr'><strong>propriis</strong></span> <span class='ocrx_word' id='word_1_164' title='bbox 1236 2101 1517 2145; x_wconf 82' lang='lat' dir='ltr'><strong>Puteolanus.</strong></span> <span class='ocrx_word' id='word_1_165' title='bbox 1642 2104 1682 2147; x_wconf 88' lang='lat'><strong>5.</strong></span> <span class='ocrx_word' id='word_1_166' title='bbox 1712 2105 1900 2160; x_wconf 83' lang='lat' dir='ltr'><strong>periculi</strong></span> <span class='ocrx_word' id='word_1_167' title='bbox 1930 2104 2026 2148; x_wconf 66' lang='lat' dir='ltr'><strong>Ma:</strong></span> 
     </span>
     <span class='ocr_line' id='line_1_21' title="bbox 203 2159 2027 2220; baseline 0.002 -17"><span class='ocrx_word' id='word_1_168' title='bbox 203 2159 237 2203; x_wconf 88' lang='lat' dir='ltr'><strong>G</strong></span> <span class='ocrx_word' id='word_1_169' title='bbox 264 2161 484 2218; x_wconf 82' lang='lat' dir='ltr'><strong>periculis.</strong></span> <span class='ocrx_word' id='word_1_170' title='bbox 604 2162 649 2207; x_wconf 88' lang='grc'><strong>8.</strong></span> <span class='ocrx_word' id='word_1_171' title='bbox 681 2161 885 2206; x_wconf 74' lang='lat' dir='ltr'><strong>silvanus</strong></span> <span class='ocrx_word' id='word_1_172' title='bbox 915 2159 1004 2214; x_wconf 70' lang='lat' dir='ltr'><strong>Ma,</strong></span> <span class='ocrx_word' id='word_1_173' title='bbox 1046 2160 1240 2219; x_wconf 72' lang='lat' dir='ltr'><strong>syllanus</strong></span> <span class='ocrx_word' id='word_1_174' title='bbox 1276 2159 1324 2204; x_wconf 90' lang='lat' dir='ltr'><strong>G.</strong></span> <span class='ocrx_word' id='word_1_175' title='bbox 1451 2163 1520 2206; x_wconf 87' lang='grc'><strong>10.</strong></span> <span class='ocrx_word' id='word_1_176' title='bbox 1556 2163 1738 2220; x_wconf 81' lang='lat' dir='ltr'><strong>Faenio]</strong></span> <span class='ocrx_word' id='word_1_177' title='bbox 1775 2164 1832 2208; x_wconf 83' lang='lat' dir='ltr'><strong>cf.</strong></span> <span class='ocrx_word' id='word_1_178' title='bbox 1868 2165 1922 2208; x_wconf 85' lang='lat'><strong>13</strong></span> <span class='ocrx_word' id='word_1_179' title='bbox 1953 2167 2027 2210; x_wconf 79' lang='lat'><strong>22.</strong></span> 
     </span>
     <span class='ocr_line' id='line_1_22' title="bbox 203 2218 2026 2277; baseline 0.001 -15"><span class='ocrx_word' id='word_1_180' title='bbox 203 2221 271 2264; x_wconf 87' lang='lat'><strong>11.</strong></span> <span class='ocrx_word' id='word_1_181' title='bbox 304 2222 426 2263; x_wconf 81' lang='lat' dir='ltr'><strong>seuit.</strong></span> <span class='ocrx_word' id='word_1_182' title='bbox 457 2219 537 2263; x_wconf 71' lang='lat' dir='ltr'><strong>Ma.</strong></span> <span class='ocrx_word' id='word_1_183' title='bbox 659 2222 750 2277; x_wconf 80' lang='lat' dir='ltr'><strong>inp.</strong></span> <span class='ocrx_word' id='word_1_184' title='bbox 782 2218 863 2263; x_wconf 67' lang='lat' dir='ltr'><strong>Ma.</strong></span> <span class='ocrx_word' id='word_1_185' title='bbox 990 2222 1058 2264; x_wconf 82' lang='lat'><strong>12.</strong></span> <span class='ocrx_word' id='word_1_186' title='bbox 1094 2219 1217 2276; x_wconf 75' lang='lat' dir='ltr'><strong>tiyill.</strong></span> <span class='ocrx_word' id='word_1_187' title='bbox 1249 2218 1330 2262; x_wconf 68' lang='lat' dir='ltr'><strong>Ma.</strong></span> <span class='ocrx_word' id='word_1_188' title='bbox 1465 2223 1533 2265; x_wconf 89' lang='lat'><strong>13.</strong></span> <span class='ocrx_word' id='word_1_189' title='bbox 1565 2230 1677 2265; x_wconf 82' lang='lat' dir='ltr'><strong>metu</strong></span> <span class='ocrx_word' id='word_1_190' title='bbox 1711 2222 1800 2265; x_wconf 71' lang='lat' dir='ltr'><strong>Ma:</strong></span> <span class='ocrx_word' id='word_1_191' title='bbox 1832 2224 1944 2266; x_wconf 72' lang='lat' dir='ltr'><strong>metii</strong></span> <span class='ocrx_word' id='word_1_192' title='bbox 1977 2223 2026 2266; x_wconf 90' lang='lat' dir='ltr'><strong>G.</strong></span> 
     </span>
     <span class='ocr_line' id='line_1_23' title="bbox 201 2278 1062 2324; baseline -0.001 -2"><span class='ocrx_word' id='word_1_193' title='bbox 201 2279 270 2323; x_wconf 88' lang='lat'><strong>16.</strong></span> <span class='ocrx_word' id='word_1_194' title='bbox 295 2281 511 2324; x_wconf 68' lang='lat' dir='ltr'><strong>sermonis</strong></span> <span class='ocrx_word' id='word_1_195' title='bbox 537 2279 629 2323; x_wconf 58' lang='lat' dir='ltr'><strong>Mat</strong></span> <span class='ocrx_word' id='word_1_196' title='bbox 662 2285 906 2323; x_wconf 73' lang='lat' dir='ltr'><strong>correctum</strong></span> <span class='ocrx_word' id='word_1_197' title='bbox 937 2280 983 2321; x_wconf 87' lang='lat' dir='ltr'><strong>in</strong></span> <span class='ocrx_word' id='word_1_198' title='bbox 1015 2278 1062 2322; x_wconf 92' lang='lat' dir='ltr'><strong>G.</strong></span> 
     </span>
    </p>
   </div>
   <div class='ocr_carea' id='block_1_4' title="bbox 197 2435 1077 3725">
    <p class='ocr_par' dir='ltr' id='par_1_4' title="bbox 197 2435 1077 3309">
     <span class='ocr_line' id='line_1_24' title="bbox 197 2435 1074 2493; baseline -0.001 -15"><span class='ocrx_word' id='word_1_199' title='bbox 197 2436 316 2478; x_wconf 78' lang='lat' dir='ltr'><strong>rabis</strong></span> <span class='ocrx_word' id='word_1_200' title='bbox 345 2436 586 2492; x_wconf 69' lang='lat' dir='ltr'><strong>inferorum</strong></span> <span class='ocrx_word' id='word_1_201' title='bbox 626 2435 692 2493; x_wconf 85' lang='lat' dir='ltr'><strong>(h.</strong></span> <span class='ocrx_word' id='word_1_202' title='bbox 728 2449 768 2480; x_wconf 80' lang='lat' dir='ltr'><strong>e.</strong></span> <span class='ocrx_word' id='word_1_203' title='bbox 812 2436 951 2478; x_wconf 75' lang='lat' dir='ltr'><strong>facies</strong></span> <span class='ocrx_word' id='word_1_204' title='bbox 983 2435 1074 2478; x_wconf 87' lang='lat' dir='ltr'><strong>C&#39;a-</strong></span> 
     </span>
     <span class='ocr_line' id='line_1_25' title="bbox 199 2494 1074 2552; baseline -0.001 -15"><span class='ocrx_word' id='word_1_205' title='bbox 199 2494 532 2551; x_wconf 63' lang='lat' dir='ltr'><strong>taokthonim),</strong></span> <span class='ocrx_word' id='word_1_206' title='bbox 562 2497 760 2552; x_wconf 63' lang='lat' dir='ltr'><strong>ingratus</strong></span> <span class='ocrx_word' id='word_1_207' title='bbox 792 2497 907 2538; x_wconf 75' lang='lat' dir='ltr'><strong>Nero</strong></span> <span class='ocrx_word' id='word_1_208' title='bbox 933 2495 1074 2537; x_wconf 83' lang='lat' dir='ltr'><strong>dulci-</strong></span> 
     </span>
     <span class='ocr_line' id='line_1_26' title="bbox 198 2554 1075 2612; baseline 0 -16"><span class='ocrx_word' id='word_1_209' title='bbox 198 2554 273 2596; x_wconf 97' lang='lat' dir='ltr'><strong>bus</strong></span> <span class='ocrx_word' id='word_1_210' title='bbox 294 2554 472 2597; x_wconf 77' lang='lat' dir='ltr'><strong>theatris</strong></span> <span class='ocrx_word' id='word_1_211' title='bbox 503 2562 544 2597; x_wconf 83' lang='lat' dir='ltr'><strong>et</strong></span> <span class='ocrx_word' id='word_1_212' title='bbox 563 2562 710 2597; x_wconf 71' lang='lat' dir='ltr'><strong>noster</strong></span> <span class='ocrx_word' id='word_1_213' title='bbox 731 2555 807 2597; x_wconf 84' lang='lat' dir='ltr'><strong>tibi</strong></span> <span class='ocrx_word' id='word_1_214' title='bbox 826 2557 1075 2612; x_wconf 76' lang='lat' dir='ltr'><strong>proferetur</strong></span> 
     </span>
     <span class='ocr_line' id='line_1_27' title="bbox 201 2613 1073 2670; baseline 0 -15"><span class='ocrx_word' id='word_1_215' title='bbox 201 2613 408 2670; x_wconf 78' lang='lat' dir='ltr'><strong>Orpheus,</strong></span> <span class='ocrx_word' id='word_1_216' title='bbox 442 2613 485 2656; x_wconf 87' lang='lat' dir='ltr'><strong>h.</strong></span> <span class='ocrx_word' id='word_1_217' title='bbox 519 2627 559 2656; x_wconf 85' lang='lat' dir='ltr'><strong>e.</strong></span> <span class='ocrx_word' id='word_1_218' title='bbox 596 2614 660 2656; x_wconf 80' lang='lat' dir='ltr'><strong>‘tu</strong></span> <span class='ocrx_word' id='word_1_219' title='bbox 691 2614 909 2657; x_wconf 80' lang='lat' dir='ltr'><strong>Neronem</strong></span> <span class='ocrx_word' id='word_1_220' title='bbox 942 2627 1073 2670; x_wconf 86' lang='lat' dir='ltr'><strong>quem</strong></span> 
     </span>
     <span class='ocr_line' id='line_1_28' title="bbox 200 2672 1075 2729; baseline -0.003 -14"><span class='ocrx_word' id='word_1_221' title='bbox 200 2679 430 2716; x_wconf 86' lang='lat' dir='ltr'><strong>canentem</strong></span> <span class='ocrx_word' id='word_1_222' title='bbox 474 2672 673 2716; x_wconf 90' lang='lat' dir='ltr'><strong>homines</strong></span> <span class='ocrx_word' id='word_1_223' title='bbox 713 2675 840 2716; x_wconf 88' lang='lat' dir='ltr'><strong>inviti</strong></span> <span class='ocrx_word' id='word_1_224' title='bbox 873 2678 1075 2729; x_wconf 88' lang='lat' dir='ltr'><strong>spectant</strong></span> 
     </span>
     <span class='ocr_line' id='line_1_29' title="bbox 201 2732 1073 2791; baseline 0 -17"><span class='ocrx_word' id='word_1_225' title='bbox 201 2733 452 2790; x_wconf 74' lang='lat' dir='ltr'><strong>(ingratum</strong></span> <span class='ocrx_word' id='word_1_226' title='bbox 507 2732 708 2777; x_wconf 84' lang='lat' dir='ltr'><strong>dulcibus</strong></span> <span class='ocrx_word' id='word_1_227' title='bbox 758 2733 977 2791; x_wconf 82' lang='lat' dir='ltr'><strong>theatris)</strong></span> <span class='ocrx_word' id='word_1_228' title='bbox 1028 2738 1073 2775; x_wconf 86' lang='lat' dir='ltr'><strong>et</strong></span> 
     </span>
     <span class='ocr_line' id='line_1_30' title="bbox 200 2791 1072 2846; baseline 0.002 -14"><span class='ocrx_word' id='word_1_229' title='bbox 200 2791 336 2834; x_wconf 89' lang='lat' dir='ltr'><strong>filium</strong></span> <span class='ocrx_word' id='word_1_230' title='bbox 389 2804 534 2835; x_wconf 83' lang='lat' dir='ltr'><strong>meum</strong></span> <span class='ocrx_word' id='word_1_231' title='bbox 575 2791 750 2846; x_wconf 79' lang='lat' dir='ltr'><strong>Orphea</strong></span> <span class='ocrx_word' id='word_1_232' title='bbox 804 2792 1072 2835; x_wconf 82' lang='lat' dir='ltr'><strong>carminibus</strong></span> 
     </span>
     <span class='ocr_line' id='line_1_31' title="bbox 197 2851 1073 2905; baseline 0 -14"><span class='ocrx_word' id='word_1_233' title='bbox 197 2851 396 2905; x_wconf 76' lang='lat' dir='ltr'><strong>proferes</strong></span> <span class='ocrx_word' id='word_1_234' title='bbox 427 2852 473 2894; x_wconf 89' lang='lat' dir='ltr'><strong>in</strong></span> <span class='ocrx_word' id='word_1_235' title='bbox 503 2852 706 2895; x_wconf 81' lang='lat' dir='ltr'><strong>notitiam</strong></span> <span class='ocrx_word' id='word_1_236' title='bbox 739 2858 783 2894; x_wconf 81' lang='lat' dir='ltr'><strong>et</strong></span> <span class='ocrx_word' id='word_1_237' title='bbox 814 2864 892 2894; x_wconf 86' lang='lat' dir='ltr'><strong>ora</strong></span> <span class='ocrx_word' id='word_1_238' title='bbox 923 2851 1073 2893; x_wconf 79' lang='lat' dir='ltr'><strong>homi..</strong></span> 
     </span>
     <span class='ocr_line' id='line_1_32' title="bbox 197 2909 1073 2965; baseline 0 -14"><span class='ocrx_word' id='word_1_239' title='bbox 197 2910 329 2952; x_wconf 88' lang='lat' dir='ltr'><strong>num’.</strong></span> <span class='ocrx_word' id='word_1_240' title='bbox 389 2909 527 2952; x_wconf 84' lang='lat' dir='ltr'><strong>Prave</strong></span> <span class='ocrx_word' id='word_1_241' title='bbox 559 2909 669 2953; x_wconf 76' lang='lat' dir='ltr'><strong>haec</strong></span> <span class='ocrx_word' id='word_1_242' title='bbox 694 2913 868 2965; x_wconf 82' lang='lat' dir='ltr'><strong>accepit</strong></span> <span class='ocrx_word' id='word_1_243' title='bbox 885 2910 1073 2964; x_wconf 81' lang='lat' dir='ltr'><strong>Lipsius,</strong></span> 
     </span>
     <span class='ocr_line' id='line_1_33' title="bbox 200 2968 1074 3015; baseline -0.002 -3"><span class='ocrx_word' id='word_1_244' title='bbox 200 2968 390 3012; x_wconf 86' lang='lat' dir='ltr'><strong>Orellius</strong></span> <span class='ocrx_word' id='word_1_245' title='bbox 407 2975 552 3012; x_wconf 82' lang='lat' dir='ltr'><strong>autem</strong></span> <span class='ocrx_word' id='word_1_246' title='bbox 574 2969 710 3011; x_wconf 80' lang='lat' dir='ltr'><strong>verba</strong></span> <span class='ocrx_word' id='word_1_247' title='bbox 735 2970 925 3015; x_wconf 77' lang='lat' dir='ltr'><strong>dulcibus</strong></span> <span class='ocrx_word' id='word_1_248' title='bbox 948 2969 1074 3011; x_wconf 75' lang='lat' dir='ltr'><strong>thea-</strong></span> 
     </span>
     <span class='ocr_line' id='line_1_34' title="bbox 201 3029 1074 3086; baseline 0 -16"><span class='ocrx_word' id='word_1_249' title='bbox 201 3030 280 3071; x_wconf 80' lang='lat' dir='ltr'><strong>tris</strong></span> <span class='ocrx_word' id='word_1_250' title='bbox 309 3040 397 3070; x_wconf 87' lang='lat' dir='ltr'><strong>non</strong></span> <span class='ocrx_word' id='word_1_251' title='bbox 436 3034 558 3072; x_wconf 83' lang='lat' dir='ltr'><strong>recte</strong></span> <span class='ocrx_word' id='word_1_252' title='bbox 600 3034 701 3083; x_wconf 84' lang='lat' dir='ltr'><strong>apta</strong></span> <span class='ocrx_word' id='word_1_253' title='bbox 739 3029 845 3072; x_wconf 81' lang='lat' dir='ltr'><strong>fecit</strong></span> <span class='ocrx_word' id='word_1_254' title='bbox 878 3042 933 3071; x_wconf 82' lang='lat' dir='ltr'><strong>ex</strong></span> <span class='ocrx_word' id='word_1_255' title='bbox 964 3042 1074 3086; x_wconf 77' lang='lat' dir='ltr'><strong>pro-</strong></span> 
     </span>
     <span class='ocr_line' id='line_1_35' title="bbox 199 3087 1075 3146; baseline -0.002 -15"><span class='ocrx_word' id='word_1_256' title='bbox 199 3090 391 3144; x_wconf 74' lang='lat' dir='ltr'><strong>feretur,</strong></span> <span class='ocrx_word' id='word_1_257' title='bbox 438 3087 642 3144; x_wconf 79' lang='lat' dir='ltr'><strong>idemque</strong></span> <span class='ocrx_word' id='word_1_258' title='bbox 691 3089 746 3133; x_wconf 89' lang='lat' dir='ltr'><strong>de</strong></span> <span class='ocrx_word' id='word_1_259' title='bbox 776 3091 950 3146; x_wconf 80' lang='lat' dir='ltr'><strong>ingrato</strong></span> <span class='ocrx_word' id='word_1_260' title='bbox 982 3087 1075 3130; x_wconf 89' lang='lat' dir='ltr'><strong>Ne-</strong></span> 
     </span>
     <span class='ocr_line' id='line_1_36' title="bbox 201 3147 1074 3204; baseline 0.001 -14"><span class='ocrx_word' id='word_1_261' title='bbox 201 3149 322 3190; x_wconf 86' lang='lat' dir='ltr'><strong>ronis</strong></span> <span class='ocrx_word' id='word_1_262' title='bbox 353 3149 497 3190; x_wconf 85' lang='lat' dir='ltr'><strong>animo</strong></span> <span class='ocrx_word' id='word_1_263' title='bbox 519 3149 671 3190; x_wconf 81' lang='lat' dir='ltr'><strong>nescio</strong></span> <span class='ocrx_word' id='word_1_264' title='bbox 701 3148 808 3204; x_wconf 81' lang='lat' dir='ltr'><strong>quid</strong></span> <span class='ocrx_word' id='word_1_265' title='bbox 838 3147 1074 3191; x_wconf 70' lang='lat' dir='ltr'><strong>fabulatur.</strong></span> 
     </span>
     <span class='ocr_line' id='line_1_37' title="bbox 202 3205 1077 3251; baseline -0.003 0"><span class='ocrx_word' id='word_1_266' title='bbox 202 3208 363 3251; x_wconf 75' lang='lat' dir='ltr'><strong>Statius</strong></span> <span class='ocrx_word' id='word_1_267' title='bbox 395 3213 519 3250; x_wconf 79' lang='lat' dir='ltr'><strong>certe</strong></span> <span class='ocrx_word' id='word_1_268' title='bbox 553 3206 664 3249; x_wconf 85' lang='lat' dir='ltr'><strong>nihil</strong></span> <span class='ocrx_word' id='word_1_269' title='bbox 697 3207 752 3250; x_wconf 86' lang='lat' dir='ltr'><strong>de</strong></span> <span class='ocrx_word' id='word_1_270' title='bbox 789 3207 954 3249; x_wconf 83' lang='lat' dir='ltr'><strong>invidia</strong></span> <span class='ocrx_word' id='word_1_271' title='bbox 985 3205 1077 3249; x_wconf 87' lang='lat' dir='ltr'><strong>Ne-</strong></span> 
     </span>
     <span class='ocr_line' id='line_1_38' title="bbox 199 3265 988 3309; baseline 0 -1"><span class='ocrx_word' id='word_1_272' title='bbox 199 3269 318 3308; x_wconf 87' lang='lat' dir='ltr'><strong>ronis</strong></span> <span class='ocrx_word' id='word_1_273' title='bbox 349 3266 558 3309; x_wconf 83' lang='lat' dir='ltr'><strong>adversus</strong></span> <span class='ocrx_word' id='word_1_274' title='bbox 587 3265 807 3308; x_wconf 82' lang='lat' dir='ltr'><strong>Lucanum</strong></span> <span class='ocrx_word' id='word_1_275' title='bbox 838 3266 988 3308; x_wconf 79' lang='lat' dir='ltr'><strong>habet.</strong></span> 
     </span>
    </p>

    <p class='ocr_par' dir='ltr' id='par_1_5' title="bbox 200 3322 1072 3725">
     <span class='ocr_line' id='line_1_39' title="bbox 285 3322 1069 3382; baseline -0.001 -15"><span class='ocrx_word' id='word_1_276' title='bbox 285 3326 547 3368; x_wconf 72' lang='lat' dir='ltr'><strong>Scaevinus:</strong></span> <span class='ocrx_word' id='word_1_277' title='bbox 570 3325 707 3382; x_wconf 75' lang='lat' dir='ltr'><strong>vulgo</strong></span> <span class='ocrx_word' id='word_1_278' title='bbox 726 3326 960 3377; x_wconf 81' lang='lat' dir='ltr'><strong>Scevinus‚·</strong></span> <span class='ocrx_word' id='word_1_279' title='bbox 991 3322 1069 3366; x_wconf 86' lang='lat' dir='ltr'><strong>sed</strong></span> 
     </span>
     <span class='ocr_line' id='line_1_40' title="bbox 201 3384 1068 3440; baseline -0.005 -13"><span class='ocrx_word' id='word_1_280' title='bbox 201 3398 298 3427; x_wconf 88' lang='lat' dir='ltr'><strong>cum</strong></span> <span class='ocrx_word' id='word_1_281' title='bbox 327 3385 394 3427; x_wconf 71' lang='lat' dir='ltr'><strong>Ma</strong></span> <span class='ocrx_word' id='word_1_282' title='bbox 425 3385 527 3426; x_wconf 84' lang='lat' dir='ltr'><strong>inde</strong></span> <span class='ocrx_word' id='word_1_283' title='bbox 559 3397 584 3425; x_wconf 85' lang='lat' dir='ltr'><strong>a</strong></span> <span class='ocrx_word' id='word_1_284' title='bbox 625 3398 721 3440; x_wconf 86' lang='lat' dir='ltr'><strong>cap.</strong></span> <span class='ocrx_word' id='word_1_285' title='bbox 752 3386 810 3428; x_wconf 86' lang='lat'><strong>53</strong></span> <span class='ocrx_word' id='word_1_286' title='bbox 850 3384 1068 3427; x_wconf 81' lang='lat' dir='ltr'><strong>hominem</strong></span> 
     </span>
     <span class='ocr_line' id='line_1_41' title="bbox 201 3441 1069 3498; baseline -0.005 -12"><span class='ocrx_word' id='word_1_287' title='bbox 201 3445 459 3486; x_wconf 79' lang='lat' dir='ltr'><strong>Scaeviuum</strong></span> <span class='ocrx_word' id='word_1_288' title='bbox 476 3442 685 3498; x_wconf 83' lang='lat' dir='ltr'><strong>appellet,</strong></span> <span class='ocrx_word' id='word_1_289' title='bbox 706 3443 818 3485; x_wconf 86' lang='lat' dir='ltr'><strong>hanc</strong></span> <span class='ocrx_word' id='word_1_290' title='bbox 850 3441 1069 3485; x_wconf 87' lang='lat' dir='ltr'><strong>scribendi</strong></span> 
     </span>
     <span class='ocr_line' id='line_1_42' title="bbox 200 3501 1071 3554; baseline -0.005 -10"><span class='ocrx_word' id='word_1_291' title='bbox 200 3505 415 3546; x_wconf 85' lang='lat' dir='ltr'><strong>rationem</strong></span> <span class='ocrx_word' id='word_1_292' title='bbox 451 3508 628 3547; x_wconf 82' lang='lat' dir='ltr'><strong>secutus</strong></span> <span class='ocrx_word' id='word_1_293' title='bbox 661 3509 727 3545; x_wconf 84' lang='lat' dir='ltr'><strong>cst</strong></span> <span class='ocrx_word' id='word_1_294' title='bbox 747 3501 993 3554; x_wconf 85' lang='lat' dir='ltr'><strong>Bekkerus,</strong></span> <span class='ocrx_word' id='word_1_295' title='bbox 1027 3505 1071 3542; x_wconf 87' lang='lat' dir='ltr'><strong>et</strong></span> 
     </span>
     <span class='ocr_line' id='line_1_43' title="bbox 201 3559 1072 3618; baseline -0.002 -15"><span class='ocrx_word' id='word_1_296' title='bbox 201 3568 323 3605; x_wconf 83' lang='lat' dir='ltr'><strong>recte</strong></span> <span class='ocrx_word' id='word_1_297' title='bbox 369 3563 570 3618; x_wconf 82' lang='lat' dir='ltr'><strong>quidem:</strong></span> <span class='ocrx_word' id='word_1_298' title='bbox 617 3575 715 3604; x_wconf 79' lang='lat' dir='ltr'><strong>uam</strong></span> <span class='ocrx_word' id='word_1_299' title='bbox 762 3575 787 3603; x_wconf 85' lang='lat' dir='ltr'><strong>a</strong></span> <span class='ocrx_word' id='word_1_300' title='bbox 827 3575 980 3603; x_wconf 76' lang='lat' dir='ltr'><strong>scaevo</strong></span> <span class='ocrx_word' id='word_1_301' title='bbox 1024 3559 1072 3602; x_wconf 82' lang='lat' dir='ltr'><strong>fit</strong></span> 
     </span>
     <span class='ocr_line' id='line_1_44' title="bbox 202 3620 1071 3677; baseline -0.002 -14"><span class='ocrx_word' id='word_1_302' title='bbox 202 3622 462 3677; x_wconf 78' lang='lat' dir='ltr'><strong>Scaevinus,</strong></span> <span class='ocrx_word' id='word_1_303' title='bbox 511 3620 868 3677; x_wconf 71' lang='lat' dir='ltr'><strong>quemadmodum</strong></span> <span class='ocrx_word' id='word_1_304' title='bbox 905 3634 933 3663; x_wconf 83' lang='lat' dir='ltr'><strong>a</strong></span> <span class='ocrx_word' id='word_1_305' title='bbox 962 3621 1071 3664; x_wconf 78' lang='lat' dir='ltr'><strong>iusto</strong></span> 
     </span>
     <span class='ocr_line' id='line_1_45' title="bbox 204 3680 404 3725; baseline 0.005 -2"><span class='ocrx_word' id='word_1_306' title='bbox 204 3680 404 3725; x_wconf 74' lang='lat' dir='ltr'><strong>Iustinus.</strong></span> 
     </span>
    </p>
   </div>
   <div class='ocr_carea' id='block_1_5' title="bbox 1149 2433 2032 3674">
    <p class='ocr_par' dir='ltr' id='par_1_6' title="bbox 1156 2433 2032 3143">
     <span class='ocr_line' id='line_1_46' title="bbox 1237 2433 2030 2489; baseline 0.005 -14"><span class='ocrx_word' id='word_1_307' title='bbox 1237 2433 1343 2489; x_wconf 81' lang='lat' dir='ltr'><strong>Gap.</strong></span> <span class='ocrx_word' id='word_1_308' title='bbox 1364 2434 1436 2478; x_wconf 84' lang='lat'><strong>50.</strong></span> <span class='ocrx_word' id='word_1_309' title='bbox 1483 2435 1711 2478; x_wconf 73' lang='lat' dir='ltr'><strong>Claudium</strong></span> <span class='ocrx_word' id='word_1_310' title='bbox 1726 2437 2030 2479; x_wconf 73' lang='lat' dir='ltr'><strong>Senecionem:</strong></span> 
     </span>
     <span class='ocr_line' id='line_1_47' title="bbox 1158 2492 2028 2549; baseline 0.005 -15"><span class='ocrx_word' id='word_1_311' title='bbox 1158 2494 1335 2535; x_wconf 80' lang='lat' dir='ltr'><strong>codices</strong></span> <span class='ocrx_word' id='word_1_312' title='bbox 1372 2492 1549 2536; x_wconf 85' lang='lat' dir='ltr'><strong>Tullium</strong></span> <span class='ocrx_word' id='word_1_313' title='bbox 1580 2496 1683 2537; x_wconf 82' lang='lat' dir='ltr'><strong>Sen.</strong></span> <span class='ocrx_word' id='word_1_314' title='bbox 1758 2495 1871 2549; x_wconf 86' lang='lat' dir='ltr'><strong>Quin</strong></span> <span class='ocrx_word' id='word_1_315' title='bbox 1914 2496 2028 2538; x_wconf 86' lang='lat' dir='ltr'><strong>idem</strong></span> 
     </span>
     <span class='ocr_line' id='line_1_48' title="bbox 1157 2552 2029 2610; baseline 0.005 -16"><span class='ocrx_word' id='word_1_316' title='bbox 1157 2552 1214 2594; x_wconf 86' lang='lat' dir='ltr'><strong>sit</strong></span> <span class='ocrx_word' id='word_1_317' title='bbox 1244 2559 1375 2608; x_wconf 83' lang='lat' dir='ltr'><strong>atque</strong></span> <span class='ocrx_word' id='word_1_318' title='bbox 1410 2553 1489 2595; x_wconf 87' lang='lat' dir='ltr'><strong>ille</strong></span> <span class='ocrx_word' id='word_1_319' title='bbox 1519 2555 1593 2610; x_wconf 85' lang='lat' dir='ltr'><strong>qui</strong></span> <span class='ocrx_word' id='word_1_320' title='bbox 1630 2554 1728 2596; x_wconf 80' lang='lat' dir='ltr'><strong>xln</strong></span> <span class='ocrx_word' id='word_1_321' title='bbox 1763 2558 1817 2599; x_wconf 83' lang='lat'><strong>12</strong></span> <span class='ocrx_word' id='word_1_322' title='bbox 1852 2557 2029 2598; x_wconf 84' lang='lat' dir='ltr'><strong>nomine</strong></span> 
     </span>
     <span class='ocr_line' id='line_1_49' title="bbox 1160 2612 2030 2669; baseline 0.003 -16"><span class='ocrx_word' id='word_1_323' title='bbox 1160 2612 1333 2654; x_wconf 82' lang='lat' dir='ltr'><strong>Claudii</strong></span> <span class='ocrx_word' id='word_1_324' title='bbox 1353 2614 1605 2655; x_wconf 81' lang='lat' dir='ltr'><strong>Senecionis</strong></span> <span class='ocrx_word' id='word_1_325' title='bbox 1635 2620 1912 2669; x_wconf 84' lang='lat' dir='ltr'><strong>memoratur,</strong></span> <span class='ocrx_word' id='word_1_326' title='bbox 1946 2615 2030 2656; x_wconf 87' lang='lat' dir='ltr'><strong>du-</strong></span> 
     </span>
     <span class='ocr_line' id='line_1_50' title="bbox 1156 2671 2027 2728; baseline 0.003 -15"><span class='ocrx_word' id='word_1_327' title='bbox 1156 2671 1286 2713; x_wconf 87' lang='lat' dir='ltr'><strong>bitari</strong></span> <span class='ocrx_word' id='word_1_328' title='bbox 1338 2673 1505 2727; x_wconf 85' lang='lat' dir='ltr'><strong>nequit.</strong></span> <span class='ocrx_word' id='word_1_329' title='bbox 1595 2671 1747 2728; x_wconf 85' lang='lat' dir='ltr'><strong>Itaque</strong></span> <span class='ocrx_word' id='word_1_330' title='bbox 1801 2680 1875 2715; x_wconf 88' lang='lat' dir='ltr'><strong>aut</strong></span> <span class='ocrx_word' id='word_1_331' title='bbox 1933 2673 2027 2716; x_wconf 89' lang='lat' dir='ltr'><strong>illic</strong></span> 
     </span>
     <span class='ocr_line' id='line_1_51' title="bbox 1159 2730 2032 2775; baseline 0.002 -2"><span class='ocrx_word' id='word_1_332' title='bbox 1159 2730 1333 2773; x_wconf 81' lang='lat' dir='ltr'><strong>Claudii</strong></span> <span class='ocrx_word' id='word_1_333' title='bbox 1363 2743 1524 2773; x_wconf 88' lang='lat' dir='ltr'><strong>nomen</strong></span> <span class='ocrx_word' id='word_1_334' title='bbox 1553 2738 1627 2773; x_wconf 90' lang='lat' dir='ltr'><strong>aut</strong></span> <span class='ocrx_word' id='word_1_335' title='bbox 1657 2732 1742 2774; x_wconf 90' lang='lat' dir='ltr'><strong>hoc</strong></span> <span class='ocrx_word' id='word_1_336' title='bbox 1772 2733 1874 2775; x_wconf 86' lang='lat' dir='ltr'><strong>loco</strong></span> <span class='ocrx_word' id='word_1_337' title='bbox 1906 2734 2032 2775; x_wconf 80' lang='lat' dir='ltr'><strong>Tullii</strong></span> 
     </span>
     <span class='ocr_line' id='line_1_52' title="bbox 1158 2791 2031 2846; baseline 0.001 -13"><span class='ocrx_word' id='word_1_338' title='bbox 1158 2795 1406 2845; x_wconf 87' lang='lat' dir='ltr'><strong>corruptum</strong></span> <span class='ocrx_word' id='word_1_339' title='bbox 1440 2792 1548 2832; x_wconf 88' lang='lat' dir='ltr'><strong>erit:</strong></span> <span class='ocrx_word' id='word_1_340' title='bbox 1583 2791 1661 2833; x_wconf 87' lang='lat' dir='ltr'><strong>sed</strong></span> <span class='ocrx_word' id='word_1_341' title='bbox 1695 2791 1781 2834; x_wconf 90' lang='lat' dir='ltr'><strong>hoc</strong></span> <span class='ocrx_word' id='word_1_342' title='bbox 1812 2794 2031 2846; x_wconf 86' lang='lat' dir='ltr'><strong>posterius</strong></span> 
     </span>
     <span class='ocr_line' id='line_1_53' title="bbox 1159 2850 2031 2905; baseline -0.001 -14"><span class='ocrx_word' id='word_1_343' title='bbox 1159 2850 1259 2891; x_wconf 89' lang='lat' dir='ltr'><strong>ideo</strong></span> <span class='ocrx_word' id='word_1_344' title='bbox 1290 2855 1450 2901; x_wconf 87' lang='lat' dir='ltr'><strong>statuo,</strong></span> <span class='ocrx_word' id='word_1_345' title='bbox 1485 2851 1589 2905; x_wconf 83' lang='lat' dir='ltr'><strong>quia</strong></span> <span class='ocrx_word' id='word_1_346' title='bbox 1610 2850 1837 2893; x_wconf 82' lang='lat' dir='ltr'><strong>Claudium</strong></span> <span class='ocrx_word' id='word_1_347' title='bbox 1863 2853 1907 2893; x_wconf 82' lang='lat' dir='ltr'><strong>in</strong></span> <span class='ocrx_word' id='word_1_348' title='bbox 1932 2851 2031 2894; x_wconf 80' lang='lat' dir='ltr'><strong>Tul..</strong></span> 
     </span>
     <span class='ocr_line' id='line_1_54' title="bbox 1158 2908 2031 2964; baseline 0.003 -14"><span class='ocrx_word' id='word_1_349' title='bbox 1158 2908 1267 2950; x_wconf 53' lang='lat' dir='ltr'><strong>lium&gt;</strong></span> <span class='ocrx_word' id='word_1_350' title='bbox 1292 2908 1348 2950; x_wconf 86' lang='lat' dir='ltr'><strong>ob</strong></span> <span class='ocrx_word' id='word_1_351' title='bbox 1372 2908 1529 2950; x_wconf 83' lang='lat' dir='ltr'><strong>Iulium</strong></span> <span class='ocrx_word' id='word_1_352' title='bbox 1558 2910 1743 2964; x_wconf 85' lang='lat' dir='ltr'><strong>proximi</strong></span> <span class='ocrx_word' id='word_1_353' title='bbox 1775 2924 1929 2955; x_wconf 82' lang='lat' dir='ltr'><strong>versus</strong></span> <span class='ocrx_word' id='word_1_354' title='bbox 1960 2912 2031 2953; x_wconf 83' lang='lat' dir='ltr'><strong>fa-</strong></span> 
     </span>
     <span class='ocr_line' id='line_1_55' title="bbox 1160 2967 2031 3024; baseline 0.003 -15"><span class='ocrx_word' id='word_1_355' title='bbox 1160 2967 1287 3010; x_wconf 87' lang='lat' dir='ltr'><strong>cilius</strong></span> <span class='ocrx_word' id='word_1_356' title='bbox 1336 2970 1554 3022; x_wconf 90' lang='lat' dir='ltr'><strong>corrumpi</strong></span> <span class='ocrx_word' id='word_1_357' title='bbox 1599 2969 1755 3024; x_wconf 86' lang='lat' dir='ltr'><strong>potuit.</strong></span> <span class='ocrx_word' id='word_1_358' title='bbox 1846 2970 2031 3013; x_wconf 88' lang='lat' dir='ltr'><strong>Perinde</strong></span> 
     </span>
     <span class='ocr_line' id='line_1_56' title="bbox 1160 3026 2030 3073; baseline 0.002 -4"><span class='ocrx_word' id='word_1_359' title='bbox 1160 3026 1331 3069; x_wconf 87' lang='lat' dir='ltr'><strong>Claudii</strong></span> <span class='ocrx_word' id='word_1_360' title='bbox 1370 3027 1526 3069; x_wconf 86' lang='lat' dir='ltr'><strong>Civilis</strong></span> <span class='ocrx_word' id='word_1_361' title='bbox 1566 3041 1726 3070; x_wconf 89' lang='lat' dir='ltr'><strong>nomen</strong></span> <span class='ocrx_word' id='word_1_362' title='bbox 1759 3028 1810 3071; x_wconf 79' lang='lat' dir='ltr'><strong>H.</strong></span> <span class='ocrx_word' id='word_1_363' title='bbox 1843 3029 1862 3071; x_wconf 92' lang='lat'>1</span> <span class='ocrx_word' id='word_1_364' title='bbox 1894 3030 1953 3073; x_wconf 81' lang='lat'><strong>59</strong></span> <span class='ocrx_word' id='word_1_365' title='bbox 1985 3030 2030 3071; x_wconf 88' lang='lat' dir='ltr'><strong>in</strong></span> 
     </span>
     <span class='ocr_line' id='line_1_57' title="bbox 1161 3086 1808 3143; baseline 0.003 -15"><span class='ocrx_word' id='word_1_366' title='bbox 1161 3086 1317 3129; x_wconf 82' lang='lat' dir='ltr'><strong>Iulium</strong></span> <span class='ocrx_word' id='word_1_367' title='bbox 1349 3093 1596 3141; x_wconf 86' lang='lat' dir='ltr'><strong>corruptum</strong></span> <span class='ocrx_word' id='word_1_368' title='bbox 1631 3087 1808 3143; x_wconf 83' lang='lat' dir='ltr'><strong>legitur.</strong></span> 
     </span>
    </p>

    <p class='ocr_par' dir='ltr' id='par_1_7' title="bbox 1149 3145 2031 3674">
     <span class='ocr_line' id='line_1_58' title="bbox 1246 3145 2031 3188; baseline 0 -2"><span class='ocrx_word' id='word_1_369' title='bbox 1246 3145 1482 3187; x_wconf 73' lang='lat' dir='ltr'><strong>Antonium</strong></span> <span class='ocrx_word' id='word_1_370' title='bbox 1500 3146 1727 3188; x_wconf 80' lang='lat' dir='ltr'><strong>Natalem.-</strong></span> <span class='ocrx_word' id='word_1_371' title='bbox 1761 3146 1873 3187; x_wconf 88' lang='lat' dir='ltr'><strong>alius</strong></span> <span class='ocrx_word' id='word_1_372' title='bbox 1899 3152 1965 3188; x_wconf 80' lang='lat' dir='ltr'><strong>est</strong></span> <span class='ocrx_word' id='word_1_373' title='bbox 1986 3151 2031 3188; x_wconf 80' lang='lat' dir='ltr'><strong>et</strong></span> 
     </span>
     <span class='ocr_line' id='line_1_59' title="bbox 1159 3203 2028 3260; baseline 0.003 -16"><span class='ocrx_word' id='word_1_374' title='bbox 1159 3204 1279 3258; x_wconf 83' lang='lat' dir='ltr'><strong>prior</strong></span> <span class='ocrx_word' id='word_1_375' title='bbox 1310 3203 1365 3245; x_wconf 89' lang='lat' dir='ltr'><strong>de</strong></span> <span class='ocrx_word' id='word_1_376' title='bbox 1391 3216 1476 3259; x_wconf 92' lang='lat' dir='ltr'><strong>quo</strong></span> <span class='ocrx_word' id='word_1_377' title='bbox 1496 3204 1690 3260; x_wconf 88' lang='lat' dir='ltr'><strong>loquitur</strong></span> <span class='ocrx_word' id='word_1_378' title='bbox 1706 3205 1873 3247; x_wconf 82' lang='lat' dir='ltr'><strong>Seneca</strong></span> <span class='ocrx_word' id='word_1_379' title='bbox 1890 3204 2028 3259; x_wconf 80' lang='lat' dir='ltr'><strong>Epist.</strong></span> 
     </span>
     <span class='ocr_line' id='line_1_60' title="bbox 1160 3263 2029 3319; baseline 0.001 -14"><span class='ocrx_word' id='word_1_380' title='bbox 1160 3263 1244 3305; x_wconf 79' lang='lat'><strong>87:</strong></span> <span class='ocrx_word' id='word_1_381' title='bbox 1275 3276 1413 3318; x_wconf 77' lang='lat' dir='ltr'><strong>nuper</strong></span> <span class='ocrx_word' id='word_1_382' title='bbox 1444 3263 1639 3317; x_wconf 77' lang='lat' dir='ltr'><strong>Natalis,</strong></span> <span class='ocrx_word' id='word_1_383' title='bbox 1687 3271 1773 3305; x_wconf 83' lang='lat' dir='ltr'><strong>tam</strong></span> <span class='ocrx_word' id='word_1_384' title='bbox 1810 3265 2029 3319; x_wconf 80' lang='lat' dir='ltr'><strong>improbae</strong></span> 
     </span>
     <span class='ocr_line' id='line_1_61' title="bbox 1161 3321 2029 3379; baseline 0.005 -17"><span class='ocrx_word' id='word_1_385' title='bbox 1161 3321 1334 3376; x_wconf 73' lang='lat' dir='ltr'><strong>linquae</strong></span> <span class='ocrx_word' id='word_1_386' title='bbox 1354 3335 1480 3376; x_wconf 83' lang='lat' dir='ltr'><strong>quam</strong></span> <span class='ocrx_word' id='word_1_387' title='bbox 1504 3323 1713 3379; x_wconf 75' lang='lat' dir='ltr'><strong>impurae,</strong></span> <span class='ocrx_word' id='word_1_388' title='bbox 1744 3324 1792 3366; x_wconf 81' lang='lat' dir='ltr'><strong>in</strong></span> <span class='ocrx_word' id='word_1_389' title='bbox 1815 3324 1934 3365; x_wconf 85' lang='lat' dir='ltr'><strong>cuius</strong></span> <span class='ocrx_word' id='word_1_390' title='bbox 1953 3338 2029 3366; x_wconf 84' lang='lat' dir='ltr'><strong>ore</strong></span> 
     </span>
     <span class='ocr_line' id='line_1_62' title="bbox 1149 3381 2030 3436; baseline 0.003 -15"><span class='ocrx_word' id='word_1_391' title='bbox 1149 3382 1338 3436; x_wconf 79' lang='lat' dir='ltr'><strong>feminae</strong></span> <span class='ocrx_word' id='word_1_392' title='bbox 1364 3381 1665 3436; x_wconf 67' lang='lat' dir='ltr'><strong>purqabautur</strong></span> <span class='ocrx_word' id='word_1_393' title='bbox 1689 3414 1700 3434; x_wconf 92' lang='lat'><strong>,</strong></span> <span class='ocrx_word' id='word_1_394' title='bbox 1735 3390 1774 3424; x_wconf 79' lang='lat' dir='ltr'><strong>et</strong></span> <span class='ocrx_word' id='word_1_395' title='bbox 1802 3382 2030 3425; x_wconf 64' lang='lat' dir='ltr'><strong>multorum</strong></span> 
     </span>
     <span class='ocr_line' id='line_1_63' title="bbox 1154 3440 2028 3494; baseline 0.005 -14"><span class='ocrx_word' id='word_1_396' title='bbox 1154 3440 1278 3481; x_wconf 81' lang='lat' dir='ltr'><strong>heres</strong></span> <span class='ocrx_word' id='word_1_397' title='bbox 1309 3442 1390 3494; x_wconf 76' lang='lat' dir='ltr'><strong>fuit</strong></span> <span class='ocrx_word' id='word_1_398' title='bbox 1422 3447 1461 3481; x_wconf 82' lang='lat' dir='ltr'><strong>et</strong></span> <span class='ocrx_word' id='word_1_399' title='bbox 1486 3440 1638 3482; x_wconf 79' lang='lat' dir='ltr'><strong>multos</strong></span> <span class='ocrx_word' id='word_1_400' title='bbox 1658 3440 1807 3484; x_wconf 79' lang='lat' dir='ltr'><strong>habuit</strong></span> <span class='ocrx_word' id='word_1_401' title='bbox 1835 3441 2028 3485; x_wconf 72' lang='lat' dir='ltr'><strong>heredes.</strong></span> 
     </span>
     <span class='ocr_line' id='line_1_64' title="bbox 1156 3499 2030 3557; baseline 0.005 -18"><span class='ocrx_word' id='word_1_402' title='bbox 1156 3499 1266 3551; x_wconf 85' lang='lat' dir='ltr'><strong>Quid</strong></span> <span class='ocrx_word' id='word_1_403' title='bbox 1314 3499 1448 3554; x_wconf 72' lang='lat' dir='ltr'><strong>erqo?</strong></span> <span class='ocrx_word' id='word_1_404' title='bbox 1495 3507 1637 3542; x_wconf 81' lang='lat' dir='ltr'><strong>utrum</strong></span> <span class='ocrx_word' id='word_1_405' title='bbox 1678 3501 1798 3543; x_wconf 86' lang='lat' dir='ltr'><strong>illum</strong></span> <span class='ocrx_word' id='word_1_406' title='bbox 1839 3503 2030 3557; x_wconf 72' lang='lat' dir='ltr'><strong>pecunia</strong></span> 
     </span>
     <span class='ocr_line' id='line_1_65' title="bbox 1154 3559 2030 3617; baseline 0.003 -17"><span class='ocrx_word' id='word_1_407' title='bbox 1154 3560 1365 3614; x_wconf 81' lang='lat' dir='ltr'><strong>impurum</strong></span> <span class='ocrx_word' id='word_1_408' title='bbox 1397 3559 1539 3614; x_wconf 75' lang='lat' dir='ltr'><strong>effecit</strong></span> <span class='ocrx_word' id='word_1_409' title='bbox 1578 3573 1638 3602; x_wconf 80' lang='lat' dir='ltr'><strong>an</strong></span> <span class='ocrx_word' id='word_1_410' title='bbox 1682 3561 1772 3617; x_wconf 81' lang='lat' dir='ltr'><strong>ipse</strong></span> <span class='ocrx_word' id='word_1_411' title='bbox 1799 3562 2030 3617; x_wconf 72' lang='lat' dir='ltr'><strong>pecuniam</strong></span> 
     </span>
     <span class='ocr_line' id='line_1_66' title="bbox 1153 3616 1450 3674; baseline 0.003 -15"><span class='ocrx_word' id='word_1_412' title='bbox 1153 3616 1450 3674; x_wconf 75' lang='lat' dir='ltr'><strong>inspurcavit?</strong></span> 
     </span>
    </p>
   </div>
  </div>
 </body>
</html>
