2280 4004
1053 285 1347 342 ANNA'Livm
1842 314 1882 345 a.
1914 288 1974 345 tl.
1990 301 2094 348 815.

266 306 359 350 248

270 447 480 514 riaeque
518 451 567 498 et
604 444 826 512 praedae
855 442 1085 495 nonnihil
1113 447 1326 510 partum,
1352 442 1396 494 si
1436 447 1520 494 aut
1550 430 1788 511 gloriam
1807 459 1919 496 cum
1943 428 2096 498 modo

273 543 356 590 aut
391 536 631 604 praedam
667 550 778 586 cum
821 550 939 586 cura
977 534 1254 586 habuisset.
1327 534 1642 602 Longinquis
1681 534 1944 587 itineribus
1978 550 2101 603 per-

276 627 530 682 cursando
572 642 700 693 quae
742 626 962 678 obtineri
1006 625 1308 693 nequibant,
1374 629 1610 692 corrupto
1659 626 1743 693 qui
1781 631 1956 693 captus
1988 611 2102 680 erat

275 722 572 784 commeatU‚
615 723 665 770 et
700 717 919 769 instante
957 717 1056 769 ia'm
1093 717 1275 785 hieme,
1316 716 1520 769 reduxit
1557 718 1851 784 exercitum,
1892 733 2104 786 compo-

236 811 474 877 ssuitque
527 810 591 862 ad
632 810 903 862 Caesarem
953 809 1147 862 litteras
1209 809 1352 875 quasi
1407 809 1643 861 confecto
1696 809 1861 876 bello,
1929 811 2104 863 verbis

274 902 586 970 magnificiS,
634 917 804 953 rerum
844 916 1052 953 vacuas.
1126 901 1331 952 Interim
1368 900 1589 952 Corbulo
1628 915 1883 968 nunquam
1921 902 2157 970 negle-9

277 999 406 1045 ctam
444 993 713 1060 Euphratis
768 993 928 1060 ripam
987 992 1332 1044 crebrioribus
1382 992 1653 1059 praesidiis
1690 992 1906 1057 insedit3
1956 998 2009 1045 et
2042 1008 2107 1045 ne

274 1084 414 1152 ponti
451 1084 709 1136 iniciendo
748 1083 1158 1150 impedimentum
1194 1082 1406 1134 hostiles
1444 1088 1638 1136 turmae
1681 1083 1944 1136 adferrent
1982 1084 2109 1148 (iam

279 1176 413 1228 enim
463 1175 708 1228 subiectis
753 1175 941 1242 campis
983 1190 1167 1242 magna
1205 1175 1377 1240 specie
1412 1174 1750 1242 volitabant),
1804 1190 2110 1229 navesma-

217 1282 266 1318 10
279 1267 545 1336 gnitudine
579 1271 901 1333 praestantes
943 1270 992 1318 et
1026 1281 1286 1317 connexas
1333 1265 1559 1318 trabibus
1591 1281 1652 1317 ac
1686 1267 1909 1318 turribus
1935 1271 2110 1319 auctas

276 1359 383 1427 agit
419 1374 508 1425 per
542 1374 755 1424 amnem,
804 1358 1166 1424 catapultisque
1210 1362 1260 1409 et
1298 1357 1492 1408 balistis
1534 1357 1796 1424 proturbat
1838 1357 2084 1411 barbaros
2097 1376 2112 1424 ;
2177 1364 2181 1369 ’

277 1449 330 1500 in
368 1463 495 1515 quos
526 1463 651 1501 saxa
677 1453 726 1500 et
762 1448 938 1500 hastae
972 1448 1175 1516 longius
1208 1449 1553 1515 permeabant,
1588 1463 1735 1515 quarn
1763 1453 1818 1499 ut
1853 1449 2112 1501 contrario

280 1540 578 1608 sagittarum
618 1540 754 1590 iactu
794 1540 1217 1606 adaequarentur.
1291 1540 1422 1591 Dein
1460 1554 1588 1606 pons
1623 1539 1961 1606 continuatuS,
2002 1539 2114 1592 col-

279 1630 457 1697 lesque
510 1630 715 1682 adversi
775 1645 868 1696 per
916 1630 1086 1682 socias
1137 1630 1407 1695 cohorteS,
1466 1635 1583 1696 post
1631 1630 1890 1698 legionum
1931 1630 2112 1683 castris

220 1735 266 1772 15
285 1726 629 1788 occupantur,
698 1726 834 1772 tanta
876 1721 1137 1773 celeritate
1177 1726 1226 1772 et
1265 1721 1606 1774 ostentatione
1642 1722 1825 1774 virium
1860 1727 1915 1773 ut
1946 1722 2112 1774 Parthi

284 1813 476 1865 omisso
515 1817 695 1879 paratu
732 1812 1053 1864 invadendae
1090 1813 1268 1880 Syriae
1314 1828 1455 1879 spem
1497 1828 1694 1864 omnem
1732 1813 1785 1863 in
1820 1812 2114 1865 Armeniam

282 1909 556 1956 verterent.
630 1905 704 1955 Ibi
728 1905 906 1956 Paetus
943 1904 1306 1955 imminentium
1344 1905 1565 1970 nescius,
1607 1904 1828 1971 quintam
1851 1905 2116 1973 legionem
2133 1911 2200 1961 10

283 1994 462 2063 procul
514 1995 567 2045 in
604 1995 762 2046 Ponto
811 1995 1060 2061 habebat,
1116 1996 1339 2063 reliquas
1380 1996 1685 2062 promiscuis
1725 1995 1934 2048 militum
1971 2011 2117 2048 com-

285 2087 533 2140 meatibus
572 2087 942 2153 infirmaverat,
997 2088 1164 2139 donec
1198 2087 1477 2140 adventare
1514 2088 1808 2156 Vologesen
1845 2102 2030 2157 magno
2067 2093 2117 2141 et

221 2181 488 2235 aoinfenso
529 2180 734 2247 agmine
777 2180 1015 2232 auditum.
1088 2180 1299 2231 Accitur
1347 2179 1486 2248 iegio
1527 2179 1860 2246 duodecima,
1895 2185 1946 2232 et
1980 2180 2116 2234 unde

284 2273 469 2344 famam
507 2272 640 2323 aucti
676 2272 930 2324 exercitus
966 2277 1291 2339 speraverat,
1342 2272 1542 2338 prodita
1576 2272 1932 2339 infrequentia.
2007 2273 2116 2335 Qua

407 2427 447 2468 1.
479 2425 705 2467 nonnichil
741 2425 820 2468 Ma.
951 2428 993 2470 3.
1028 2440 1104 2481 que
1129 2425 1208 2469 Ma.
1312 2426 1355 2470 4.
1390 2441 1513 2483 conp.
1548 2426 1630 2470 Ma.
1738 2428 1779 2470 5.
1813 2441 2004 2470 cesarem
2033 2426 2115 2470 Ma.

285 2485 328 2529 6.
363 2485 597 2527 εονῑηιίοηᾱ
630 2499 756 2540 quam
790 2485 866 2528 Ma.
944 2487 986 2528 8.
1019 2487 1389 2542 impedimentum
1420 2487 1499 2528 M'd.
1581 2489 1655 2544 aff.
1692 2486 1762 2530 Or.
1851 2489 1917 2532 10.
1951 2501 2119 2529 conexa

286 2545 378 2587 Ma:
415 2543 447 2587 G
482 2559 714 2588 connexas.
795 2547 862 2589 12.
899 2560 976 2600 quo
1014 2546 1130 2588 GMa.
1219 2547 1529 2602 permanebant
1561 2547 1650 2588 Ma:
1684 2547 1959 2589 emendatum
1990 2548 2034 2589 in
2067 2546 2114 2590 G.

290 2604 361 2647 16.
388 2607 567 2660 paratui
595 2604 692 2647 Ma:
723 2603 756 2646 G
784 2612 959 2674 paratu:
1063 2606 1206 2660 syriae
1236 2605 1317 2657 Ma,
1353 2619 1439 2646 non
1472 2607 1645 2647 Suriae.
1766 2607 1834 2649 17.
1867 2607 1928 2649 ibi
1957 2607 2014 2650 G:
2047 2606 2115 2650 Μίι

286 2663 371 2705 ubi.
480 2664 548 2706 18.
584 2664 626 2705 h.
661 2663 690 2704 l.
722 2665 976 2719 promiscuis
1009 2663 1088 2706 Ma.
1184 2667 1255 2708 21.
1288 2667 1409 2720 fama
1441 2665 1528 2707 Ma:
1563 2664 1840 2721 Gphamam.
2092 2664 2096 2669 ’

379 2798 485 2853 Cap.
519 2798 561 2842 9.
620 2800 851 2856 praesidiis
886 2801 1068 2843 insedit:
1105 2801 1160 2844 cf.

291 2872 328 2902 c.
366 2860 394 2901 3
428 2864 536 2900 extr.
686 2861 884 2902 subiectis
916 2886 972 2893 -—
1003 2861 1164 2903 volita-

291 2919 420 2959 bant.-
459 2918 516 2960 cf.
554 2925 704 2961 annot.
739 2920 791 2961 ad
823 2920 841 2961 1
875 2922 913 2962 1.
1066 2921 1164 2962 dein

1248 2807 1375 2843 tenor
1408 2801 1622 2844 etlumen
1654 2803 1957 2858 corrumpitur.
2004 2802 2117 2845 Nar-

1248 2868 1366 2903 rator
1420 2861 1631 2904 lectorem
1684 2875 1809 2904 suum
1863 2863 1909 2904 in
1960 2874 2118 2905 novam

1248 2923 1370 2977 quasi
1405 2934 1580 2963 scenam
1624 2922 1766 2975 ducit,
1819 2928 1862 2964 et
1903 2921 2007 2964 huic
2037 2921 2118 2965 de-

285 2991 396 3034 ponis
434 2979 726 3031 continuatus,
774 2978 816 3020 h.
863 2992 901 3021 e.
937 2992 1076 3034 usque
1110 2981 1162 3021 ad

290 3037 428 3090 ripam
461 3035 686 3078 adversam
720 3037 899 3091 ductus,
938 3044 986 3078 ut
1018 3041 1163 3080 conti-

291 3108 403 3137 nuus
436 3097 641 3137 transitus
675 3097 813 3139 fieret.

372 3154 476 3209 Cap.
514 3157 583 3199 10.
645 3157 706 3198 ibi
729 3158 882 3199 Paetus
910 3163 1020 3200 cet.:
1053 3159 1162 3200 redii

294 3214 347 3255 ad
381 3214 564 3256 formam
595 3215 655 3257 ibi
682 3216 785 3258 olim
807 3218 1045 3274 vulgatam,
1078 3231 1162 3258 nu-

293 3287 373 3328 per
406 3279 451 3315 et
482 3274 534 3315 ab
557 3274 655 3316 aliis
688 3283 732 3317 et
764 3290 787 3318 a
819 3291 887 3319 me
921 3277 1031 3318 duee
1051 3277 1162 3319 libro

294 3331 362 3374 Ma
394 3334 436 3373 in
473 3334 546 3375 ubi
575 3340 798 3378 mutatam.
862 3337 943 3388 Qui
978 3336 1062 3377 hoc
1094 3343 1164 3378 te-

295 3398 422 3444 nent,
476 3393 530 3433 iis
581 3400 681 3435 ante
732 3408 817 3435 non
871 3402 1033 3450 puncto
1088 3396 1164 3437 sed

296 3456 510 3493 commate
532 3452 884 3510 distinguendum
908 3457 1004 3499 erit.
1056 3455 1160 3496 Nam

294 3510 367 3551 ubi
396 3511 438 3550 in
464 3512 678 3566 principio
700 3517 912 3556 enuntiati
932 3528 1017 3556 non
1051 3528 1162 3569 pen-

297 3568 440 3610 dentis
472 3573 659 3624 positum
703 3586 779 3627 pro
819 3577 1026 3628 temporis
1059 3581 1162 3615 nota

296 3628 341 3667 in
367 3631 527 3681 protasi
551 3631 746 3673 adhibita
777 3646 1003 3688 perperam
1037 3648 1061 3675 a
1093 3634 1162 3676 le·-

298 3692 431 3740 gentc
466 3691 706 3745 accipitur,
743 3704 884 3749 eoque
917 3694 1162 3737 sententiae

1251 2982 1491 3037 signandae
1531 2994 1616 3022 non
1649 2982 1722 3023 ubi
1758 2981 1836 3023 sed
1865 2981 1926 3023 ibi
1955 2987 2117 3037 aptum.

1253 3041 1519 3082 Commeatus
1583 3053 1684 3082 mox
1745 3042 1970 3083 memorati
2019 3046 2120 3083 sunt

1249 3100 1519 3143 vacationes.

1336 3159 1480 3201 alares
1516 3174 1675 3215 quoque
1708 3159 1979 3202 Pannonios.-
2022 3159 2117 3202 ala-

1249 3232 1318 3259 res
1350 3219 1560 3260 Pannonii
1601 3226 1702 3261 sunt
1733 3219 1894 3262 delecti
1929 3232 1953 3261 e
1985 3225 2119 3276 gente

1249 3277 1600 3332 Pannoniorum,
1649 3279 1892 3321 Pannonici
1938 3279 2012 3335 qui
2064 3291 2118 3320 ex

1250 3338 1541 3379 Romanorum
1573 3339 1821 3381 Pannoniae
1851 3338 2021 3380 militia.

1332 3399 1638 3440 Ανεεανηοεαια
1663 3398 1902 3452 Polybius
1892 3411 1933 3438 in
1961 3409 2116 3439 excer-

1249 3459 1334 3511 ptis
1366 3458 1460 3499 Vlll
1485 3459 1565 3501 25:
1598 3459 1768 3516 Ξέρξου
1789 3456 2117 3532 βαιζιλεὺοντος

1246 3518 1423 3565 πόλεως
1444 3500 1709 3576 Ἀρμόσαιτι
1740 3518 1861 3574 (lege
1877 3514 2115 3574 Ἀρσαμό-

1250 3591 1370 3620 σατα
1416 3577 1592 3646 expleta
1635 3576 1806 3630 syllaba
1855 3575 2046 3633 elapsa),
2091 3573 2114 3629 ἢ

1247 3643 1395 3680 κεῖται
1441 3631 1561 3694 πρὸς
1604 3641 1666 3694 τῷ
1697 3635 1820 3692 zaim
1849 3634 1995 3707 πεδίῳ
2030 3650 2115 3678 κα·

1245 3697 1481 3755 λουμένιιη
1533 3699 1684 3755 μέσον
1732 3677 1990 3753 Εὐφράτου
2035 3696 2116 3738 και
