2280 4004
269 287 328 345 ἦέ
1038 289 1338 348 mulin
1749 323 1790 356 a.
1811 291 1869 357 Διι.
1898 293 2091 358 &3¹26

267 429 447 497 arcere
497 429 696 496 hostem
745 428 869 496 sans
917 431 1152 498 nab-ebat.
1235 446 1403 514 naec,
1463 433 1763 517 manuum
1806 453 1844 505 a
1874 439 2095 508 m

267 520 498 601 [Ostorio
549 535 824 601 Didioque]
867 528 1288 602 propraetoribus
1344 539 1515 605 plures·
1567 543 1659 608 per
1709 546 1870 597 atilios
1929 544 2093 613 gem}

267 626 523 691 coniunxi,
564 629 629 677 ne
677 616 841 679 divisa
879 619 1014 679 haud
1052 629 1268 694 perinde
1302 630 1365 682 ad
1402 633 1696 685 memoriam
1731 634 1809 686 sui
1844 631 2091 688 valerem:

261 706 343 768 Ad
378 718 659 783 temporum
696 718 927 770 ordinem
965 711 1142 776 redeo.

223 804 247 859 5
402 808 604 860 Tiberio
647 807 862 861 Claudio
915 811 1138 877 quintum
1187 812 1368 866 servio
1412 814 1650 868 cornelio
1702 804 1910 885 [orfito]
1964 804 2174 871 tonan

261 890 453 951 sulibu's
503 900 666 953 virilis
722 896 844 969 toga
881 902 1074 971 Neroni
1128 909 1407 971 maturata,
1465 908 1570 973 (suo
1619 904 1971 974 capessendae
2011 910 2093 962 rei

260 990 495 1056 publicae
541 991 724 1044 habilis
771 992 1047 1046 videretur.
1121 995 1184 1047 Et
1221 995 1412 1049 Caesar
1461 995 1837 1051 adulationibus
1885 1004 2092 1054 senatus

260 1081 424 1135 libens
453 1084 623 1150 cessit,
662 1090 716 1135 ut
753 1084 1000 1136 vicesimo
1031 1087 1211 1139 aetatis
1248 1102 1380 1140 anno
1421 1089 1735 1142 consulatum
1761 1091 1897 1144 Nero
1921 1092 2090 1158 iniret,

262 1176 412 1241 atque
448 1174 650 1227 interim
689 1175 985 1243 designatus
1020 1179 1389 1243 proconsulare
1427 1180 1690 1247 imperium
1741 1184 1883 1234 extra
1914 1182 2090 1235 urbem

199 1262 471 1318 inhaberet
507 1282 567 1318 ac
591 1267 828 1334 princeps
866 1268 1138 1320 iuventutis
1178 1269 1533 1336 appellaretur.
1607 1272 1850 1324 Additum
1885 1272 2092 1326 nomine

262 1356 372 1410 eius
411 1358 701 1410 donativum
737 1359 898 1425 militi,
937 1360 1254 1427 congiarium
1293 1360 1479 1427 plebei.
1550 1362 1616 1414 {Et
1644 1362 1848 1415 ludicro
1882 1363 2094 1417 circen-

260 1448 406 1515 sium,
449 1450 584 1516 quod
622 1450 946 1517 acquirendis
983 1450 1122 1519 vulgi
1161 1451 1343 1503 studiis
1383 1450 1644 1518 edebatur,
1678 1452 2003 1507 Britannici&
2036 1455 2094 1506 iii

259 1544 554 1607 praetexta,
592 1542 729 1594 Nero
770 1541 1140 1609 triumphalium
1192 1548 1336 1595 veste
1374 1543 1587 1596 travecti
1627 1543 1758 1597 sitiit.
1832 1529 2095 1613 Spectaret

934 1711 977 1754 2.
1020 1710 1150 1753 ostrio
1185 1708 1263 1753 Ma.
1307 1708 1392 1752 duo
1426 1708 1537 1754 haec
1577 1712 1756 1754 nomina
1787 1711 2091 1757 Freinshemio

751 1770 793 1813 3.
827 1769 1003 1811 coniuaei
1024 1769 1105 1813 Ma.
1163 1771 1348 1826 proinde
1380 1783 1460 1825 per
1478 1777 1624 1813 notam
1648 1770 1764 1814 GMa.
1799 1772 1856 1815 cf.
1878 1772 1932 1815 ad
1958 1775 1987 1827 3
2022 1774 2091 1818 17.

261 1827 302 1869 5.
343 1827 449 1884 Tit]
491 1828 532 1869 T.
569 1829 618 1871 L.
656 1826 737 1870 Ma.
863 1828 995 1882 Orfito
1027 1834 1246 1885 tamquam
1293 1830 1484 1886 glossam
1526 1831 1708 1874 seclusit
1741 1831 1898 1876 editor.
2003 1846 2089 1876 cos.

263 1899 361 1928 cum
394 1887 470 1929 lin.
507 1885 586 1930 Ma.
678 1888 720 1930 6.
756 1888 1047 1944 capescendae
1078 1888 1160 1932 Ma.
1251 1890 1376 1946 rei.p.
1410 1888 1492 1932 Ma.
1590 1892 1658 1935 12.
1693 1890 1978 1937 brittannici&
2008 1891 2090 1936 Ma.

265 1947 333 1990 13.
368 1947 688 2004 triumphalium
719 1945 812 1990 Ma:
853 1947 1103 2006 triumphali
1135 1963 1230 1991 cum
1261 1948 1602 1992 Freinshemius.
1696 1952 1899 1994 travectis
1928 1964 1980 2007 pr
2008 1950 2090 1996 Ma.

381 1709 420 1750 1.
455 1712 697 1764 quanquam
727 1707 809 1752 Ma.

261 1773 440 1810 auctore
473 1769 660 1812 seclusa.

358 2102 386 2130 a
428 2089 586 2131 duobus
641 2088 840 2146 [Ostorio
884 2089 1128 2148 Biduoque]

255 2149 641 2205 propraetoribus.-
704 2149 845 2205 qualis
898 2151 1010 2193 haec
1067 2157 1134 2192 est

261 2208 496 2250 collocatio
520 2215 563 2250 et
583 2208 687 2250 ordo
710 2210 979 2252 verborum?
1012 2209 1131 2252 Scri-

259 2267 366 2309 bere
415 2267 487 2310 hic
535 2275 685 2310 noster
723 2271 865 2323 potuit
892 2276 932 2322 ‘a
973 2269 1132 2311 duobus

254 2327 638 2383 propraetoribus,
690 2328 858 2370 Ostorio
904 2325 1130 2383 Didioque,

259 2393 334 2427 aut
376 2387 429 2429 ab
464 2387 631 2429 Ostorio
668 2389 880 2443 Didioque
905 2391 1132 2445 proprae-

260 2447 435 2490 toribus.
501 2446 555 2488 Ut
586 2461 702 2488 nunc
735 2454 823 2501 est,
879 2461 991 2503 quae
1029 2448 1132 2488 iun-

260 2506 404 2561 genda
438 2513 552 2559 sunt,
587 2507 858 2548 divelluntur
882 2508 1132 2548 nominibus

262 2578 374 2619 quae
407 2565 658 2621 legentibus
692 2580 745 2606 ex
777 2568 977 2620 proxime
1000 2579 1131 2619 prae-

259 2623 421 2678 gressis
455 2625 559 2664 satis
588 2630 690 2665 nota
714 2631 828 2666 sunt.
890 2620 1004 2679 Vere
1040 2626 1132 2682 igi-

258 2687 328 2723 tur
364 2682 555 2739 glossam
589 2687 686 2724 esse
721 2682 887 2724 Ostorio
920 2681 1132 2739 Didio-que

260 2739 589 2784 Freinshemius
622 2739 862 2797 perspexit.

351 2857 454 2914 Cap.
489 2862 561 2903 41.
607 2861 756 2902 Servio
794 2859 995 2902 Cornelio
1021 2859 1130 2916 [Or-

253 2920 378 2974 fito].·
413 2921 494 2960 tria
526 2921 702 2961 nomina
734 2931 899 2973 ponere
936 2933 963 2960 a
992 2918 1129 2960 Taciti

256 2985 378 3019 inore
394 2992 488 3019 cuin
510 2978 743 3020 abhorreat
762 2981 828 3032 (v.
853 2977 905 3019 ad
926 2975 1128 3034 X11130),

258 3039 386 3093 isque
423 3037 593 3079 duobus
627 3036 855 3079 consulum
880 3036 1129 3078 nominibus

256 3101 321 3138 tot
375 3097 483 3138 locis
536 3096 700 3152 ubique
748 3105 795 3138 se
849 3097 1129 3149 continuerit,

256 3161 444 3211 'excepto
479 3155 517 3197 11
559 3158 575 3197 1
611 3156 685 3198 ubi
725 3155 862 3198 Tauro
909 3156 1130 3213 glossato-

256 3217 316 3257 ris
360 3228 493 3270 opera
538 3218 748 3257 insertum
786 3220 892 3257 ‘esse
931 3214 1129 3268 ostendi,

258 3269 503 3331 cognomen
548 3274 743 3317 Cornelii
784 3273 827 3316 h.
872 3273 901 3317 l.
942 3275 1130 3329 positum

257 3328 443 3391 (Orfito)
479 3347 533 3375 ex
564 3334 661 3376 XVl
701 3334 770 3386 12,
804 3332 878 3374 ubi
913 3340 979 3375 est
1011 3335 1131 3375 testi-

253 3395 412 3447 ficante
436 3393 636 3435 Cornelio
657 3393 803 3446 Orfito,
838 3406 863 3433 a
885 3391 1131 3449 glossatore

258 3452 506 3493 adiunctum
567 3466 664 3495 esse
725 3451 887 3493 iudico.
950 3451 1131 3493 Duobus

260 3518 492 3553 contentus
526 3511 608 3552 fuit
641 3512 770 3553 ctiam
794 3510 959 3552 Plinius
981 3511 1019 3552 ΙΙ
1046 3512 1129 3555 31:

259 3577 299 3610 et
330 3578 481 3612 nostra
515 3577 636 3612 actas
666 3570 771 3610 vidit
809 3571 969 3624 (trinos
989 3570 1128 3626 soles)

261 3628 355 3669 divo
409 3628 590 3670 Claudio
633 3629 862 3684 principe,
908 3629 1132 3671 consulatu

262 3687 366 3744 eius,
403 3687 605 3734 Cornelio
640 3687 770 3746 Orfito
804 3687 983 3749 colleqa.
1030 3688 1132 3736 Alia

1218 2091 1263 2131 in
1295 2089 1514 2145 lapidibus
1549 2093 1615 2134 est
1645 2092 1773 2145 r‘atio,
1805 2092 1948 2135 veluti
1977 2093 2092 2148 apud

1217 2149 1486 2191 Fabrettium
1521 2164 1563 2205 p.
1590 2152 1700 2196 472:
1733 2152 1797 2194 Ti.
1824 2151 2090 2196 CLAVDIO.

1219 2207 1490 2252 CAESARE.
1509 2210 1641 2265 AVG.
1668 2210 2007 2254 GERMANICO.
2037 2212 2090 2255 V.

1218 2267 1335 2324 SER.
1382 2267 1675 2312 CORNELIO.
1723 2267 1937 2314 ORFITO.
1971 2269 2090 2314 COS.

1215 2327 1359 2370 Isim.
1393 2327 1653 2371 leICTAl.
1696 2327 1767 2371 ET
1803 2329 2089 2373 SERAPI-'BL

1219 2385 1426 2429 A1D1vs.
1443 2384 1729 2431 SERfflLIAi.
1741 2384 1966 2432 AAIOLAl
1982 2388 2090 2432 ΜΒ.

1215 2446 1563 2491 AMERIMNVS.

1304 2506 1444 2547 virilis
1493 2515 1593 2563 toya
1636 2507 1803 2549 Neroni
1841 2513 2088 2549 maturata:

1217 2566 1342 2605 initio
1392 2565 1521 2607 huius
1574 2568 1675 2607 anni
1726 2565 1840 2608 Nero
1889 2573 2089 2622 quartum

1217 2624 1432 2665 decimum
1474 2627 1630 2666 aetatis
1671 2636 1831 2666 annum
1864 2625 2089 2682 ingressus

1218 2690 1335 2724 erat:
1381 2695 1423 2724 v.
1457 2681 1532 2725 ΧΠ
1569 2682 1625 2726 58
1670 2690 1713 2724 et
1745 2689 1892 2727 annot.
1926 2684 1981 2726 ad
2012 2682 2089 2725 XII

1216 2743 1287 2785 25.
1321 2741 1461 2797 Igitur
1493 2743 1683 2784 triennio
1715 2744 1926 2785 'maturius
1959 2746 2086 2798 quam

1217 2800 1289 2842 lex
1336 2802 1660 2854 praescribebat
1709 2801 1884 2843 virilem
1939 2807 2086 2859 togam

1216 2862 1402 2913 accepit.
1441 2860 1511 2903 ‘Ea
1546 2861 1661 2903 enlin
1693 2860 1986 2904 induebantur
2013 2861 2086 2916 qui

1216 2918 1456 2973 pubertatis
1491 2925 1660 2975 tempus
1690 2918 1838 2975 adepti
1860 2926 1904 2963 et
1921 2919 1976 2962 ad
1995 2926 2086 2962 rem

1216 2978 1447 3021 militarem
1489 2980 1638 3021 idonei
1687 2984 1832 3032 eramt,
1878 2979 2087 3035 pubertas

1216 3043 1362 3078 autem
1434 3039 1486 3080 ab
1551 3048 1664 3079 anno
1725 3039 2086 3093 septimodecimo

1217 3103 1370 3137 exacto
1414 3097 1516 3154 lege
1555 3097 1735 3139 definita
1785 3103 1893 3140 erat.
1957 3095 2084 3139 Conf.

1217 3155 1382 3197 Gellius
1431 3157 1467 3197 X
1508 3155 1607 3199 28..
1642 3155 1792 3198 Livius
1847 3155 1964 3198 xxn
2014 3156 2086 3208 57,

1215 3214 1332 3256 XXV
1365 3216 1406 3258 5.
1442 3212 1698 3257 Plutarchus
1732 3213 1780 3258 C.
1814 3214 2009 3266 Graccho
2042 3215 2084 3258 5.

1214 3273 1463 3316 Huschkius
1507 3276 1550 3315 in
1583 3273 1741 3315 Politia
1782 3275 1925 3319 Servii
1955 3271 2086 3315 Tullii

1214 3343 1256 3387 p.
1294 3332 1394 3376 1⁴43.
1454 3332 1539 3377 Sed
1571 3336 1775 3389 quoniam
1806 3347 1877 3377 res
1909 3332 2086 3388 publica

1214 3400 1301 3433 n'on
1354 3392 1397 3433 id
1446 3393 1696 3448 spectabat,
1746 3399 1794 3434 ut
1839 3393 2084 3448 legitimum

1214 3451 1457 3505 pubertatis
1490 3459 1661 3506 tempus
1694 3453 1739 3493 in
1770 3450 1980 3495 sumenda
2009 3450 2082 3491 vi-

1215 3510 1286 3552 rili
1319 3517 1425 3567 toga
1456 3512 1788 3564 observaretur,
1829 3509 1907 3552 sed
1939 3508 2083 3563 potius

1216 3570 1475 3624 providebat
1516 3584 1572 3611 ne
1613 3570 1800 3624 puberes
1847 3581 1898 3609 ac
1943 3567 2084 3622 septi-

1215 3628 1549 3671 mumdecimum
1599 3639 1757 3670 annum
1804 3628 1974 3683 egressi
2017 3628 2083 3669 rei

1214 3688 1391 3732 militari
1412 3700 1459 3734 se
1475 3686 1797 3745 subtraherent,
1823 3685 1976 3734 eadem
1994 3690 2083 3731 non
