2280 4004
146 1181 218 1231 65

231 322 258 354 a
290 307 338 355 G.
370 311 446 358 62:
786 308 951 353 LIBER
981 306 1095 353 xlvi
1160 304 1268 353 Ost.
1303 308 1496 356 63—65.
1967 303 2059 353 &ff

233 454 343 506 cior
379 451 607 518 saevitia,
647 449 782 518 quod
819 456 966 519 caput
1002 455 1304 518 amputatum
1339 450 1594 517 latumque
1631 449 1686 502 iu
1718 447 1894 501 urbem
1927 448 2062 516 Pop-

229 558 357 610 paea
393 543 592 595 viderit.
664 542 811 599 Dona
848 541 912 599 ob
961 541 1089 593 haec
1123 540 1331 608 templis,
1382 540 1589 605 decreta
1602 558 1629 607 3,
1670 555 1799 607 quae
1837 539 1900 591 ad
1947 555 2061 592 eum

229 634 378 686 finem
422 627 838 698 memoravimuS,
894 637 949 684 ut
998 632 1298 700 quicumque
1346 643 1494 686 casus
1538 637 1816 699 temporum
1862 630 2062 683 illorum

229 723 380 775 nobis
417 723 500 774 vel
531 723 643 774 aliis
668 722 959 774 auctoribus
979 727 1211 788 noscent,
1249 727 1622 789 praesumptum
1661 722 1897 788 habeant,
1932 736 2065 789 quo-

228 814 360 866 tiens
397 813 547 880 fugas
584 819 633 865 et
671 814 857 866 caedes
880 814 1026 866 iussit
1057 814 1310 880 princepS,
1345 814 1531 866 totiens
1564 819 1737 882 grates
1773 814 1880 867 deis
1903 818 2103 879 actas,5

231 918 459 971 quaeque
492 919 661 955 rerum
693 903 1031 956 secundarum
1059 903 1197 970 olim,
1234 908 1338 954 turn
1373 904 1607 970 publicae
1641 903 1799 956 cladis
1840 903 2064 971 insignia

230 995 404 1047 fuisse.
478 994 653 1061 Neque
701 999 871 1047 tamen
922 994 1213 1060 silebimuS,
1273 995 1317 1047 si
1367 995 1501 1062 quod
1537 1000 1743 1048 senatus
1783 995 2064 1048 consultum

230 1080 521 1137 adulatione
556 1094 747 1135 novum.
783 1086 868 1139 aut
905 1080 1146 1149 patientia
1178 1088 1485 1150 postremum
1520 1085 1627 1136 fuit.

378 1171 572 1228 Eodem
625 1189 758 1226 anno
810 1174 1106 1227 libertorum
1156 1175 1449 1242 potissimos
1496 1192 1695 1230 veneno
1744 1174 2066 1231 interfecisse

225 1265 456 1331 >creditus
492 1270 596 1330 est,
633 1260 986 1331 Doryphorum
1024 1265 1168 1330 quasi
1205 1265 1527 1319 adversatum
1562 1268 1748 1333 nuptiis
1783 1269 2062 1334 Poppaeae,
2081 1293 2131 1330 ω

230 1356 519 1421 Pallantem,
560 1355 697 1421 quod
730 1355 1023 1406 immensam
1054 1355 1322 1421 pecuniam
1360 1355 1517 1424 longa
1556 1364 1766 1409 senecta
1797 1359 2062 1411 detineret.

230 1444 485 1510 Romanus
523 1445 737 1498 secretis
771 1444 1206 1510 criminationibus
1243 1446 1569 1500 incusaverat
1610 1449 1855 1502 Senecam
1891 1453 1945 1500 ut
1973 1447 2066 1500 Gai

230 1533 426 1591 Pisonis
460 1538 681 1601 socium;
717 1536 809 1589 sed
849 1534 1065 1596 validius
1104 1537 1355 1595 aSeneca
1395 1537 1576 1592 eodem
1614 1537 1826 1591 crimine
1861 1538 2068 1605 percul-

227 1645 316 1685 sus
350 1635 446 1682 est.
519 1627 663 1681 Unde
698 1628 870 1680 Pisoni
907 1628 1084 1694 timor,
1141 1633 1190 1681 et
1241 1634 1353 1681 orta
1387 1629 1684 1686 insidiarum
1722 1630 1774 1682 in
1808 1630 2064 1683 Neronem

227 1734 411 1790 magna
449 1719 639 1785 moles,
675 1718 769 1770 sed
802 1718 1115 1784 inprospera.

352 1831 390 1878 1.
422 1832 545 1876 seuit.
578 1828 660 1875 Ma.

225 1886 319 1936 Ma:
369 1892 450 1936 hoc
504 1886 551 1933 G.

229 1958 365 1994 creta.
516 1950 628 2006 quod
669 1945 803 2005 vulgo
852 1955 1093 2003 praeeunte
1141 1948 1398 1991 Puteolano.

228 2011 367 2056 edent„
481 2010 524 2052 3.
570 2008 894 2055 memorabimus
946 2007 1074 2050 Giua:
1117 2010 1309 2052 correxit
1347 2008 1519 2051 Puteol.
1641 2016 1687 2052 ut
1732 2019 1802 2049 om
1843 2006 1936 2050 Ma:
1983 2007 2066 2048 ha-

229 2071 304 2129 het
337 2069 386 2114 G.
510 2069 715 2124 quietique
744 2065 826 2110 Ma.
933 2069 976 2121 4.-
1007 2075 1179 2109 nossent
1209 2068 1302 2110 Ma:
1335 2075 1512 2110 noscent
1544 2067 1591 2111 G.
1713 2068 1754 2111 6.
1784 2067 1954 2123 publice
1983 2064 2065 2108 Ma.

229 2130 272 2172 8.
304 2123 554 2171 adulatione
579 2126 660 2170 Ma.
748 2124 818 2170 10.
851 2120 1123 2168 adversatum
1153 2140 1369 2182 superscr.
1402 2140 1511 2180 rum,
1546 2126 1648 2168 huic
1678 2140 1702 2169 a
1734 2127 1901 2168 recenti
1936 2137 2067 2169 manu

230 2198 302 2230 ros
332 2183 413 2231 Ma.
513 2189 581 2229 11.
613 2188 717 2228 inm.
747 2180 830 2227 Ma.
923 2184 990 2229 12.-
1029 2186 1078 2227 G.
1099 2184 1179 2228 Ma.
1256 2189 1323 2229 14.
1356 2199 1517 2228 nerone
1541 2184 1629 2228 Ma:
1664 2185 1697 2228 G
1727 2188 1907 2227 nerone‘.
1996 2185 2065 2228 15.

229 2248 334 2364 ἴση)
356 2245 514 2348 eltbfflfl.
569 2306 578 2314 ἱ
609 2239 818 2347 foraelifg
835 2243 982 2347 Ταιῖἷξι
1001 2243 1110 2286 liber
1140 2252 1316 2300 quartus
1345 2245 1531 2288 decimus
1550 2244 1737 2301 explicit.
1771 2245 1908 2302 Incip.
1942 2246 2066 2300 (cum

250 2321 308 2350 m.
383 2322 399 2348 ι
428 2319 476 2347 er
505 2318 675 2360 quanm·
758 2317 891 2347 eunus
980 2325 996 2346 „v

2091 1726 2141 1764 1³

731 1843 902 1887 poppea
932 1824 1027 1884 Ma„
1085 1831 1128 1874 2.
1162 1825 1318 1873 viderit
1349 1829 1515 1872 editor:
1549 1826 1724 1873 codices
1753 1829 1871 1873 vidit.
1957 1828 2067 1872 haec

671 1887 869 1942 decreta3
918 1889 1046 1946 quae]
1091 1888 1344 1944 decretaque
1375 1888 1465 1943 Ma,
1509 1890 1707 1944 decreta,
1753 1902 1861 1945 quae
1894 1888 1949 1943 G,
1988 1889 2068 1931 de-

1549 1963 1645 1992 eum
1686 1960 1755 1992 om
1805 1947 1891 1991 Ma:
1942 1950 1987 1990 in
2033 1946 2069 1990 G

315 2419 423 2462 quae
445 2404 503 2446 ad
526 2419 619 2446 eum
631 2403 760 2458 finem
782 2400 1106 2445 memoravimus

232 2474 354 2521 ηψπ
387 2464 502 2506 dona
533 2463 709 2517 templis
728 2456 905 2504 decreta
933 2474 1105 2504 memo*

234 2525 348 2567 ravit
392 2536 479 2566 non
519 2529 735 2578 tamquam
781 2534 860 2576 per
900 2534 952 2565 se.
987 2527 1105 2564 esset

234 2596 374 2640 grave.
401 2588 476 2625 aut
507 2594 604 2624 raro
639 2581 899 2636 admissum,
939 2580 1017 2623 sed
1057 2587 1105 2626 ut

234 2640 394 2698 addere
425 2648 575 2697 posset
607 2638 719 2682 hanc
747 2640 1103 2693 admonitionem,

235 2707 380 2759 grates
421 2699 671 2742 numinibus
710 2697 907 2741 decretas
955 2705 999 2740 et
1038 2699 1104 2740 si-

232 2760 355 2802 milia
407 2759 595 2802 ludibria
642 2768 817 2812 semper
867 2763 1104 2800 consecuta

234 2830 333 2863 cue
365 2823 465 2873 post
496 2819 624 2875 fugas
646 2823 690 2859 et
711 2818 913 2859 caedesa
930 2816 1103 2858 Nerone

235 2879 399 2929 iussas,
448 2878 646 2933 quamvis
691 2878 792 2930 ipse,
844 2875 1103 2931 plerumque

236 2935 346 2980 haec
376 2934 542 2978 referre
567 2935 779 2977 omiserit.
868 2948 1003 2991 neque
1031 2942 1102 2975 ta-

234 3006 330 3037 men
361 2995 599 3048 silebimus,
630 2994 668 3036 εἰ
700 3017 756 3025 —-
787 2993 896 3049 fuit:
943 2993 988 3034 id
1020 3005 1101 3035 usu

235 3055 359 3097 venit
389 3054 467 3096 XV
501 3055 581 3107 74,
625 3058 669 3095 et
707 3053 882 3107 saepius
914 3051 1101 3095 fortasse

234 3115 280 3156 in
312 3113 436 3156 libris
467 3112 720 3167 deperditis.

323 3170 430 3226 Cap.
473 3172 546 3215 65.
609 3171 934 3226 Doryphorum:
985 3170 1102 3213 conf.

235 3230 318 3273 Dio
351 3230 443 3273 LXI
473 3232 516 3284 5,
551 3231 623 3286 qui
657 3229 773 3272 hunc
810 3230 1014 3272 libertum
1047 3225 1103 3273 τὰ

235 3291 315 3344 τῆς
347 3287 489 3348 ἀρχῆς
519 3291 671 3347 βιβλία
716 3289 940 3334 διέποντα
983 3289 1104 3330 desi-

238 3354 356 3405 gnat.
420 3348 538 3390 Haec
591 3349 635 3389 in
685 3346 867 3388 libertos
919 3348 1102 3389 saevitia

237 3409 439 3462 pessimis
485 3407 628 3449 causis
661 3411 705 3447 et
737 3406 866 3448 foeda
898 3405 1102 3460 cupidine

237 3470 432 3510 exercita
467 3472 733 3522 postremum
768 3471 834 3506 est
865 3479 1102 3521 argumen-

219 3531 350 3580 ⁸tum,
396 3529 441 3569 in
484 3527 626 3567 animo
658 3524 842 3565 Neronis
875 3526 957 3566 iam
991 3523 1101 3565 nihil

233 3581 410 3628 honesti
443 3585 635 3640 bonique
669 3583 870 3625 relictum
906 3596 1018 3625 esse.

317 3644 393 3688 sed
430 3645 708 3703 inprospera:
757 3640 872 3698 quod
913 3643 959 3683 in
1000 3639 1103 3684 GMa

1191 2399 1380 2460 legimus
1411 2411 1473 2459 et,
1508 2404 1552 2445 id
1586 2416 1638 2446 ex
1670 2410 1745 2456 set,
1778 2402 1925 2444 littera
1956 2417 1976 2444 s
2008 2401 2061 2444 ab

1191 2469 1449 2519 antegresso
1484 2464 1615 2505 moles
1647 2463 1864 2517 absorpta,
1898 2467 2061 2504 natum.

1190 2521 1321 2564 Certe
1352 2523 1617 2565 intensivum
1651 2521 1760 2564 illud
1792 2529 1855 2575 et,
1899 2519 2016 2576 quod
2045 2518 2064 2562 1

1193 2582 1246 2624 13
1264 2581 1452 2638 aliisque
1485 2582 1594 2623 locis
1626 2581 1830 2637 legimuS,
1861 2579 1932 2622 hic
1960 2584 2063 2634 post

1190 2647 1230 2681 et
1271 2647 1368 2682 orta
1414 2667 1460 2674 -—
1506 2641 1636 2683 moles
1679 2639 1918 2683 succedere
1957 2644 2060 2694 apte

1188 2700 1356 2756 nequit.

1293 2759 1333 2801 A
1377 2760 1522 2811 capite
1561 2757 1615 2800 57
1659 2768 1797 2813 usque
1837 2755 1890 2799 ad
1923 2756 2055 2797 finem

1189 2816 1319 2859 huius
1373 2816 1473 2858 libri
1523 2816 1695 2858 Tacitus
1742 2817 1824 2857 tria
1875 2815 2062 2857 Neronis

1189 2875 1387 2917 facinora
1429 2875 1640 2918 narrando
1683 2875 1920 2931 diligenter
1953 2885 2062 2916 exe-

1189 2941 1315 2977 cutus
1349 2940 1441 2988 est,
1486 2934 1644 2990 quibus
1686 2947 1820 2976 saeva
1861 2932 2063 2975 Caesaris

1189 2992 1361 3036 indoles
1382 2999 1426 3035 et
1451 2995 1620 3035 animus
1645 2992 1833 3035 immane
1856 2998 2061 3049 quantum

1190 3059 1421 3108 corruptus
1452 3053 1761 3106 declararetur,
1794 3052 1892 3093 dico
1917 3051 2061 3093 Plauti

1188 3125 1243 3153 ac
1260 3113 1408 3154 Sullae
1429 3112 1622 3164 caedem,
1656 3111 1865 3153 Octaviae
1896 3111 2062 3152 crimen

1190 3171 1372 3212 exilium
1384 3171 1529 3222 finem,
1552 3170 1734 3213 libertos
1749 3169 1892 3221 foedis
1918 3169 2061 3211 causis

1189 3235 1384 3271 necatos.
1449 3229 1569 3280 Quae
1603 3235 1650 3270 ut
1676 3228 1833 3278 melius
1866 3227 2060 3284 legentis

1190 3289 1333 3329 animo
1369 3286 1707 3341 inprimerentur
1740 3292 1783 3328 et
1810 3287 2059 3340 expectatio

1189 3359 1241 3388 ac
1274 3348 1416 3398 timor,
1446 3343 1560 3401 ⁴quae
1592 3346 1693 3388 inde
1727 3350 1825 3400 post
1848 3349 2061 3387 eventura

1186 3407 1290 3458 sint,
1314 3406 1453 3461 magis
1474 3406 1752 3457 excitaretur,
1786 3417 1900 3446 neve
1927 3403 2059 3446 rebus

1189 3466 1382 3506 externis
1430 3463 1645 3506 adiunctis
1699 3464 1828 3505 nimis
1885 3463 2059 3506 diversa

1189 3529 1472 3577 componeret
1509 3527 1683 3575 auctor,
1733 3521 1848 3563 hunc
1900 3522 2058 3570 librum

1187 3582 1279 3636 iam
1303 3595 1418 3622 nunc
1451 3581 1712 3623 concludere
1746 3586 1847 3623 ante
1892 3581 2058 3628 exitum

1188 3640 1289 3682 anni
1320 3640 1477 3683 voluit.
1531 3638 1597 3684 Of.
1631 3645 1778 3684 annot.
1812 3636 1977 3687 adxli
2013 3641 2054 3687 1.
