2280 4004
235 293 324 339 '10⁸

961 295 1253 342 ANNALIVM
1266 296 1269 298 ’

1804 314 1844 348 a.
1873 291 1921 348 ἰιῖ
1939 292 2058 351 ‚769³

231 438 414 491 flumen
451 439 696 492 Amisiam
736 441 944 493 Oceano
982 441 1190 494 invexit.
1265 443 1343 494 Ac
1379 443 1540 510 primo
1576 439 2063 515 placidum5=2aequor

232 530 368 582 mille
404 531 605 582 navium
643 532 798 582 remis
836 537 1063 599 strepere
1099 538 1183 584 aut
1218 534 1346 609 Ῡςῑῇε
1382 535 1606 609 impelli:
1659 550 1780 588 mox
1815 532 2063 591 ateo‘f‘vm-

231 621 365 674 bium
402 622 558 689 globo
598 621 759 673 effusa
800 624 1027 691 grando,
1067 625 1214 676 simul
1248 608 1669 694 variis''⁷'und‘i‘que
1705 629 1945 695 procellis
1982 629 2066 680 in-

233 713 358 764 certi
393 714 572 765 fluctus
606 720 928 781 prospectum
955 715 1198 782 adimere,
1238 719 1467 785 regimen
1504 720 1778 786 impedire3
1819 719 2075 788 milesque·

193 804 443 871 spavidus
486 811 536 856 et
569 821 774 857 casuum
811 808 964 859 maris
1006 808 1214 876 ignarus
1265 809 1381 861 dum
1427 811 1594 862 turbat
1634 816 1814 863 nautas
1851 811 1934 864 vel
1981 812 2065 863 in·-

230 897 527 962 tempestive
563 897 715 963 iuvat,
757 899 924 950 officia
961 901 1278 966 prudentium
1319 904 1688 970 corrumpebat.

1763 905 1925 957 Omne
1963 904 2064 955 de-

228 985 347 1038 hinc
386 988 581 1039 eaelum
634 994 684 1040 et
730 1006 870 1042 mare
917 1006 1066 1043 omne
1117 993 1437 1066 iii-”austrum
1489 995 1668 1066 cessit,
1724 996 1810 1062 qui
1857 995 2076 1070 Qfflffis,

228 1077 532 1131 Germaniae
571 1081 738 1147 terris,
773 1071 1045 1148 profundis
1085 1085 1331 1150 amnibus,
1369 1066 1615 1138 immenso
1655 1086 1861 1138 nubium
1897 1092 2063 1139 tractu

226 1170 442 1236 validus,
484 1176 534 1222 et
566 1172 741 1240 rigore
782 1174 937 1225 vicini
977 1177 1337 1242 septentrionis
1372 1178 1656 1244 horridior,
1696 1179 1862 1246 rapuit
1902 1178 2065 1231 disie-

166 1271 214 1309 no
230 1262 398 1328 citque
445 1278 603 1315 naves
649 1265 701 1331 in
744 1271 914 1331 aperta
956 1268 1149 1319 Oceani
1191 1274 1274 1319 aut
1311 1269 1503 1321 insulas
1539 1271 1678 1321 saxis
1719 1269 1947 1335 abruptis
1980 1253 2103 1336 veli

225 1368 318 1420 per
358 1354 556 1405 occulta
593 1354 725 1406 vada
764 1356 993 1408 infestas.

1091 1359 1283 1420 Quibus
1330 1361 1530 1426 paulum
1577 1375 1835 1428 aegreque
1869 1359 2059 1425 vitatiS,

2106 383 2206 443 a*
2267 430 2269 432 ,

2097 1340 2114 1417 i

224 1450 489 1512 postquam
528 1446 751 1498 mutabat
789 1453 957 1499 aestus
992 1449 1275 1516 eodemque
1315 1466 1413 1517 quo
1463 1457 1644 1503 ventus
1685 1452 2061 1517 serebat,1non
2121 1493 2141 1497 .-

226 1535 508 1589 adhaerere
546 1538 768 1603 ancoris,
799 1554 902 1589 non
937 1540 1209 1592 exhaurire
1243 1542 1572 1609 inrumpentis
1604 1544 1769 1595 undas
1796 1547 2058 1610 poterant:

226 1627 342 1694 equi
377 1628 595 1680 iumenta
634 1630 895 1696 sarcinae,
945 1632 1094 1684 etiam
1135 1649 1273 1686 arma
1313 1635 1739 1701 praecipitantur,
1781 1648 1879 1702 quo
1915 1634 2062 1687 leva-

162 1724 402 1772 urentur
448 1720 578 1772 alvei
636 1728 899 1775 manantes
958 1739 1051 1791 per
1100 1725 1294 1791 latera,
1365 1732 1414 1777 et
1466 1726 1619 1778 fluctu
1670 1731 2055 1794 superurgente.

225 1812 423 1872 Quanto
477 1792 754 1865 violentior
803 1819 976 1865 cetero
1032 1817 1158 1867 mari
1198 1818 1432 1868 Oceanus
1483 1824 1531 1868 et
1579 1817 1879 1870 truculentia
1927 1817 2144 1870 caeli24

221 1908 444 1970 praestat
483 1903 769 1970 Germania,
810 1911 998 1958 tantum
1035 1907 1118 1958 illa
1157 1908 1328 1959 clades
1362 1909 1589 1960 novitate
1627 1914 1676 1961 et
1709 1909 2058 1977 magnitudine

227 1996 467 2061 excessit,
506 1995 771 2048 hostilibus
803 1998 992 2049 circum
1023 1999 1272 2065 litoribuS,
1306 2006 1390 2051 aut
1421 2001 1489 2052 ita
1521 2006 1666 2053 vasto
1705 2006 1755 2053 et
1784 1999 2057 2067 profundo,
2082 2001 2250 2073 ζ’ῃψηῇ

341 2140 379 2181 l.
409 2152 533 2194 prmo
568 2139 621 2181 Μ.
716 2142 744 2183 2
777 2146 820 2182 et
852 2143 895 2184 4.
928 2141 1017 2198 inp.
1052 2142 1107 2184 Μ.

220 2266 452 2310 Oberlinus
485 2267 679 2322 Thucyd.
712 2268 860 2325 11,19:
905 2270 985 2314 τοῦ
1019 2275 1107 2315 θέο-

149 2358 153 2364 -
220 2343 330 2386 ρους
359 2331 438 2370 καὶ
471 2332 551 2371 τοῦ
587 2333 716 2372 σίτου
752 2329 1056 2388 α’κμάζοντος.

308 2386 477 2428 εἀιηίἀίε
505 2387 764 2429 Germaniae
798 2390 947 2430 terris:
985 2388 1094 2431 Ger—

218 2447 388 2487 maniae
424 2451 565 2488 terrae
598 2453 764 2490 tument
796 2449 1016 2490 montibus
1051 2455 1094 2491 et

218 2505 427 2559 saltibus3
473 2508 684 2548 montium
725 2510 841 2549 enim
885 2510 990 2565 iuga
1023 2516 1092 2550 tu-

217 2579 356 2607 mores
382 2572 524 2607 terrae
547 2573 661 2619 sunt,
695 2573 741 2607 ut
762 2568 953 2609 Pichena
981 2581 1093 2623 poe-

217 2627 334 2667 ticae
375 2624 580 2666 dictionis
626 2639 781 2668 vocem
815 2628 984 2668 tumidis
1016 2640 1093 2681 per

216 2685 448 2728 montuosis
469 2691 589 2726 recte
615 2686 919 2740 explicaverit.
963 2685 1089 2728 Conf.

219 2743 346 2787 Ovid.
381 2743 560 2786 Heroid.
596 2745 621 2787 5
658 2744 767 2787 138:
799 2747 846 2786 in
877 2747 1092 2788 immensis

219 2818 303 2859 qua
345 2809 471 2845 tumet
515 2803 597 2846 Ida
636 2805 760 2861 iugis.
859 2805 1008 2847 Amor.
1057 2805 1094 2846 11

222 2863 275 2906 16
317 2863 399 2905 51:
466 2864 613 2904 tumidi
666 2864 866 2906 subsidite
915 2871 1090 2907 montes.

217 2922 350 2963 Tacit.
366 2922 471 2977 Agr.
489 2924 564 2966 10:
599 2925 792 2965 rariores
808 2931 951 2966 terrae
967 2938 1092 2966 mon-

219 2988 373 3036 tesque,
396 2995 530 3022 causa
562 2996 615 3023 ac
645 2985 831 3024 materia
864 2991 1091 3040 tempesta-

220 3048 320 3083 tum.
386 3040 556 3083 Montes
602 3041 777 3097 quidem
822 3045 865 3083 in
907 3050 1091 3097 septen-

218 3099 478 3143 trionalibus
525 3099 782 3143 Germaniae
833 3102 1090 3158 regionibus

218 3173 306 3202 non
339 3166 453 3212 sunt,
487 3159 566 3202 sed
597 3160 639 3201 id
673 3160 746 3202 hic
777 3168 924 3203 noster
956 3162 1091 3216 probe

219 3221 364 3262 sciens
388 3232 474 3261 non
495 3220 670 3274 scripsit
693 3220 861 3263 tumidis
881 3220 968 3262 illis
1001 3230 1091 3263 ter-

218 3280 294 3332 ris,
327 3278 406 3320 sed
439 3280 607 3321 tumidis
642 3280 904 3322 Germaniae
937 3282 1090 3322 terris.-

220 3345 367 3381 auster
397 3340 512 3380 enim
546 3338 647 3380 dum
682 3353 736 3381 ex
771 3342 888 3396 iugis
921 3340 1092 3382 mediae

222 3398 478 3439 Germaniae
510 3400 553 3439 in
598 3405 746 3453 aperta
781 3404 824 3440 et
856 3400 983 3454 plana
1018 3413 1093 3441 se-

220 3457 483 3510 ptentrionis
529 3460 738 3512 erumpit,
786 3461 902 3501 vires
944 3466 1091 3515 auget.

222 3514 442 3557 Converte
476 3516 551 3556 der
584 3517 650 3557 bei
678 3519 959 3560 Germaniens
991 3522 1093 3574 auf-

221 3573 890 3632 9escliwellterLiinder-Masse,
924 3579 989 3620 bei
1007 3580 1094 3620 sei-

224 3647 310 3676 nen
341 3636 474 3688 tiefen
502 3634 713 3688 Stramen,
746 3638 794 3677 in
822 3652 1095 3695 ungentesse-

224 3705 321 3739 nem
376 3691 652 3750 Wotkenzuqe
706 3695 915 3754 machtiq,
985 3697 1096 3740 auch.

1658 2144 1726 2186 13.
1762 2144 1967 2187 anchoris
2000 2144 2055 2187 Μ.

1201 2144 1242 2184 5.
1279 2156 1474 2184 cassuum
1507 2142 1560 2184 Μ.

1184 2271 1319 2312 durch
1339 2272 1420 2312 den
1444 2271 1567 2313 Frost
1596 2273 1668 2314 des
1696 2273 1841 2315 nahen
1859 2273 2058 2316 Nordens

1180 2331 1441 2386 97·i7nmi9ev·,
1489 2337 1572 2372 cet.
1644 2331 1854 2374 Immenso
1886 2333 2059 2375 nubium

1181 2397 1323 2431 tractu
1356 2389 1574 2431 ablativus
1608 2391 1847 2444 praedicati
1881 2397 1947 2433 est
1980 2395 2055 2448 qui

1181 2449 1363 2501 dicitur,
1412 2461 1499 2489 non
1544 2463 1714 2491 causam
1750 2450 1937 2492 indicat:
1971 2465 2057 2493 nu-

1179 2509 1298 2550 bium
1333 2509 1448 2550 enim
1495 2513 1661 2556 tractus.
1700 2515 1744 2551 et
1783 2511 1878 2565 ipse
1921 2517 2055 2554 vento

1181 2568 1384 2609 eflicitur.
1468 2567 1557 2609 Alii
1610 2570 1876 2624 interpretes
1919 2569 2056 2628 longe

1179 2628 1376 2682 quaesita
1407 2627 1696 2679 protulerunt.
1758 2630 1832 2671 Sic
1852 2629 2055 2672 walthe-

1179 2700 1250 2727 rus
1273 2687 1455 2728 tumidas
1481 2686 1567 2728 dici
1591 2689 1762 2741 putavit
1795 2687 2054 2732 humiditate

1178 2752 1223 2788 et
1271 2745 1542 2802 pinguedine
1597 2752 1851 2804 tu1·genteS‚
1915 2748 2054 2790 fretus

1182 2805 1358 2860 Virgilii
1394 2804 1552 2862 Georg.
1587 2805 1624 2847 ll
1655 2808 1766 2860 324,
1828 2807 1900 2848 ubi
1955 2822 2054 2850 vere

1179 2872 1338 2906 tument
1369 2872 1538 2917 terrae,·
1585 2864 1663 2907 sed
1706 2867 1779 2922 qui
1824 2868 1920 2908 eius
1964 2866 2052 2910 loci

1181 2930 1432 2966 contextum
1461 2923 1715 2981 perlegerit,
1749 2925 1885 2968 facile
1912 2926 2055 2969 intel-

1179 2984 1290 3040 liget
1331 2983 1446 3024 hunc
1498 2985 1675 3027 minime
1716 2986 2051 3040 comparandum

1177 3043 1330 3084 fuisse.

1178 3162 1440 3202 attractione
1472 3175 1593 3202 mare
1633 3161 1832 3216 sequitur
1869 3161 2050 3203 verbum

1179 3221 1395 3271 credatur,
1430 3233 1516 3262 non
1550 3232 1695 3262 casum
1720 3222 1940 3262 nominum
1971 3220 2051 3263 ad-
2083 3213 2090 3269 ἔ

1181 3281 1440 3322 iectivorum
1472 3287 1590 3322 vasto
1626 3286 1666 3321 et
1691 3281 1925 3336 profundo.
2047 3289 2087 3335 *g

1267 3339 1524 3395 Anyrivarii
1563 3354 1703 3396 nuper
1740 3341 1787 3381 in
1814 3340 1942 3394 fidem
1968 3350 2053 3381 ao-

1180 3401 1316 3455 cepti:
1360 3401 1528 3456 accepti
1566 3399 1719 3441 scribit
1759 3404 1961 3440 accurate
2008 3403 2053 3439 et

1181 3471 1301 3510 vere,
1336 3458 1466 3514 idque
1492 3472 1577 3499 non
1612 3470 1688 3514 pro
1713 3459 1874 3514 recepti
1904 3456 2050 3511 aliqua

1181 3518 1484 3575 negligentiae
1518 3518 1645 3572 culpa
1688 3516 1848 3558 dictum
1883 3518 1969 3567 est,
1999 3519 2050 3556 'ut

1181 3577 1457 3619 statuendum
1490 3579 1543 3619 iis
1590 3577 1662 3631 qui
1697 3589 1734 3616 c.
1766 3575 1796 3617 8
1826 3574 2050 3630 Angriva-

1182 3639 1366 3690 riorum,
1409 3649 1498 3679 non
1529 3636 1893 3687 Amsivanorum,
1936 3634 2049 3675 tueri

1180 3695 1348 3749 volent,
1381 3694 1456 3739 sed
1487 3707 1623 3752 nuper
1653 3693 1699 3735 in
1725 3693 1852 3749 fidem
1883 3693 2052 3752 accepti

2062 3079 2094 3098 Ὦ,

1268 3102 1372 3155 Cap.
1397 3101 1468 3145 24.
1512 3116 1658 3143 mare.-
1694 3102 1783 3143 leni
1806 3108 2052 3144 structurae
2091 3117 2094 3155 ῑ
