<?xml version="1.0" encoding="UTF-8"?>
<!DOCTYPE html PUBLIC "-//W3C//DTD XHTML 1.0 Transitional//EN"
    "http://www.w3.org/TR/xhtml1/DTD/xhtml1-transitional.dtd">
<html xmlns="http://www.w3.org/1999/xhtml" xml:lang="en" lang="en">
 <head>
  <title>
</title>
<meta http-equiv="Content-Type" content="text/html;charset=utf-8" />
  <meta name='ocr-system' content='tesseract 3.04.00' />
  <meta name='ocr-capabilities' content='ocr_page ocr_carea ocr_par ocr_line ocrx_word'/>
</head>
<body>
  <div class='ocr_page' id='page_1' title='image "./operaadcodicesan01taciuoft_0719.png"; bbox 0 0 2280 4004; ppageno 0'>
   <div class='ocr_carea' id='block_1_1' title="bbox 205 286 420 332">
    <p class='ocr_par' dir='ltr' id='par_1_1' title="bbox 205 286 420 332">
     <span class='ocr_line' id='line_1_1' title="bbox 205 286 420 332; baseline 0.014 -3"><span class='ocrx_word' id='word_1_1' title='bbox 205 300 230 329; x_wconf 88' lang='lat' dir='ltr'>a</span> <span class='ocrx_word' id='word_1_2' title='bbox 264 286 327 331; x_wconf 80' lang='lat' dir='ltr'>G.</span> <span class='ocrx_word' id='word_1_3' title='bbox 347 287 420 332; x_wconf 86' lang='lat'>64.</span> 
     </span>
    </p>
   </div>
   <div class='ocr_carea' id='block_1_2' title="bbox 801 288 1093 335">
    <p class='ocr_par' dir='ltr' id='par_1_2' title="bbox 801 288 1093 335">
     <span class='ocr_line' id='line_1_2' title="bbox 801 288 1093 335; baseline 0.01 -3"><span class='ocrx_word' id='word_1_4' title='bbox 801 288 967 335; x_wconf 87' lang='lat' dir='ltr'>LIBER</span> <span class='ocrx_word' id='word_1_5' title='bbox 997 292 1093 335; x_wconf 89' lang='lat' dir='ltr'>XV.</span> 
     </span>
    </p>
   </div>
   <div class='ocr_carea' id='block_1_3' title="bbox 1158 282 2032 341">
    <p class='ocr_par' dir='ltr' id='par_1_3' title="bbox 1158 282 2032 341">
     <span class='ocr_line' id='line_1_3' title="bbox 1158 282 2032 341; baseline 0.008 -7"><span class='ocrx_word' id='word_1_6' title='bbox 1158 291 1263 335; x_wconf 56' lang='lat' dir='ltr'>cir.</span> <span class='ocrx_word' id='word_1_7' title='bbox 1297 282 1491 338; x_wconf 71' lang='lat'>32-35.</span> <span class='ocrx_word' id='word_1_8' title='bbox 1939 301 2032 341; x_wconf 79' lang='lat'>269</span> 
     </span>
    </p>
   </div>
   <div class='ocr_carea' id='block_1_4' title="bbox 116 432 2028 503">
    <p class='ocr_par' dir='ltr' id='par_1_4' title="bbox 116 432 2028 503">
     <span class='ocr_line' id='line_1_4' title="bbox 116 432 2028 503; baseline 0.003 -20"><span class='ocrx_word' id='word_1_9' title='bbox 116 432 355 484; x_wconf 79' lang='lat' dir='ltr'>34etiam</span> <span class='ocrx_word' id='word_1_10' title='bbox 395 433 604 485; x_wconf 90' lang='lat' dir='ltr'>militum</span> <span class='ocrx_word' id='word_1_11' title='bbox 643 435 910 501; x_wconf 79' lang='lat' dir='ltr'>manipuli,</span> <span class='ocrx_word' id='word_1_12' title='bbox 966 435 1215 487; x_wconf 81' lang='lat' dir='ltr'><strong>theatrum</strong></span> <span class='ocrx_word' id='word_1_13' title='bbox 1262 436 1709 501; x_wconf 81' lang='lat' dir='ltr'>Neapolitanorum</span> <span class='ocrx_word' id='word_1_14' title='bbox 1762 438 2028 503; x_wconf 87' lang='lat' dir='ltr'>complent.</span> 
     </span>
    </p>
   </div>
   <div class='ocr_carea' id='block_1_5' title="bbox 198 523 2072 1046">
    <p class='ocr_par' dir='ltr' id='par_1_5' title="bbox 198 523 2072 1046">
     <span class='ocr_line' id='line_1_5' title="bbox 202 523 2031 594; baseline 0.003 -21"><span class='ocrx_word' id='word_1_15' title='bbox 202 523 325 588; x_wconf 89' lang='lat' dir='ltr'>Illic,</span> <span class='ocrx_word' id='word_1_16' title='bbox 369 523 596 590; x_wconf 87' lang='lat' dir='ltr'>plerique</span> <span class='ocrx_word' id='word_1_17' title='bbox 629 529 683 575; x_wconf 89' lang='lat' dir='ltr'>ut</span> <span class='ocrx_word' id='word_1_18' title='bbox 719 525 1105 591; x_wconf 77' lang='lat' dir='ltr'>arbitrabantur,</span> <span class='ocrx_word' id='word_1_19' title='bbox 1147 527 1306 591; x_wconf 90' lang='lat' dir='ltr'>triste,</span> <span class='ocrx_word' id='word_1_20' title='bbox 1336 532 1389 577; x_wconf 88' lang='lat' dir='ltr'>ut</span> <span class='ocrx_word' id='word_1_21' title='bbox 1414 527 1540 592; x_wconf 92' lang='lat' dir='ltr'>ipse,</span> <span class='ocrx_word' id='word_1_22' title='bbox 1566 528 1834 593; x_wconf 87' lang='lat' dir='ltr'>providum</span> <span class='ocrx_word' id='word_1_23' title='bbox 1866 529 2031 594; x_wconf 89' lang='lat' dir='ltr'>potius</span> 
     </span>
     <span class='ocr_line' id='line_1_6' title="bbox 202 615 2034 685; baseline 0.003 -20"><span class='ocrx_word' id='word_1_24' title='bbox 202 618 252 665; x_wconf 89' lang='lat' dir='ltr'>et</span> <span class='ocrx_word' id='word_1_25' title='bbox 285 615 525 665; x_wconf 87' lang='lat' dir='ltr'>secundis</span> <span class='ocrx_word' id='word_1_26' title='bbox 562 615 847 667; x_wconf 85' lang='lat' dir='ltr'>numinibus</span> <span class='ocrx_word' id='word_1_27' title='bbox 873 619 1070 668; x_wconf 85' lang='lat' dir='ltr'>evenit:</span> <span class='ocrx_word' id='word_1_28' title='bbox 1110 632 1225 667; x_wconf 89' lang='lat' dir='ltr'>nam</span> <span class='ocrx_word' id='word_1_29' title='bbox 1259 632 1489 684; x_wconf 83' lang='lat' dir='ltr'>egresse,</span> <span class='ocrx_word' id='word_1_30' title='bbox 1532 618 1614 683; x_wconf 90' lang='lat' dir='ltr'>qui</span> <span class='ocrx_word' id='word_1_31' title='bbox 1650 618 1897 683; x_wconf 86' lang='lat' dir='ltr'>adfuerat,</span> <span class='ocrx_word' id='word_1_32' title='bbox 1936 634 2034 685; x_wconf 93' lang='lat' dir='ltr'>po-</span> 
     </span>
     <span class='ocr_line' id='line_1_7' title="bbox 198 703 2031 777; baseline 0.004 -23"><span class='ocrx_word' id='word_1_33' title='bbox 198 703 316 768; x_wconf 90' lang='lat' dir='ltr'>pulo</span> <span class='ocrx_word' id='word_1_34' title='bbox 353 719 567 755; x_wconf 89' lang='lat' dir='ltr'>vacuum</span> <span class='ocrx_word' id='word_1_35' title='bbox 602 711 651 756; x_wconf 90' lang='lat' dir='ltr'>et</span> <span class='ocrx_word' id='word_1_36' title='bbox 687 707 798 758; x_wconf 90' lang='lat' dir='ltr'>sine</span> <span class='ocrx_word' id='word_1_37' title='bbox 834 707 982 758; x_wconf 93' lang='lat' dir='ltr'>ullius</span> <span class='ocrx_word' id='word_1_38' title='bbox 1009 722 1142 759; x_wconf 86' lang='lat' dir='ltr'>noxa</span> <span class='ocrx_word' id='word_1_39' title='bbox 1176 708 1423 759; x_wconf 87' lang='lat' dir='ltr'>theatrum</span> <span class='ocrx_word' id='word_1_40' title='bbox 1449 709 1723 775; x_wconf 88' lang='lat' dir='ltr'>collapsum</span> <span class='ocrx_word' id='word_1_41' title='bbox 1748 715 1839 761; x_wconf 90' lang='lat' dir='ltr'>est.</span> <span class='ocrx_word' id='word_1_42' title='bbox 1892 710 2031 777; x_wconf 89' lang='lat' dir='ltr'>Ergo</span> 
     </span>
     <span class='ocr_line' id='line_1_8' title="bbox 199 785 2072 865; baseline 0.004 -20"><span class='ocrx_word' id='word_1_43' title='bbox 199 809 292 860; x_wconf 91' lang='lat' dir='ltr'>per</span> <span class='ocrx_word' id='word_1_44' title='bbox 330 785 638 861; x_wconf 89' lang='lat' dir='ltr'>compositos</span> <span class='ocrx_word' id='word_1_45' title='bbox 682 802 859 848; x_wconf 89' lang='lat' dir='ltr'>cantus</span> <span class='ocrx_word' id='word_1_46' title='bbox 900 803 1073 865; x_wconf 87' lang='lat' dir='ltr'>grates</span> <span class='ocrx_word' id='word_1_47' title='bbox 1112 799 1190 850; x_wconf 90' lang='lat' dir='ltr'>dis</span> <span class='ocrx_word' id='word_1_48' title='bbox 1240 804 1388 864; x_wconf 89' lang='lat' dir='ltr'>atque</span> <span class='ocrx_word' id='word_1_49' title='bbox 1426 799 1583 864; x_wconf 84' lang='lat' dir='ltr'>ipsam</span> <span class='ocrx_word' id='word_1_50' title='bbox 1624 801 1843 852; x_wconf 88' lang='lat' dir='ltr'>recentis</span> <span class='ocrx_word' id='word_1_51' title='bbox 1884 811 2072 853; x_wconf 88' lang='lat' dir='ltr'>casus⁵</span> 
     </span>
     <span class='ocr_line' id='line_1_9' title="bbox 202 885 2032 958; baseline 0.004 -22"><span class='ocrx_word' id='word_1_52' title='bbox 202 885 452 937; x_wconf 84' lang='lat' dir='ltr'>fortunam</span> <span class='ocrx_word' id='word_1_53' title='bbox 491 886 772 953; x_wconf 84' lang='lat' dir='ltr'>celebranS,</span> <span class='ocrx_word' id='word_1_54' title='bbox 810 889 1156 955; x_wconf 85' lang='lat' dir='ltr'>petiturusque</span> <span class='ocrx_word' id='word_1_55' title='bbox 1190 890 1343 941; x_wconf 90' lang='lat' dir='ltr'>maris</span> <span class='ocrx_word' id='word_1_56' title='bbox 1363 890 1585 941; x_wconf 83' lang='lat' dir='ltr'>Hadriae</span> <span class='ocrx_word' id='word_1_57' title='bbox 1611 892 1867 957; x_wconf 81' lang='lat' dir='ltr'>traiectuS,</span> <span class='ocrx_word' id='word_1_58' title='bbox 1902 893 2032 958; x_wconf 87' lang='lat' dir='ltr'>apud</span> 
     </span>
     <span class='ocr_line' id='line_1_10' title="bbox 201 975 2036 1046; baseline 0.004 -19"><span class='ocrx_word' id='word_1_59' title='bbox 201 975 545 1028; x_wconf 86' lang='lat' dir='ltr'>Beneventum</span> <span class='ocrx_word' id='word_1_60' title='bbox 583 979 782 1030; x_wconf 92' lang='lat' dir='ltr'>interim</span> <span class='ocrx_word' id='word_1_61' title='bbox 823 980 1083 1044; x_wconf 86' lang='lat' dir='ltr'>consedit,</span> <span class='ocrx_word' id='word_1_62' title='bbox 1124 980 1210 1031; x_wconf 92' lang='lat' dir='ltr'>ubi</span> <span class='ocrx_word' id='word_1_63' title='bbox 1252 980 1622 1046; x_wconf 60' lang='lat' dir='ltr'>gladiatorium,</span> <span class='ocrx_word' id='word_1_64' title='bbox 1647 997 1823 1033; x_wconf 89' lang='lat' dir='ltr'>munus</span> <span class='ocrx_word' id='word_1_65' title='bbox 1860 999 1887 1033; x_wconf 89' lang='lat' dir='ltr'>a</span> <span class='ocrx_word' id='word_1_66' title='bbox 1930 985 2036 1034; x_wconf 90' lang='lat' dir='ltr'>Va-</span> 
     </span>
    </p>
   </div>
   <div class='ocr_carea' id='block_1_6' title="bbox 200 1066 870 1128">
    <p class='ocr_par' dir='ltr' id='par_1_6' title="bbox 200 1066 870 1128">
     <span class='ocr_line' id='line_1_11' title="bbox 200 1066 870 1128; baseline 0.007 -12"><span class='ocrx_word' id='word_1_67' title='bbox 200 1066 324 1128; x_wconf 82' lang='lat' dir='ltr'>tinio</span> <span class='ocrx_word' id='word_1_68' title='bbox 366 1068 569 1121; x_wconf 88' lang='lat' dir='ltr'>celebre</span> <span class='ocrx_word' id='word_1_69' title='bbox 611 1070 870 1121; x_wconf 88' lang='lat' dir='ltr'>edebatur.</span> 
     </span>
    </p>
   </div>
   <div class='ocr_carea' id='block_1_7' title="bbox 944 1071 2036 1126">
    <p class='ocr_par' dir='ltr' id='par_1_7' title="bbox 944 1071 2036 1126">
     <span class='ocr_line' id='line_1_12' title="bbox 944 1071 2036 1126; baseline 0.004 -4"><span class='ocrx_word' id='word_1_70' title='bbox 944 1071 1171 1122; x_wconf 91' lang='lat' dir='ltr'>Vatinius</span> <span class='ocrx_word' id='word_1_71' title='bbox 1221 1071 1354 1122; x_wconf 89' lang='lat' dir='ltr'>inter</span> <span class='ocrx_word' id='word_1_72' title='bbox 1402 1071 1698 1123; x_wconf 86' lang='lat' dir='ltr'>foedissima</span> <span class='ocrx_word' id='word_1_73' title='bbox 1745 1075 1852 1124; x_wconf 89' lang='lat' dir='ltr'>eius</span> <span class='ocrx_word' id='word_1_74' title='bbox 1891 1074 2036 1126; x_wconf 86' lang='lat' dir='ltr'>aulae</span> 
     </span>
    </p>
   </div>
   <div class='ocr_carea' id='block_1_8' title="bbox 201 1160 2100 1412">
    <p class='ocr_par' dir='ltr' id='par_1_8' title="bbox 201 1160 2100 1412">
     <span class='ocr_line' id='line_1_13' title="bbox 201 1160 2036 1228; baseline 0.004 -20"><span class='ocrx_word' id='word_1_75' title='bbox 201 1163 398 1210; x_wconf 90' lang='lat' dir='ltr'>ostenta</span> <span class='ocrx_word' id='word_1_76' title='bbox 435 1160 555 1224; x_wconf 89' lang='lat' dir='ltr'>fuit,</span> <span class='ocrx_word' id='word_1_77' title='bbox 595 1162 819 1212; x_wconf 87' lang='lat' dir='ltr'>sutrinae</span> <span class='ocrx_word' id='word_1_78' title='bbox 859 1162 1102 1212; x_wconf 86' lang='lat' dir='ltr'>tabernae</span> <span class='ocrx_word' id='word_1_79' title='bbox 1141 1162 1399 1226; x_wconf 90' lang='lat' dir='ltr'>alumnus,</span> <span class='ocrx_word' id='word_1_80' title='bbox 1441 1178 1657 1228; x_wconf 86' lang='lat' dir='ltr'>corpore</span> <span class='ocrx_word' id='word_1_81' title='bbox 1695 1164 1912 1228; x_wconf 84' lang='lat' dir='ltr'>detortO,</span> <span class='ocrx_word' id='word_1_82' title='bbox 1955 1166 2036 1216; x_wconf 83' lang='lat' dir='ltr'>fa-</span> 
     </span>
     <span class='ocr_line' id='line_1_14' title="bbox 202 1249 2100 1319; baseline 0.004 -20"><span class='ocrx_word' id='word_1_83' title='bbox 202 1249 345 1300; x_wconf 92' lang='lat' dir='ltr'>cetiis</span> <span class='ocrx_word' id='word_1_84' title='bbox 386 1250 708 1315; x_wconf 83' lang='lat' dir='ltr'>scurrilibus,</span> <span class='ocrx_word' id='word_1_85' title='bbox 756 1253 918 1317; x_wconf 90' lang='lat' dir='ltr'>primo</span> <span class='ocrx_word' id='word_1_86' title='bbox 976 1252 1027 1301; x_wconf 92' lang='lat' dir='ltr'>in</span> <span class='ocrx_word' id='word_1_87' title='bbox 1085 1252 1414 1303; x_wconf 87' lang='lat' dir='ltr'>contumelias</span> <span class='ocrx_word' id='word_1_88' title='bbox 1471 1254 1759 1319; x_wconf 88' lang='lat' dir='ltr'>adsumptus</span> <span class='ocrx_word' id='word_1_89' title='bbox 1776 1273 1790 1318; x_wconf 81' lang='lat'><em>3</em></span> <span class='ocrx_word' id='word_1_90' title='bbox 1851 1255 2100 1317; x_wconf 72' lang='lat' dir='ltr'>dehincffl</span> 
     </span>
     <span class='ocr_line' id='line_1_15' title="bbox 201 1341 2034 1412; baseline 0.004 -22"><span class='ocrx_word' id='word_1_91' title='bbox 201 1341 374 1406; x_wconf 90' lang='lat' dir='ltr'>optimi</span> <span class='ocrx_word' id='word_1_92' title='bbox 418 1342 660 1408; x_wconf 91' lang='lat' dir='ltr'>cuiusque</span> <span class='ocrx_word' id='word_1_93' title='bbox 697 1343 1049 1394; x_wconf 90' lang='lat' dir='ltr'>criminatione</span> <span class='ocrx_word' id='word_1_94' title='bbox 1081 1358 1142 1395; x_wconf 94' lang='lat' dir='ltr'>eo</span> <span class='ocrx_word' id='word_1_95' title='bbox 1178 1358 1338 1409; x_wconf 88' lang='lat' dir='ltr'>usque</span> <span class='ocrx_word' id='word_1_96' title='bbox 1361 1344 1517 1395; x_wconf 90' lang='lat' dir='ltr'>valuit</span> <span class='ocrx_word' id='word_1_97' title='bbox 1538 1350 1591 1394; x_wconf 91' lang='lat' dir='ltr'>ut</span> <span class='ocrx_word' id='word_1_98' title='bbox 1614 1346 1775 1411; x_wconf 84' lang='lat' dir='ltr'>gratia</span> <span class='ocrx_word' id='word_1_99' title='bbox 1802 1347 2034 1412; x_wconf 87' lang='lat' dir='ltr'>pecunia,</span> 
     </span>
    </p>
   </div>
   <div class='ocr_carea' id='block_1_9' title="bbox 116 1432 1342 1500">
    <p class='ocr_par' dir='ltr' id='par_1_9' title="bbox 116 1432 1342 1500">
     <span class='ocr_line' id='line_1_16' title="bbox 116 1432 1342 1500; baseline 0.002 -18"><span class='ocrx_word' id='word_1_100' title='bbox 116 1432 252 1487; x_wconf 83' lang='lat' dir='ltr'>35vi</span> <span class='ocrx_word' id='word_1_101' title='bbox 292 1433 513 1484; x_wconf 90' lang='lat' dir='ltr'>nocendi</span> <span class='ocrx_word' id='word_1_102' title='bbox 569 1434 718 1484; x_wconf 90' lang='lat' dir='ltr'>etiam</span> <span class='ocrx_word' id='word_1_103' title='bbox 773 1434 934 1485; x_wconf 90' lang='lat' dir='ltr'>malos</span> <span class='ocrx_word' id='word_1_104' title='bbox 986 1434 1342 1500; x_wconf 86' lang='lat' dir='ltr'>praemineret.</span> 
     </span>
    </p>
   </div>
   <div class='ocr_carea' id='block_1_10' title="bbox 1418 1436 2038 1502">
    <p class='ocr_par' dir='ltr' id='par_1_10' title="bbox 1418 1436 2038 1502">
     <span class='ocr_line' id='line_1_17' title="bbox 1418 1436 2038 1502; baseline 0.006 -18"><span class='ocrx_word' id='word_1_105' title='bbox 1418 1436 1539 1485; x_wconf 91' lang='lat' dir='ltr'>Eius</span> <span class='ocrx_word' id='word_1_106' title='bbox 1582 1451 1759 1487; x_wconf 88' lang='lat' dir='ltr'>munus</span> <span class='ocrx_word' id='word_1_107' title='bbox 1797 1437 2038 1502; x_wconf 85' lang='lat' dir='ltr'>frequen-</span> 
     </span>
    </p>
   </div>
   <div class='ocr_carea' id='block_1_11' title="bbox 200 1523 2039 1591">
    <p class='ocr_par' dir='ltr' id='par_1_11' title="bbox 200 1523 2039 1591">
     <span class='ocr_line' id='line_1_18' title="bbox 200 1523 2039 1591; baseline 0.004 -19"><span class='ocrx_word' id='word_1_108' title='bbox 200 1523 324 1573; x_wconf 85' lang='lat' dir='ltr'>tanti</span> <span class='ocrx_word' id='word_1_109' title='bbox 361 1524 555 1575; x_wconf 90' lang='lat' dir='ltr'>Neroni</span> <span class='ocrx_word' id='word_1_110' title='bbox 604 1540 669 1575; x_wconf 91' lang='lat' dir='ltr'>ne</span> <span class='ocrx_word' id='word_1_111' title='bbox 708 1525 840 1576; x_wconf 88' lang='lat' dir='ltr'>int-er</span> <span class='ocrx_word' id='word_1_112' title='bbox 880 1525 1162 1591; x_wconf 88' lang='lat' dir='ltr'>voluptates</span> <span class='ocrx_word' id='word_1_113' title='bbox 1205 1526 1408 1591; x_wconf 88' lang='lat' dir='ltr'>quidem</span> <span class='ocrx_word' id='word_1_114' title='bbox 1448 1542 1475 1576; x_wconf 91' lang='lat' dir='ltr'>a</span> <span class='ocrx_word' id='word_1_115' title='bbox 1527 1526 1807 1578; x_wconf 88' lang='lat' dir='ltr'>sceleribus</span> <span class='ocrx_word' id='word_1_116' title='bbox 1859 1543 2039 1579; x_wconf 84' lang='lat' dir='ltr'>cessa-</span> 
     </span>
    </p>
   </div>
   <div class='ocr_carea' id='block_1_12' title="bbox 200 1614 362 1665">
    <p class='ocr_par' dir='ltr' id='par_1_12' title="bbox 200 1614 362 1665">
     <span class='ocr_line' id='line_1_19' title="bbox 200 1614 362 1665; baseline 0 -1"><span class='ocrx_word' id='word_1_117' title='bbox 200 1614 362 1665; x_wconf 87' lang='lat' dir='ltr'>batur.</span> 
     </span>
    </p>
   </div>
   <div class='ocr_carea' id='block_1_13' title="bbox 436 1615 2038 1682">
    <p class='ocr_par' dir='ltr' id='par_1_13' title="bbox 436 1615 2038 1682">
     <span class='ocr_line' id='line_1_20' title="bbox 436 1615 2038 1682; baseline 0 -15"><span class='ocrx_word' id='word_1_118' title='bbox 436 1615 602 1668; x_wconf 91' lang='lat' dir='ltr'>Isdem</span> <span class='ocrx_word' id='word_1_119' title='bbox 645 1616 826 1681; x_wconf 88' lang='lat' dir='ltr'>quippe</span> <span class='ocrx_word' id='word_1_120' title='bbox 860 1616 960 1667; x_wconf 93' lang='lat' dir='ltr'>illis</span> <span class='ocrx_word' id='word_1_121' title='bbox 998 1616 1176 1667; x_wconf 90' lang='lat' dir='ltr'>diebus</span> <span class='ocrx_word' id='word_1_122' title='bbox 1217 1617 1498 1682; x_wconf 87' lang='lat' dir='ltr'>Torquatus</span> <span class='ocrx_word' id='word_1_123' title='bbox 1523 1616 1720 1670; x_wconf 88' lang='lat' dir='ltr'>Silanus</span> <span class='ocrx_word' id='word_1_124' title='bbox 1758 1619 1886 1668; x_wconf 88' lang='lat' dir='ltr'>mori</span> <span class='ocrx_word' id='word_1_125' title='bbox 1924 1618 2038 1668; x_wconf 91' lang='lat' dir='ltr'>adi-</span> 
     </span>
    </p>
   </div>
   <div class='ocr_carea' id='block_1_14' title="bbox 200 1705 2102 1776">
    <p class='ocr_par' dir='ltr' id='par_1_14' title="bbox 200 1705 2102 1776">
     <span class='ocr_line' id='line_1_21' title="bbox 200 1705 2102 1776; baseline 0.004 -21"><span class='ocrx_word' id='word_1_126' title='bbox 200 1705 353 1773; x_wconf 85' lang='lat' dir='ltr'>gitur,</span> <span class='ocrx_word' id='word_1_127' title='bbox 394 1706 510 1772; x_wconf 89' lang='lat' dir='ltr'>quia</span> <span class='ocrx_word' id='word_1_128' title='bbox 543 1721 696 1772; x_wconf 90' lang='lat' dir='ltr'>super</span> <span class='ocrx_word' id='word_1_129' title='bbox 721 1707 894 1759; x_wconf 90' lang='lat' dir='ltr'>Iuniae</span> <span class='ocrx_word' id='word_1_130' title='bbox 928 1707 1149 1759; x_wconf 87' lang='lat' dir='ltr'>familiae</span> <span class='ocrx_word' id='word_1_131' title='bbox 1172 1708 1522 1759; x_wconf 85' lang='lat' dir='ltr'>claritudinem</span> <span class='ocrx_word' id='word_1_132' title='bbox 1555 1708 1723 1759; x_wconf 90' lang='lat' dir='ltr'>divum</span> <span class='ocrx_word' id='word_1_133' title='bbox 1755 1711 2036 1776; x_wconf 91' lang='lat' dir='ltr'>Augustum</span> <span class='ocrx_word' id='word_1_134' title='bbox 2057 1730 2102 1766; x_wconf 69' lang='grc' dir='ltr'>ιε</span> 
     </span>
    </p>
   </div>
   <div class='ocr_carea' id='block_1_15' title="bbox 317 1864 1793 2044">
    <p class='ocr_par' dir='ltr' id='par_1_15' title="bbox 317 1864 1793 2044">
     <span class='ocr_line' id='line_1_22' title="bbox 317 1864 1531 1909; baseline 0.001 -2"><span class='ocrx_word' id='word_1_135' title='bbox 317 1865 359 1907; x_wconf 87' lang='grc'><strong>2.</strong></span> <span class='ocrx_word' id='word_1_136' title='bbox 392 1864 662 1907; x_wconf 75' lang='lat' dir='ltr'>arbitrantur</span> <span class='ocrx_word' id='word_1_137' title='bbox 691 1865 855 1908; x_wconf 72' lang='lat' dir='ltr'>BGMa:</span> <span class='ocrx_word' id='word_1_138' title='bbox 895 1867 1028 1908; x_wconf 90' lang='lat' dir='ltr'>tacite</span> <span class='ocrx_word' id='word_1_139' title='bbox 1060 1867 1250 1908; x_wconf 87' lang='lat' dir='ltr'>correxit</span> <span class='ocrx_word' id='word_1_140' title='bbox 1281 1865 1531 1909; x_wconf 88' lang='lat' dir='ltr'>Rhenanus.</span> 
     </span>
     <span class='ocr_line' id='line_1_23' title="bbox 944 1924 1379 1971; baseline 0 -3"><span class='ocrx_word' id='word_1_141' title='bbox 944 1928 1012 1971; x_wconf 88' lang='grc'>10.</span> <span class='ocrx_word' id='word_1_142' title='bbox 1043 1925 1270 1968; x_wconf 84' lang='lat' dir='ltr'>scurilibus</span> <span class='ocrx_word' id='word_1_143' title='bbox 1300 1924 1379 1968; x_wconf 70' lang='lat' dir='ltr'>Ma.</span> 
     </span>
     <span class='ocr_line' id='line_1_24' title="bbox 1003 1983 1793 2044; baseline 0.001 -16"><span class='ocrx_word' id='word_1_144' title='bbox 1003 1987 1070 2029; x_wconf 90' lang='grc'><strong>14.</strong></span> <span class='ocrx_word' id='word_1_145' title='bbox 1105 1985 1282 2028; x_wconf 82' lang='lat' dir='ltr'>Silanus</span> <span class='ocrx_word' id='word_1_146' title='bbox 1315 1983 1382 2027; x_wconf 72' lang='lat' dir='ltr'>Ma</span> <span class='ocrx_word' id='word_1_147' title='bbox 1413 1989 1524 2041; x_wconf 84' lang='lat' dir='ltr'>(non</span> <span class='ocrx_word' id='word_1_148' title='bbox 1560 1986 1793 2044; x_wconf 85' lang='lat' dir='ltr'>Sillanus).</span> 
     </span>
    </p>
   </div>
   <div class='ocr_carea' id='block_1_16' title="bbox 203 1923 906 2039">
    <p class='ocr_par' dir='ltr' id='par_1_16' title="bbox 203 1923 906 2039">
     <span class='ocr_line' id='line_1_25' title="bbox 203 1923 846 1980; baseline 0.003 -15"><span class='ocrx_word' id='word_1_149' title='bbox 203 1935 326 1980; x_wconf 80' lang='lat' dir='ltr'>conp.</span> <span class='ocrx_word' id='word_1_150' title='bbox 366 1923 448 1965; x_wconf 70' lang='lat' dir='ltr'>Ma.</span> <span class='ocrx_word' id='word_1_151' title='bbox 539 1924 582 1967; x_wconf 88' lang='lat'>8.</span> <span class='ocrx_word' id='word_1_152' title='bbox 616 1926 732 1980; x_wconf 81' lang='lat' dir='ltr'>faed.</span> <span class='ocrx_word' id='word_1_153' title='bbox 766 1925 846 1967; x_wconf 68' lang='lat' dir='ltr'>Ma.</span> 
     </span>
     <span class='ocr_line' id='line_1_26' title="bbox 203 1982 906 2039; baseline 0.003 -14"><span class='ocrx_word' id='word_1_154' title='bbox 203 1982 275 2025; x_wconf 88' lang='lat' dir='ltr'>Or.</span> <span class='ocrx_word' id='word_1_155' title='bbox 370 1983 525 2026; x_wconf 75' lang='lat' dir='ltr'>dehinc</span> <span class='ocrx_word' id='word_1_156' title='bbox 559 1983 640 2039; x_wconf 71' lang='lat' dir='ltr'>Ma,</span> <span class='ocrx_word' id='word_1_157' title='bbox 675 1985 826 2027; x_wconf 82' lang='lat' dir='ltr'>deinde</span> <span class='ocrx_word' id='word_1_158' title='bbox 858 1984 906 2028; x_wconf 91' lang='lat' dir='ltr'>G.</span> 
     </span>
    </p>
   </div>
   <div class='ocr_carea' id='block_1_17' title="bbox 203 2126 1084 3188">
    <p class='ocr_par' dir='ltr' id='par_1_17' title="bbox 203 2126 1081 2229">
     <span class='ocr_line' id='line_1_27' title="bbox 203 2126 1081 2227; baseline 0.002 -59"><span class='ocrx_word' id='word_1_159' title='bbox 203 2131 522 2226; x_wconf 43' lang='grc' dir='ltr'>ἱρονομίκέςζῖιὺε</span> <span class='ocrx_word' id='word_1_160' title='bbox 545 2126 628 2227; x_wconf 56' lang='lat' dir='ltr'>fflt’</span> <span class='ocrx_word' id='word_1_161' title='bbox 648 2127 887 2226; x_wconf 80' lang='lat' dir='ltr'>inLSevero</span> <span class='ocrx_word' id='word_1_162' title='bbox 920 2128 1081 2182; x_wconf 87' lang='lat' dir='ltr'>Xiphi-</span> 
     </span>
     <span class='ocr_line' id='line_1_28' title="bbox 226 2195 878 2229; baseline 0.008 -5"><span class='ocrx_word' id='word_1_163' title='bbox 226 2195 323 2225; x_wconf 86' lang='lat' dir='ltr'>mus</span> <span class='ocrx_word' id='word_1_164' title='bbox 602 2218 611 2227; x_wconf 94' lang='lat'>.</span> <span class='ocrx_word' id='word_1_165' title='bbox 725 2199 878 2229; x_wconf 79' lang='lat' dir='ltr'>tPstVS.</span> 
     </span>
    </p>

    <p class='ocr_par' dir='ltr' id='par_1_18' title="bbox 208 2241 1084 2879">
     <span class='ocr_line' id='line_1_29' title="bbox 297 2241 1081 2297; baseline 0.003 -13"><span class='ocrx_word' id='word_1_166' title='bbox 297 2241 403 2297; x_wconf 87' lang='lat' dir='ltr'>Cap.</span> <span class='ocrx_word' id='word_1_167' title='bbox 427 2243 500 2286; x_wconf 83' lang='lat'>33.</span> <span class='ocrx_word' id='word_1_168' title='bbox 552 2244 659 2286; x_wconf 83' lang='lat' dir='ltr'>Gaio</span> <span class='ocrx_word' id='word_1_169' title='bbox 683 2245 933 2288; x_wconf 83' lang='lat' dir='ltr'>Laecanio:</span> <span class='ocrx_word' id='word_1_170' title='bbox 969 2245 1081 2287; x_wconf 90' lang='lat' dir='ltr'>hanc</span> 
     </span>
     <span class='ocr_line' id='line_1_30' title="bbox 208 2302 1079 2347; baseline 0.003 -3"><span class='ocrx_word' id='word_1_171' title='bbox 208 2302 388 2344; x_wconf 84' lang='lat' dir='ltr'>formam</span> <span class='ocrx_word' id='word_1_172' title='bbox 424 2302 610 2344; x_wconf 71' lang='lat' dir='ltr'>Medic-ei</span> <span class='ocrx_word' id='word_1_173' title='bbox 660 2305 885 2346; x_wconf 88' lang='lat' dir='ltr'>confirmat</span> <span class='ocrx_word' id='word_1_174' title='bbox 926 2305 1079 2347; x_wconf 85' lang='lat' dir='ltr'>titulus</span> 
     </span>
     <span class='ocr_line' id='line_1_31' title="bbox 208 2361 1081 2418; baseline 0.002 -15"><span class='ocrx_word' id='word_1_175' title='bbox 208 2361 323 2416; x_wconf 86' lang='lat' dir='ltr'>apud</span> <span class='ocrx_word' id='word_1_176' title='bbox 354 2361 634 2403; x_wconf 87' lang='lat' dir='ltr'>Muratorium</span> <span class='ocrx_word' id='word_1_177' title='bbox 670 2363 686 2404; x_wconf 93' lang='lat'><em>1</em></span> <span class='ocrx_word' id='word_1_178' title='bbox 730 2377 771 2418; x_wconf 90' lang='lat' dir='ltr'>p.</span> <span class='ocrx_word' id='word_1_179' title='bbox 806 2365 893 2408; x_wconf 84' lang='lat'>305</span> <span class='ocrx_word' id='word_1_180' title='bbox 941 2370 985 2406; x_wconf 89' lang='lat' dir='ltr'>et</span> <span class='ocrx_word' id='word_1_181' title='bbox 1016 2366 1081 2406; x_wconf 87' lang='lat' dir='ltr'>sic</span> 
     </span>
     <span class='ocr_line' id='line_1_32' title="bbox 209 2420 1083 2475; baseline 0.002 -13"><span class='ocrx_word' id='word_1_182' title='bbox 209 2420 469 2475; x_wconf 86' lang='lat' dir='ltr'>plerumque</span> <span class='ocrx_word' id='word_1_183' title='bbox 517 2421 561 2462; x_wconf 86' lang='lat' dir='ltr'>id</span> <span class='ocrx_word' id='word_1_184' title='bbox 611 2434 769 2464; x_wconf 89' lang='lat' dir='ltr'>nomen</span> <span class='ocrx_word' id='word_1_185' title='bbox 819 2424 998 2465; x_wconf 83' lang='lat' dir='ltr'>effertur</span> <span class='ocrx_word' id='word_1_186' title='bbox 1037 2425 1083 2464; x_wconf 89' lang='lat' dir='ltr'>in</span> 
     </span>
     <span class='ocr_line' id='line_1_33' title="bbox 208 2480 1083 2534; baseline 0.003 -13"><span class='ocrx_word' id='word_1_187' title='bbox 208 2480 596 2534; x_wconf 85' lang='lat' dir='ltr'>inscriptionibus:</span> <span class='ocrx_word' id='word_1_188' title='bbox 619 2481 698 2522; x_wconf 87' lang='lat' dir='ltr'>sed</span> <span class='ocrx_word' id='word_1_189' title='bbox 727 2483 857 2524; x_wconf 89' lang='lat' dir='ltr'>etiam</span> <span class='ocrx_word' id='word_1_190' title='bbox 872 2484 1083 2525; x_wconf 85' lang='lat' dir='ltr'>Lecanios</span> 
     </span>
     <span class='ocr_line' id='line_1_34' title="bbox 213 2539 1080 2594; baseline 0.005 -14"><span class='ocrx_word' id='word_1_191' title='bbox 213 2551 310 2581; x_wconf 90' lang='lat' dir='ltr'>esse</span> <span class='ocrx_word' id='word_1_192' title='bbox 370 2539 484 2593; x_wconf 85' lang='lat' dir='ltr'>apud</span> <span class='ocrx_word' id='word_1_193' title='bbox 536 2540 820 2583; x_wconf 71' lang='lat' dir='ltr'>muratorium</span> <span class='ocrx_word' id='word_1_194' title='bbox 881 2543 994 2586; x_wconf 83' lang='lat'>1402</span> <span class='ocrx_word' id='word_1_195' title='bbox 1040 2542 1080 2594; x_wconf 87' lang='grc'>7,</span> 
     </span>
     <span class='ocr_line' id='line_1_35' title="bbox 214 2598 1081 2643; baseline 0.001 -3"><span class='ocrx_word' id='word_1_196' title='bbox 214 2598 326 2640; x_wconf 88' lang='grc'><strong>1476</strong></span> <span class='ocrx_word' id='word_1_197' title='bbox 366 2598 394 2641; x_wconf 88' lang='grc'><strong>9</strong></span> <span class='ocrx_word' id='word_1_198' title='bbox 445 2600 614 2641; x_wconf 89' lang='lat' dir='ltr'>monuit</span> <span class='ocrx_word' id='word_1_199' title='bbox 669 2599 890 2643; x_wconf 57' lang='lat' dir='ltr'>Orellius-</span> <span class='ocrx_word' id='word_1_200' title='bbox 938 2600 1081 2642; x_wconf 91' lang='lat' dir='ltr'>Plinio</span> 
     </span>
     <span class='ocr_line' id='line_1_36' title="bbox 211 2656 1080 2711; baseline 0.003 -13"><span class='ocrx_word' id='word_1_201' title='bbox 211 2656 349 2699; x_wconf 75' lang='lat' dir='ltr'>xxvi</span> <span class='ocrx_word' id='word_1_202' title='bbox 370 2656 400 2700; x_wconf 87' lang='lat'>4</span> <span class='ocrx_word' id='word_1_203' title='bbox 432 2657 552 2699; x_wconf 83' lang='lat' dir='ltr'>audit</span> <span class='ocrx_word' id='word_1_204' title='bbox 572 2659 621 2711; x_wconf 83' lang='lat' dir='ltr'>Q.</span> <span class='ocrx_word' id='word_1_205' title='bbox 649 2659 894 2702; x_wconf 86' lang='lat' dir='ltr'>Laecanius</span> <span class='ocrx_word' id='word_1_206' title='bbox 907 2661 1080 2702; x_wconf 82' lang='lat' dir='ltr'>Bassus.</span> 
     </span>
     <span class='ocr_line' id='line_1_37' title="bbox 210 2715 1084 2761; baseline 0.002 -3"><span class='ocrx_word' id='word_1_207' title='bbox 210 2715 337 2758; x_wconf 86' lang='lat' dir='ltr'>Alter</span> <span class='ocrx_word' id='word_1_208' title='bbox 383 2717 536 2759; x_wconf 91' lang='lat' dir='ltr'>consul</span> <span class='ocrx_word' id='word_1_209' title='bbox 582 2723 649 2759; x_wconf 88' lang='lat' dir='ltr'>est</span> <span class='ocrx_word' id='word_1_210' title='bbox 686 2719 858 2761; x_wconf 83' lang='lat' dir='ltr'>Marcus</span> <span class='ocrx_word' id='word_1_211' title='bbox 892 2719 1084 2761; x_wconf 89' lang='lat' dir='ltr'>Licinius</span> 
     </span>
     <span class='ocr_line' id='line_1_38' title="bbox 213 2774 1084 2831; baseline 0.006 -16"><span class='ocrx_word' id='word_1_212' title='bbox 213 2774 416 2828; x_wconf 87' lang='lat' dir='ltr'>Crassus,</span> <span class='ocrx_word' id='word_1_213' title='bbox 457 2789 587 2831; x_wconf 92' lang='lat' dir='ltr'>quem</span> <span class='ocrx_word' id='word_1_214' title='bbox 629 2778 791 2820; x_wconf 89' lang='lat' dir='ltr'>occidit</span> <span class='ocrx_word' id='word_1_215' title='bbox 829 2778 943 2821; x_wconf 87' lang='lat' dir='ltr'>Nero</span> <span class='ocrx_word' id='word_1_216' title='bbox 985 2792 1024 2820; x_wconf 89' lang='lat' dir='ltr'>a.</span> <span class='ocrx_word' id='word_1_217' title='bbox 1059 2792 1084 2820; x_wconf 89' lang='lat' dir='ltr'>a</span> 
     </span>
     <span class='ocr_line' id='line_1_39' title="bbox 214 2833 678 2879; baseline 0.009 -4"><span class='ocrx_word' id='word_1_218' title='bbox 214 2833 315 2876; x_wconf 86' lang='lat' dir='ltr'>Chr.</span> <span class='ocrx_word' id='word_1_219' title='bbox 349 2834 434 2877; x_wconf 86' lang='lat'>67:</span> <span class='ocrx_word' id='word_1_220' title='bbox 467 2835 520 2877; x_wconf 88' lang='lat' dir='ltr'>H.</span> <span class='ocrx_word' id='word_1_221' title='bbox 553 2835 571 2877; x_wconf 90' lang='lat'>1</span> <span class='ocrx_word' id='word_1_222' title='bbox 605 2835 678 2879; x_wconf 85' lang='lat'>48.</span> 
     </span>
    </p>

    <p class='ocr_par' dir='ltr' id='par_1_19' title="bbox 212 2892 1084 3188">
     <span class='ocr_line' id='line_1_40' title="bbox 303 2892 1084 2947; baseline 0.005 -13"><span class='ocrx_word' id='word_1_223' title='bbox 303 2892 407 2947; x_wconf 82' lang='lat' dir='ltr'>Cap.</span> <span class='ocrx_word' id='word_1_224' title='bbox 441 2894 515 2936; x_wconf 83' lang='lat'>34.</span> <span class='ocrx_word' id='word_1_225' title='bbox 576 2896 710 2935; x_wconf 86' lang='lat' dir='ltr'>maris</span> <span class='ocrx_word' id='word_1_226' title='bbox 751 2896 945 2938; x_wconf 80' lang='lat' dir='ltr'>Hadriae</span> <span class='ocrx_word' id='word_1_227' title='bbox 987 2903 1084 2938; x_wconf 87' lang='lat' dir='ltr'>tra-</span> 
     </span>
     <span class='ocr_line' id='line_1_41' title="bbox 213 2951 1081 3007; baseline 0.006 -15"><span class='ocrx_word' id='word_1_228' title='bbox 213 2951 372 2994; x_wconf 83' lang='lat' dir='ltr'>iectus.-</span> <span class='ocrx_word' id='word_1_229' title='bbox 405 2951 512 2993; x_wconf 91' lang='lat' dir='ltr'>dicit</span> <span class='ocrx_word' id='word_1_230' title='bbox 542 2953 746 3007; x_wconf 86' lang='lat' dir='ltr'>oppidum</span> <span class='ocrx_word' id='word_1_231' title='bbox 774 2955 1081 2998; x_wconf 84' lang='lat' dir='ltr'>Brundusium.</span> 
     </span>
     <span class='ocr_line' id='line_1_42' title="bbox 212 3009 1082 3069; baseline 0.006 -18"><span class='ocrx_word' id='word_1_232' title='bbox 212 3009 261 3051; x_wconf 91' lang='lat' dir='ltr'>ln</span> <span class='ocrx_word' id='word_1_233' title='bbox 292 3012 366 3052; x_wconf 83' lang='lat' dir='ltr'>via</span> <span class='ocrx_word' id='word_1_234' title='bbox 397 3023 475 3064; x_wconf 88' lang='lat' dir='ltr'>per</span> <span class='ocrx_word' id='word_1_235' title='bbox 507 3012 720 3055; x_wconf 81' lang='lat' dir='ltr'>Samnites</span> <span class='ocrx_word' id='word_1_236' title='bbox 753 3028 777 3056; x_wconf 88' lang='lat' dir='ltr'>a</span> <span class='ocrx_word' id='word_1_237' title='bbox 809 3015 995 3069; x_wconf 85' lang='lat' dir='ltr'>Neapoli</span> <span class='ocrx_word' id='word_1_238' title='bbox 1029 3016 1082 3056; x_wconf 88' lang='lat' dir='ltr'>ad</span> 
     </span>
     <span class='ocr_line' id='line_1_43' title="bbox 214 3069 1083 3116; baseline 0.003 -5"><span class='ocrx_word' id='word_1_239' title='bbox 214 3069 506 3113; x_wconf 88' lang='lat' dir='ltr'>Brundusium</span> <span class='ocrx_word' id='word_1_240' title='bbox 550 3071 737 3114; x_wconf 82' lang='lat' dir='ltr'>ducente</span> <span class='ocrx_word' id='word_1_241' title='bbox 779 3074 1083 3116; x_wconf 86' lang='lat' dir='ltr'>Beneventum</span> 
     </span>
     <span class='ocr_line' id='line_1_44' title="bbox 217 3130 1084 3188; baseline 0.006 -18"><span class='ocrx_word' id='word_1_242' title='bbox 217 3130 346 3171; x_wconf 86' lang='lat' dir='ltr'>situm</span> <span class='ocrx_word' id='word_1_243' title='bbox 380 3136 490 3172; x_wconf 86' lang='lat' dir='ltr'>erat.</span> <span class='ocrx_word' id='word_1_244' title='bbox 552 3132 748 3173; x_wconf 82' lang='lat' dir='ltr'>Hadriae</span> <span class='ocrx_word' id='word_1_245' title='bbox 779 3146 857 3188; x_wconf 89' lang='lat' dir='ltr'>pro</span> <span class='ocrx_word' id='word_1_246' title='bbox 886 3134 1084 3175; x_wconf 80' lang='lat' dir='ltr'>Hadria-</span> 
     </span>
    </p>
   </div>
   <div class='ocr_carea' id='block_1_18' title="bbox 217 3189 1084 3289">
    <p class='ocr_par' dir='ltr' id='par_1_20' title="bbox 217 3189 1084 3289">
     <span class='ocr_line' id='line_1_45' title="bbox 217 3189 1084 3245; baseline 0.006 -16"><span class='ocrx_word' id='word_1_247' title='bbox 217 3189 293 3230; x_wconf 78' lang='lat' dir='ltr'>tici</span> <span class='ocrx_word' id='word_1_248' title='bbox 347 3191 492 3242; x_wconf 88' lang='lat' dir='ltr'>posuit</span> <span class='ocrx_word' id='word_1_249' title='bbox 556 3197 781 3245; x_wconf 88' lang='lat' dir='ltr'>poetarum</span> <span class='ocrx_word' id='word_1_250' title='bbox 838 3204 1084 3235; x_wconf 88' lang='lat' dir='ltr'>sermonem</span> 
     </span>
     <span class='ocr_line' id='line_1_46' title="bbox 218 3253 409 3289; baseline 0.005 -1"><span class='ocrx_word' id='word_1_251' title='bbox 218 3253 409 3289; x_wconf 88' lang='lat' dir='ltr'>secutus.</span> 
     </span>
    </p>
   </div>
   <div class='ocr_carea' id='block_1_19' title="bbox 218 3305 1086 3718">
    <p class='ocr_par' dir='ltr' id='par_1_21' title="bbox 218 3305 1086 3718">
     <span class='ocr_line' id='line_1_47' title="bbox 319 3305 1084 3362; baseline 0.005 -16"><span class='ocrx_word' id='word_1_252' title='bbox 319 3305 511 3347; x_wconf 76' lang='lat' dir='ltr'>Vatinius</span> <span class='ocrx_word' id='word_1_253' title='bbox 555 3306 668 3348; x_wconf 84' lang='lat' dir='ltr'>inter</span> <span class='ocrx_word' id='word_1_254' title='bbox 704 3308 950 3362; x_wconf 81' lang='lat' dir='ltr'>foedissima</span> <span class='ocrx_word' id='word_1_255' title='bbox 996 3310 1084 3350; x_wconf 82' lang='lat' dir='ltr'>eius</span> 
     </span>
     <span class='ocr_line' id='line_1_48' title="bbox 220 3364 1082 3421; baseline 0.003 -16"><span class='ocrx_word' id='word_1_256' title='bbox 220 3364 349 3405; x_wconf 88' lang='lat' dir='ltr'>aulae</span> <span class='ocrx_word' id='word_1_257' title='bbox 390 3370 555 3405; x_wconf 83' lang='lat' dir='ltr'>ostenta</span> <span class='ocrx_word' id='word_1_258' title='bbox 583 3367 692 3420; x_wconf 80' lang='lat' dir='ltr'>fuit:</span> <span class='ocrx_word' id='word_1_259' title='bbox 737 3367 854 3409; x_wconf 87' lang='lat' dir='ltr'>conf.</span> <span class='ocrx_word' id='word_1_260' title='bbox 888 3367 972 3409; x_wconf 93' lang='lat' dir='ltr'>Dio</span> <span class='ocrx_word' id='word_1_261' title='bbox 1014 3381 1082 3421; x_wconf 79' lang='lat' dir='ltr'>ap.</span> 
     </span>
     <span class='ocr_line' id='line_1_49' title="bbox 220 3422 1083 3476; baseline 0.005 -12"><span class='ocrx_word' id='word_1_262' title='bbox 220 3422 385 3476; x_wconf 90' lang='lat' dir='ltr'>Xiphil.</span> <span class='ocrx_word' id='word_1_263' title='bbox 420 3422 549 3464; x_wconf 83' lang='lat' dir='ltr'>Lxlll</span> <span class='ocrx_word' id='word_1_264' title='bbox 583 3425 651 3466; x_wconf 89' lang='grc'>15.</span> <span class='ocrx_word' id='word_1_265' title='bbox 706 3423 902 3467; x_wconf 88' lang='lat' dir='ltr'>Iuvenal.</span> <span class='ocrx_word' id='word_1_266' title='bbox 941 3426 976 3467; x_wconf 91' lang='lat' dir='ltr'>V</span> <span class='ocrx_word' id='word_1_267' title='bbox 1010 3426 1083 3468; x_wconf 78' lang='lat'>46.</span> 
     </span>
     <span class='ocr_line' id='line_1_50' title="bbox 218 3481 1084 3527; baseline 0.001 -3"><span class='ocrx_word' id='word_1_268' title='bbox 218 3481 402 3524; x_wconf 83' lang='lat' dir='ltr'>Martial.</span> <span class='ocrx_word' id='word_1_269' title='bbox 455 3481 551 3523; x_wconf 91' lang='lat' dir='ltr'>XIV</span> <span class='ocrx_word' id='word_1_270' title='bbox 586 3482 655 3524; x_wconf 93' lang='grc'><strong>96.</strong></span> <span class='ocrx_word' id='word_1_271' title='bbox 718 3484 958 3527; x_wconf 84' lang='lat' dir='ltr'>Potentiam</span> <span class='ocrx_word' id='word_1_272' title='bbox 995 3485 1084 3525; x_wconf 83' lang='lat' dir='ltr'>Va-</span> 
     </span>
     <span class='ocr_line' id='line_1_51' title="bbox 220 3540 1085 3585; baseline 0.001 -2"><span class='ocrx_word' id='word_1_273' title='bbox 220 3542 317 3583; x_wconf 81' lang='lat' dir='ltr'>tinii</span> <span class='ocrx_word' id='word_1_274' title='bbox 350 3546 424 3582; x_wconf 89' lang='lat' dir='ltr'>aut</span> <span class='ocrx_word' id='word_1_275' title='bbox 455 3540 534 3581; x_wconf 90' lang='lat' dir='ltr'>sub</span> <span class='ocrx_word' id='word_1_276' title='bbox 566 3540 695 3582; x_wconf 85' lang='lat' dir='ltr'>finem</span> <span class='ocrx_word' id='word_1_277' title='bbox 728 3545 828 3584; x_wconf 91' lang='lat' dir='ltr'>anni</span> <span class='ocrx_word' id='word_1_278' title='bbox 862 3542 1085 3585; x_wconf 80' lang='lat' dir='ltr'>a.ch1·.66</span> 
     </span>
     <span class='ocr_line' id='line_1_52' title="bbox 220 3599 1086 3656; baseline 0.001 -14"><span class='ocrx_word' id='word_1_279' title='bbox 220 3607 293 3642; x_wconf 86' lang='lat' dir='ltr'>aut</span> <span class='ocrx_word' id='word_1_280' title='bbox 316 3601 531 3655; x_wconf 86' lang='lat' dir='ltr'>principio</span> <span class='ocrx_word' id='word_1_281' title='bbox 553 3599 610 3642; x_wconf 87' lang='grc'>68</span> <span class='ocrx_word' id='word_1_282' title='bbox 632 3600 810 3643; x_wconf 82' lang='lat' dir='ltr'>fractam</span> <span class='ocrx_word' id='word_1_283' title='bbox 833 3615 929 3644; x_wconf 90' lang='lat' dir='ltr'>esse</span> <span class='ocrx_word' id='word_1_284' title='bbox 953 3614 1086 3656; x_wconf 89' lang='lat' dir='ltr'>opera</span> 
     </span>
     <span class='ocr_line' id='line_1_53' title="bbox 222 3659 1084 3718; baseline 0.003 -18"><span class='ocrx_word' id='word_1_285' title='bbox 222 3665 265 3701; x_wconf 89' lang='lat' dir='ltr'>et</span> <span class='ocrx_word' id='word_1_286' title='bbox 306 3659 447 3703; x_wconf 84' lang='lat' dir='ltr'>studio</span> <span class='ocrx_word' id='word_1_287' title='bbox 489 3659 671 3702; x_wconf 85' lang='lat' dir='ltr'>Materni</span> <span class='ocrx_word' id='word_1_288' title='bbox 713 3662 869 3718; x_wconf 86' lang='lat' dir='ltr'>tragici</span> <span class='ocrx_word' id='word_1_289' title='bbox 910 3667 1084 3717; x_wconf 87' lang='lat' dir='ltr'>poetae,</span> 
     </span>
    </p>
   </div>
   <div class='ocr_carea' id='block_1_20' title="bbox 1459 1867 2034 1979">
    <p class='ocr_par' dir='ltr' id='par_1_22' title="bbox 1459 1867 2034 1979">
     <span class='ocr_line' id='line_1_54' title="bbox 1624 1867 2034 1924; baseline 0 -14"><span class='ocrx_word' id='word_1_290' title='bbox 1624 1868 1666 1910; x_wconf 84' lang='lat'>3.</span> <span class='ocrx_word' id='word_1_291' title='bbox 1706 1869 1780 1924; x_wconf 78' lang='lat' dir='ltr'>aff.</span> <span class='ocrx_word' id='word_1_292' title='bbox 1827 1867 1898 1910; x_wconf 92' lang='lat' dir='ltr'>Or.</span> <span class='ocrx_word' id='word_1_293' title='bbox 1992 1869 2034 1910; x_wconf 88' lang='lat'>5.</span> 
     </span>
     <span class='ocr_line' id='line_1_55' title="bbox 1459 1925 2034 1979; baseline 0.005 -12"><span class='ocrx_word' id='word_1_294' title='bbox 1459 1928 1506 1967; x_wconf 88' lang='lat' dir='ltr'>in</span> <span class='ocrx_word' id='word_1_295' title='bbox 1543 1925 1657 1979; x_wconf 50' lang='lat' dir='ltr'>Galla,</span> <span class='ocrx_word' id='word_1_296' title='bbox 1690 1927 1803 1968; x_wconf 88' lang='lat' dir='ltr'>inter</span> <span class='ocrx_word' id='word_1_297' title='bbox 1839 1927 1886 1970; x_wconf 90' lang='lat' dir='ltr'>C.</span> <span class='ocrx_word' id='word_1_298' title='bbox 1950 1941 2034 1970; x_wconf 89' lang='lat' dir='ltr'>ass.</span> 
     </span>
    </p>
   </div>
   <div class='ocr_carea' id='block_1_21' title="bbox 1164 2126 2039 3723">
    <p class='ocr_par' dir='ltr' id='par_1_23' title="bbox 1164 2126 2036 2466">
     <span class='ocr_line' id='line_1_56' title="bbox 1166 2126 2036 2184; baseline 0.002 -16"><span class='ocrx_word' id='word_1_299' title='bbox 1166 2127 1211 2169; x_wconf 94' lang='lat' dir='ltr'>id</span> <span class='ocrx_word' id='word_1_300' title='bbox 1243 2126 1458 2182; x_wconf 85' lang='lat' dir='ltr'>colligere</span> <span class='ocrx_word' id='word_1_301' title='bbox 1488 2126 1594 2167; x_wconf 88' lang='lat' dir='ltr'>licet</span> <span class='ocrx_word' id='word_1_302' title='bbox 1626 2139 1679 2168; x_wconf 87' lang='lat' dir='ltr'>ex</span> <span class='ocrx_word' id='word_1_303' title='bbox 1705 2127 2036 2184; x_wconf 86' lang='lat' dir='ltr'>verbis.dialogi</span> 
     </span>
     <span class='ocr_line' id='line_1_57' title="bbox 1166 2185 2036 2240; baseline 0.002 -13"><span class='ocrx_word' id='word_1_304' title='bbox 1166 2187 1220 2228; x_wconf 89' lang='lat' dir='ltr'>de</span> <span class='ocrx_word' id='word_1_305' title='bbox 1248 2185 1364 2228; x_wconf 89' lang='lat' dir='ltr'>Orat.</span> <span class='ocrx_word' id='word_1_306' title='bbox 1403 2188 1449 2228; x_wconf 86' lang='lat'>11</span> <span class='ocrx_word' id='word_1_307' title='bbox 1471 2191 1592 2227; x_wconf 91' lang='lat' dir='ltr'>recte</span> <span class='ocrx_word' id='word_1_308' title='bbox 1617 2186 1846 2240; x_wconf 86' lang='lat' dir='ltr'>explicatis</span> <span class='ocrx_word' id='word_1_309' title='bbox 1873 2194 1916 2228; x_wconf 92' lang='lat' dir='ltr'>et</span> <span class='ocrx_word' id='word_1_310' title='bbox 1939 2201 2036 2229; x_wconf 91' lang='lat' dir='ltr'>cum</span> 
     </span>
     <span class='ocr_line' id='line_1_58' title="bbox 1164 2244 2034 2301; baseline -0.006 -13"><span class='ocrx_word' id='word_1_311' title='bbox 1164 2247 1401 2300; x_wconf 85' lang='lat' dir='ltr'>superstite</span> <span class='ocrx_word' id='word_1_312' title='bbox 1427 2244 1661 2286; x_wconf 86' lang='lat' dir='ltr'>Annalium</span> <span class='ocrx_word' id='word_1_313' title='bbox 1697 2252 1819 2299; x_wconf 88' lang='lat' dir='ltr'>parte</span> <span class='ocrx_word' id='word_1_314' title='bbox 1853 2259 2034 2301; x_wconf 87' lang='lat' dir='ltr'>compa-</span> 
     </span>
     <span class='ocr_line' id='line_1_59' title="bbox 1170 2304 2034 2359; baseline 0.002 -13"><span class='ocrx_word' id='word_1_315' title='bbox 1170 2306 1292 2347; x_wconf 84' lang='lat' dir='ltr'>ratis.</span> <span class='ocrx_word' id='word_1_316' title='bbox 1353 2304 1417 2346; x_wconf 88' lang='lat' dir='ltr'>Ea</span> <span class='ocrx_word' id='word_1_317' title='bbox 1449 2304 1502 2345; x_wconf 87' lang='lat' dir='ltr'>de</span> <span class='ocrx_word' id='word_1_318' title='bbox 1534 2318 1580 2345; x_wconf 87' lang='lat' dir='ltr'>re</span> <span class='ocrx_word' id='word_1_319' title='bbox 1612 2306 1706 2358; x_wconf 89' lang='lat' dir='ltr'>ipse</span> <span class='ocrx_word' id='word_1_320' title='bbox 1741 2306 1920 2359; x_wconf 87' lang='lat' dir='ltr'>copiose</span> <span class='ocrx_word' id='word_1_321' title='bbox 1945 2308 2034 2348; x_wconf 83' lang='lat' dir='ltr'>dixi</span> 
     </span>
     <span class='ocr_line' id='line_1_60' title="bbox 1167 2362 2034 2419; baseline 0.002 -14"><span class='ocrx_word' id='word_1_322' title='bbox 1167 2366 1213 2406; x_wconf 91' lang='lat' dir='ltr'>in</span> <span class='ocrx_word' id='word_1_323' title='bbox 1256 2363 1530 2418; x_wconf 84' lang='lat' dir='ltr'>praefatione</span> <span class='ocrx_word' id='word_1_324' title='bbox 1576 2362 1784 2406; x_wconf 89' lang='lat' dir='ltr'>Octaviae</span> <span class='ocrx_word' id='word_1_325' title='bbox 1828 2379 1871 2419; x_wconf 89' lang='lat' dir='ltr'>p.</span> <span class='ocrx_word' id='word_1_326' title='bbox 1916 2365 2034 2407; x_wconf 80' lang='lat' dir='ltr'>xvll</span> 
     </span>
     <span class='ocr_line' id='line_1_61' title="bbox 1172 2421 1756 2466; baseline -0.002 -1"><span class='ocrx_word' id='word_1_327' title='bbox 1172 2423 1383 2465; x_wconf 87' lang='lat' dir='ltr'>-XXIV.</span> <span class='ocrx_word' id='word_1_328' title='bbox 1448 2421 1514 2464; x_wconf 85' lang='lat' dir='ltr'>Cf.</span> <span class='ocrx_word' id='word_1_329' title='bbox 1549 2422 1600 2464; x_wconf 90' lang='lat' dir='ltr'>H.</span> <span class='ocrx_word' id='word_1_330' title='bbox 1634 2423 1651 2464; x_wconf 93' lang='lat'>1</span> <span class='ocrx_word' id='word_1_331' title='bbox 1684 2424 1756 2466; x_wconf 83' lang='lat'>37.</span> 
     </span>
    </p>

    <p class='ocr_par' dir='ltr' id='par_1_24' title="bbox 1167 2481 2036 2656">
     <span class='ocr_line' id='line_1_62' title="bbox 1259 2481 2033 2540; baseline 0.001 -17"><span class='ocrx_word' id='word_1_332' title='bbox 1259 2483 1430 2537; x_wconf 81' lang='lat' dir='ltr'>facetiis</span> <span class='ocrx_word' id='word_1_333' title='bbox 1454 2482 1705 2523; x_wconf 81' lang='lat' dir='ltr'>scurrilibus</span> <span class='ocrx_word' id='word_1_334' title='bbox 1718 2496 1732 2522; x_wconf 88' lang='grc'><strong>.·</strong></span> <span class='ocrx_word' id='word_1_335' title='bbox 1750 2481 1915 2539; x_wconf 88' lang='lat' dir='ltr'>dialogi</span> <span class='ocrx_word' id='word_1_336' title='bbox 1931 2484 2033 2540; x_wconf 83' lang='lat'><strong>(11)</strong></span> 
     </span>
     <span class='ocr_line' id='line_1_63' title="bbox 1169 2541 2036 2597; baseline 0.001 -15"><span class='ocrx_word' id='word_1_337' title='bbox 1169 2541 1306 2583; x_wconf 88' lang='lat' dir='ltr'>verba</span> <span class='ocrx_word' id='word_1_338' title='bbox 1338 2541 1572 2583; x_wconf 82' lang='lat' dir='ltr'>studiorum</span> <span class='ocrx_word' id='word_1_339' title='bbox 1605 2543 1763 2595; x_wconf 82' lang='lat' dir='ltr'>quoque</span> <span class='ocrx_word' id='word_1_340' title='bbox 1782 2556 1912 2583; x_wconf 82' lang='lat' dir='ltr'>sacra</span> <span class='ocrx_word' id='word_1_341' title='bbox 1927 2555 2036 2597; x_wconf 81' lang='lat' dir='ltr'>pro-</span> 
     </span>
     <span class='ocr_line' id='line_1_64' title="bbox 1167 2600 1966 2656; baseline 0 -14"><span class='ocrx_word' id='word_1_342' title='bbox 1167 2603 1394 2656; x_wconf 82' lang='lat' dir='ltr'>fanantem</span> <span class='ocrx_word' id='word_1_343' title='bbox 1425 2600 1527 2641; x_wconf 92' lang='lat' dir='ltr'>hinc</span> <span class='ocrx_word' id='word_1_344' title='bbox 1562 2601 1820 2655; x_wconf 85' lang='lat' dir='ltr'>explicanda</span> <span class='ocrx_word' id='word_1_345' title='bbox 1851 2607 1966 2642; x_wconf 91' lang='lat' dir='ltr'>sunt.</span> 
     </span>
    </p>

    <p class='ocr_par' dir='ltr' id='par_1_25' title="bbox 1167 2658 2039 2949">
     <span class='ocr_line' id='line_1_65' title="bbox 1243 2658 2037 2715; baseline -0.001 -14"><span class='ocrx_word' id='word_1_346' title='bbox 1243 2660 1306 2701; x_wconf 64' lang='lat' dir='ltr'>in</span> <span class='ocrx_word' id='word_1_347' title='bbox 1336 2658 1616 2701; x_wconf 82' lang='lat' dir='ltr'>contumelias</span> <span class='ocrx_word' id='word_1_348' title='bbox 1647 2659 1914 2715; x_wconf 79' lang='lat' dir='ltr'>adsumptus,-</span> <span class='ocrx_word' id='word_1_349' title='bbox 1952 2672 2037 2700; x_wconf 86' lang='lat' dir='ltr'>no-</span> 
     </span>
     <span class='ocr_line' id='line_1_66' title="bbox 1167 2718 2037 2775; baseline 0 -16"><span class='ocrx_word' id='word_1_350' title='bbox 1167 2731 1266 2759; x_wconf 90' lang='lat' dir='ltr'>men</span> <span class='ocrx_word' id='word_1_351' title='bbox 1301 2718 1582 2760; x_wconf 81' lang='lat' dir='ltr'>contumeliae</span> <span class='ocrx_word' id='word_1_352' title='bbox 1613 2732 1743 2761; x_wconf 91' lang='lat' dir='ltr'>sensu</span> <span class='ocrx_word' id='word_1_353' title='bbox 1770 2721 1843 2775; x_wconf 90' lang='lat' dir='ltr'>qui</span> <span class='ocrx_word' id='word_1_354' title='bbox 1877 2719 2037 2761; x_wconf 87' lang='lat' dir='ltr'>dicitur</span> 
     </span>
     <span class='ocr_line' id='line_1_67' title="bbox 1171 2779 2037 2832; baseline 0.001 -14"><span class='ocrx_word' id='word_1_355' title='bbox 1171 2785 1378 2820; x_wconf 90' lang='lat' dir='ltr'>concreto</span> <span class='ocrx_word' id='word_1_356' title='bbox 1418 2779 1607 2832; x_wconf 77' lang='lat' dir='ltr'>positum</span> <span class='ocrx_word' id='word_1_357' title='bbox 1641 2785 1733 2831; x_wconf 93' lang='lat' dir='ltr'>est,</span> <span class='ocrx_word' id='word_1_358' title='bbox 1787 2779 1828 2820; x_wconf 90' lang='lat' dir='ltr'>h.</span> <span class='ocrx_word' id='word_1_359' title='bbox 1869 2792 1907 2821; x_wconf 89' lang='lat' dir='ltr'>e.</span> <span class='ocrx_word' id='word_1_360' title='bbox 1952 2779 2037 2820; x_wconf 94' lang='lat' dir='ltr'>ho-</span> 
     </span>
     <span class='ocr_line' id='line_1_68' title="bbox 1168 2837 2039 2891; baseline 0.001 -14"><span class='ocrx_word' id='word_1_361' title='bbox 1168 2838 1308 2879; x_wconf 91' lang='lat' dir='ltr'>mines</span> <span class='ocrx_word' id='word_1_362' title='bbox 1348 2837 1642 2879; x_wconf 82' lang='lat' dir='ltr'>contumeliae</span> <span class='ocrx_word' id='word_1_363' title='bbox 1675 2837 1947 2891; x_wconf 89' lang='lat' dir='ltr'>exponendi,</span> <span class='ocrx_word' id='word_1_364' title='bbox 1991 2844 2039 2878; x_wconf 89' lang='lat' dir='ltr'>ut</span> 
     </span>
     <span class='ocr_line' id='line_1_69' title="bbox 1170 2895 1872 2949; baseline -0.001 -12"><span class='ocrx_word' id='word_1_365' title='bbox 1170 2895 1275 2937; x_wconf 84' lang='lat' dir='ltr'>alibi</span> <span class='ocrx_word' id='word_1_366' title='bbox 1312 2904 1505 2949; x_wconf 72' lang='lat' dir='ltr'>muci-es,</span> <span class='ocrx_word' id='word_1_367' title='bbox 1541 2896 1746 2949; x_wconf 80' lang='lat' dir='ltr'>deliciae,</span> <span class='ocrx_word' id='word_1_368' title='bbox 1788 2902 1872 2938; x_wconf 85' lang='lat' dir='ltr'>cet.</span> 
     </span>
    </p>

    <p class='ocr_par' dir='ltr' id='par_1_26' title="bbox 1167 2954 2038 3723">
     <span class='ocr_line' id='line_1_70' title="bbox 1258 2954 2034 3012; baseline 0.001 -16"><span class='ocrx_word' id='word_1_369' title='bbox 1258 2954 1362 3009; x_wconf 85' lang='lat' dir='ltr'>Cap.</span> <span class='ocrx_word' id='word_1_370' title='bbox 1384 2956 1456 2998; x_wconf 88' lang='grc'><strong>35.</strong></span> <span class='ocrx_word' id='word_1_371' title='bbox 1512 2955 1653 2997; x_wconf 79' lang='lat' dir='ltr'>divum</span> <span class='ocrx_word' id='word_1_372' title='bbox 1675 2955 1908 3012; x_wconf 62' lang='lat' dir='ltr'>Augustum</span> <span class='ocrx_word' id='word_1_373' title='bbox 1933 2962 2034 2997; x_wconf 87' lang='lat' dir='ltr'>ata-</span> 
     </span>
     <span class='ocr_line' id='line_1_71' title="bbox 1167 3015 2037 3070; baseline -0.001 -14"><span class='ocrx_word' id='word_1_374' title='bbox 1167 3027 1263 3056; x_wconf 81' lang='lat' dir='ltr'>vum</span> <span class='ocrx_word' id='word_1_375' title='bbox 1292 3015 1482 3070; x_wconf 82' lang='lat' dir='ltr'>ferebat:</span> <span class='ocrx_word' id='word_1_376' title='bbox 1531 3016 1568 3056; x_wconf 90' lang='lat' dir='ltr'>si</span> <span class='ocrx_word' id='word_1_377' title='bbox 1611 3015 1746 3056; x_wconf 86' lang='lat' dir='ltr'>frater</span> <span class='ocrx_word' id='word_1_378' title='bbox 1791 3016 1874 3056; x_wconf 88' lang='lat' dir='ltr'>suit</span> <span class='ocrx_word' id='word_1_379' title='bbox 1914 3015 2037 3056; x_wconf 89' lang='lat' dir='ltr'>Lucii</span> 
     </span>
     <span class='ocr_line' id='line_1_72' title="bbox 1170 3073 2034 3129; baseline 0 -15"><span class='ocrx_word' id='word_1_380' title='bbox 1170 3078 1214 3114; x_wconf 90' lang='lat' dir='ltr'>et</span> <span class='ocrx_word' id='word_1_381' title='bbox 1245 3073 1376 3115; x_wconf 88' lang='lat' dir='ltr'>Marci</span> <span class='ocrx_word' id='word_1_382' title='bbox 1410 3073 1654 3116; x_wconf 88' lang='lat' dir='ltr'>Silanorum</span> <span class='ocrx_word' id='word_1_383' title='bbox 1688 3073 1787 3128; x_wconf 85' lang='grc' dir='ltr'>(ΧΠ</span> <span class='ocrx_word' id='word_1_384' title='bbox 1808 3076 1844 3124; x_wconf 90' lang='grc'>1,</span> <span class='ocrx_word' id='word_1_385' title='bbox 1867 3074 1961 3114; x_wconf 88' lang='lat' dir='ltr'>Xlll</span> <span class='ocrx_word' id='word_1_386' title='bbox 1989 3075 2034 3129; x_wconf 86' lang='lat'>1)</span> 
     </span>
     <span class='ocr_line' id='line_1_73' title="bbox 1167 3132 2037 3187; baseline -0.002 -14"><span class='ocrx_word' id='word_1_387' title='bbox 1167 3132 1354 3187; x_wconf 91' lang='lat' dir='ltr'>Augusti</span> <span class='ocrx_word' id='word_1_388' title='bbox 1388 3132 1667 3185; x_wconf 83' lang='lat' dir='ltr'>abnepotum,</span> <span class='ocrx_word' id='word_1_389' title='bbox 1701 3138 1747 3172; x_wconf 90' lang='lat' dir='ltr'>ut</span> <span class='ocrx_word' id='word_1_390' title='bbox 1779 3132 1883 3172; x_wconf 87' lang='lat' dir='ltr'>satis</span> <span class='ocrx_word' id='word_1_391' title='bbox 1915 3133 2037 3173; x_wconf 87' lang='lat' dir='ltr'>veri-</span> 
     </span>
     <span class='ocr_line' id='line_1_74' title="bbox 1168 3190 2037 3243; baseline -0.001 -11"><span class='ocrx_word' id='word_1_392' title='bbox 1168 3190 1314 3232; x_wconf 87' lang='lat' dir='ltr'>simile</span> <span class='ocrx_word' id='word_1_393' title='bbox 1357 3197 1445 3242; x_wconf 89' lang='lat' dir='ltr'>est,</span> <span class='ocrx_word' id='word_1_394' title='bbox 1498 3204 1594 3231; x_wconf 89' lang='lat' dir='ltr'>cum</span> <span class='ocrx_word' id='word_1_395' title='bbox 1638 3190 1807 3243; x_wconf 77' lang='lat' dir='ltr'>Ryckio</span> <span class='ocrx_word' id='word_1_396' title='bbox 1855 3192 2037 3231; x_wconf 86' lang='lat' dir='ltr'>abavum</span> 
     </span>
     <span class='ocr_line' id='line_1_75' title="bbox 1169 3249 2035 3304; baseline 0.001 -16"><span class='ocrx_word' id='word_1_397' title='bbox 1169 3261 1245 3303; x_wconf 90' lang='lat' dir='ltr'>pro</span> <span class='ocrx_word' id='word_1_398' title='bbox 1279 3257 1404 3291; x_wconf 86' lang='lat' dir='ltr'>atavo</span> <span class='ocrx_word' id='word_1_399' title='bbox 1425 3251 1588 3290; x_wconf 91' lang='lat' dir='ltr'>rectius</span> <span class='ocrx_word' id='word_1_400' title='bbox 1616 3249 1843 3291; x_wconf 85' lang='lat' dir='ltr'>scribetur.</span> <span class='ocrx_word' id='word_1_401' title='bbox 1895 3250 2035 3304; x_wconf 85' lang='lat' dir='ltr'>Ipsum</span> 
     </span>
     <span class='ocr_line' id='line_1_76' title="bbox 1169 3308 2035 3363; baseline -0.001 -14"><span class='ocrx_word' id='word_1_402' title='bbox 1169 3309 1360 3350; x_wconf 84' lang='lat' dir='ltr'>Tacitum</span> <span class='ocrx_word' id='word_1_403' title='bbox 1395 3321 1560 3350; x_wconf 85' lang='lat' dir='ltr'>errasse</span> <span class='ocrx_word' id='word_1_404' title='bbox 1593 3310 1635 3349; x_wconf 92' lang='lat' dir='ltr'>in</span> <span class='ocrx_word' id='word_1_405' title='bbox 1671 3321 1721 3350; x_wconf 87' lang='lat' dir='ltr'>ea</span> <span class='ocrx_word' id='word_1_406' title='bbox 1757 3322 1802 3350; x_wconf 88' lang='lat' dir='ltr'>re</span> <span class='ocrx_word' id='word_1_407' title='bbox 1834 3308 2035 3363; x_wconf 87' lang='lat' dir='ltr'>equidem</span> 
     </span>
     <span class='ocr_line' id='line_1_77' title="bbox 1169 3367 2034 3409; baseline 0 -2"><span class='ocrx_word' id='word_1_408' title='bbox 1169 3380 1254 3408; x_wconf 90' lang='lat' dir='ltr'>non</span> <span class='ocrx_word' id='word_1_409' title='bbox 1290 3367 1474 3409; x_wconf 88' lang='lat' dir='ltr'>credam.</span> <span class='ocrx_word' id='word_1_410' title='bbox 1532 3367 1636 3409; x_wconf 84' lang='lat' dir='ltr'>Nam</span> <span class='ocrx_word' id='word_1_411' title='bbox 1672 3381 1765 3409; x_wconf 91' lang='lat' dir='ltr'>cum</span> <span class='ocrx_word' id='word_1_412' title='bbox 1790 3367 1899 3408; x_wconf 87' lang='lat' dir='ltr'>haec</span> <span class='ocrx_word' id='word_1_413' title='bbox 1923 3368 2034 3409; x_wconf 89' lang='lat' dir='ltr'>scri-</span> 
     </span>
     <span class='ocr_line' id='line_1_78' title="bbox 1170 3426 2036 3483; baseline -0.003 -17"><span class='ocrx_word' id='word_1_414' title='bbox 1170 3428 1276 3480; x_wconf 87' lang='lat' dir='ltr'>psit,</span> <span class='ocrx_word' id='word_1_415' title='bbox 1318 3429 1402 3468; x_wconf 90' lang='lat' dir='ltr'>iam</span> <span class='ocrx_word' id='word_1_416' title='bbox 1448 3439 1589 3467; x_wconf 87' lang='lat' dir='ltr'>rerum</span> <span class='ocrx_word' id='word_1_417' title='bbox 1634 3427 1686 3468; x_wconf 87' lang='lat' dir='ltr'>ab</span> <span class='ocrx_word' id='word_1_418' title='bbox 1719 3426 1918 3482; x_wconf 79' lang='lat' dir='ltr'>Augusto</span> <span class='ocrx_word' id='word_1_419' title='bbox 1953 3441 2036 3483; x_wconf 86' lang='lat' dir='ltr'>ge..</span> 
     </span>
     <span class='ocr_line' id='line_1_79' title="bbox 1169 3484 2038 3540; baseline 0.001 -14"><span class='ocrx_word' id='word_1_420' title='bbox 1169 3492 1327 3526; x_wconf 81' lang='lat' dir='ltr'>starum</span> <span class='ocrx_word' id='word_1_421' title='bbox 1365 3484 1587 3526; x_wconf 85' lang='lat' dir='ltr'>historiam</span> <span class='ocrx_word' id='word_1_422' title='bbox 1611 3487 1751 3526; x_wconf 84' lang='lat' dir='ltr'>animo</span> <span class='ocrx_word' id='word_1_423' title='bbox 1774 3490 2038 3540; x_wconf 73' lang='lat' dir='ltr'>conceperat</span> 
     </span>
     <span class='ocr_line' id='line_1_80' title="bbox 1172 3543 2037 3602; baseline 0.003 -18"><span class='ocrx_word' id='word_1_424' title='bbox 1172 3544 1254 3598; x_wconf 87' lang='lat'><em>(111</em></span> <span class='ocrx_word' id='word_1_425' title='bbox 1287 3543 1367 3600; x_wconf 78' lang='lat'>24)</span> <span class='ocrx_word' id='word_1_426' title='bbox 1417 3550 1459 3585; x_wconf 88' lang='lat' dir='ltr'>et</span> <span class='ocrx_word' id='word_1_427' title='bbox 1502 3546 1544 3585; x_wconf 92' lang='lat' dir='ltr'>in</span> <span class='ocrx_word' id='word_1_428' title='bbox 1588 3550 1722 3585; x_wconf 87' lang='lat' dir='ltr'>totum</span> <span class='ocrx_word' id='word_1_429' title='bbox 1762 3544 1870 3586; x_wconf 90' lang='lat' dir='ltr'>illud</span> <span class='ocrx_word' id='word_1_430' title='bbox 1902 3558 2037 3602; x_wconf 81' lang='lat' dir='ltr'>urgu-</span> 
     </span>
     <span class='ocr_line' id='line_1_81' title="bbox 1170 3603 2038 3659; baseline 0.003 -16"><span class='ocrx_word' id='word_1_431' title='bbox 1170 3608 1360 3644; x_wconf 89' lang='lat' dir='ltr'>mentum</span> <span class='ocrx_word' id='word_1_432' title='bbox 1403 3603 1538 3656; x_wconf 89' lang='lat' dir='ltr'>probe</span> <span class='ocrx_word' id='word_1_433' title='bbox 1579 3604 1631 3645; x_wconf 85' lang='lat' dir='ltr'>ab</span> <span class='ocrx_word' id='word_1_434' title='bbox 1665 3604 1864 3645; x_wconf 87' lang='lat' dir='ltr'>omnibus</span> <span class='ocrx_word' id='word_1_435' title='bbox 1897 3606 2038 3659; x_wconf 79' lang='lat' dir='ltr'>parti-</span> 
     </span>
     <span class='ocr_line' id='line_1_82' title="bbox 1170 3662 2038 3723; baseline 0.007 -20"><span class='ocrx_word' id='word_1_436' title='bbox 1170 3662 1249 3705; x_wconf 86' lang='lat' dir='ltr'>bus</span> <span class='ocrx_word' id='word_1_437' title='bbox 1292 3663 1594 3720; x_wconf 83' lang='lat' dir='ltr'>inquisiverat.</span> <span class='ocrx_word' id='word_1_438' title='bbox 1653 3663 1842 3706; x_wconf 87' lang='lat' dir='ltr'>Verbum</span> <span class='ocrx_word' id='word_1_439' title='bbox 1871 3665 2038 3723; x_wconf 73' lang='lat' dir='ltr'>ferebat</span> 
     </span>
    </p>
   </div>
  </div>
 </body>
</html>
