2222 4022
214 291 254 320 a.
286 287 330 318 u.
364 274 463 319 767.
498 286 523 316 a
555 271 602 315 C.
639 272 707 316 14.
909 267 1072 314 LIBER
1103 268 1135 312 1.
1201 266 1306 312 Gap.
1340 265 1470 312 3-5.
2002 266 2031 310 9

215 423 424 487 insuper
462 416 900 481 adulescentibus,
959 413 1042 480 qui
1078 427 1184 464 rem
1232 412 1482 478 publicam
1535 407 1736 460 interim
1788 410 2033 474 premant,

166 511 520 579 5quandoque
558 507 851 560 distrahant.
959 505 1098 556 Haec
1137 508 1285 569 atque
1336 502 1454 554 talia
1495 499 1799 569 agitantibus
1849 513 2040 565 grave-

222 618 370 656 scere
385 600 610 653 valitudo
630 597 875 666 August13
910 601 959 648 et
995 595 1195 662 quidam
1236 595 1402 648 scelus
1444 592 1619 647 uxoris
1661 589 2034 657 suspectabant.

217 695 409 761 Quippe
463 705 636 743 rumor
690 690 1006 753 incesserat,
1041 674 1257 753 'paucos
1315 692 1432 737 ante
1483 699 1683 737 menses
1732 683 2032 750 Augustum,
2108 721 2222 791 ·.'l⁷›‘

176 815 183 846 1
215 784 389 856 electis
427 780 647 851 consciis
687 785 736 831 et
776 780 959 831 comite
995 794 1095 829 uno
1127 779 1280 829 Fabio
1317 777 1566 841 MaximO,
1625 774 1906 827 Planasiam
1945 783 2105 825 ve-ts
2123 798 2164 832 »ῖς

168 876 174 911 ³5
220 880 351 926 ctum
386 850 450 925 ad
486 872 753 924 visendum
790 872 1097 939 Agrippam3
1157 870 1336 922 multas
1381 869 1484 920 illic
1522 867 1769 933 utrimque
1803 865 2038 917 lacrimas

219 972 268 1020 et
303 966 449 1034 signa
495 965 746 1029 caritatiS,
802 978 1040 1030 spemque
1080 979 1143 1015 ex
1185 977 1246 1013 eo
1288 962 1400 1013 fore
1450 965 1504 1011 ut
1539 958 1738 1011 iuvenis
1776 957 2042 1024 penatibus

219 1058 300 1122 avi
348 1056 665 1109 redderetur.
762 1055 909 1116 Quod
961 1054 1230 1105 Maximum
1283 1052 1430 1104 uxori
1483 1050 1707 1103 Marciae
1762 1049 2042 1115 aperuisse,

168 1134 173 1140 ⁸
218 1149 351 1201 illam
388 1148 577 1201 Liviae.
653 1146 872 1198 Gnarum
911 1145 963 1196 id
1005 1144 1241 1207 Caesari3
1277 1159 1442 1210 neque
1479 1142 1632 1192 multo
1668 1144 1784 1207 post
1821 1139 2043 1191 extincto

218 1241 470 1304 Maximo,
525 1220 737 1290 dubium*
767 1219 832 1289 an
874 1237 1102 1303 quaesita
1139 1240 1330 1299 morte,
1390 1234 1590 1286 auditos
1626 1232 1678 1283 in
1717 1231 1896 1283 sunere
1935 1229 2110 1282 eiusio
2151 1245 2157 1248 ·

217 1332 439 1386 Marciae
475 1330 691 1398 gemitus
728 1333 888 1381 semet
934 1328 1245 1392 incusantis,
1303 1326 1438 1393 quod
1483 1339 1635 1376 causa
1676 1306 1816 1376 exitii
1863 1322 2043 1373 marito

219 1423 412 1475 fuisset.
487 1423 764 1487 Utcumque
799 1435 855 1471 se
891 1435 951 1472 ea
987 1434 1071 1470 res
1108 1418 1297 1481 habuit,
1332 1416 1538 1468 vixdum
1575 1415 1840 1482 ingressus
1880 1412 2048 1479 Illyri-

222 1530 334 1566 cum
386 1513 615 1566 Tiberius
665 1512 898 1580 properis
950 1510 1123 1562 matris
1172 1509 1352 1561 litteris
1408 1508 1628 1571 accitur,
1707 1519 1871 1572 neque
1922 1503 2046 1556 satis

222 1610 530 1672 compertum
559 1608 652 1670 est,
689 1604 960 1671 spirantem
998 1602 1162 1655 adhuc
1188 1602 1470 1669 Augustum
1498 1598 1628 1665 apud
1662 1598 1839 1649 urbem
1865 1595 2044 1648 Nolam

222 1713 286 1749 an
323 1698 604 1749 exanimem
639 1695 936 1762 reppererit.
1027 1694 1246 1745 Acribus
1299 1707 1516 1759 namque
1559 1690 1802 1742 custodiis
1843 1688 2110 1741 domumis

222 1794 271 1840 et
304 1789 415 1840 vias
453 1791 714 1854 saepserat
753 1787 923 1851 Livia3
958 1787 1177 1852 laetique
1215 1785 1465 1838 interdum
1502 1782 1663 1834 nuntii
1689 1781 2045 1849 vulgabantur,

223 1879 387 1932 donec
420 1880 643 1946 provisis
680 1895 809 1946 quae
846 1883 1040 1945 tempus
1077 1877 1331 1941 monebat,
1370 1876 1517 1928 simul
1552 1873 1842 1927 excessisse
1867 1872 2049 1940 Augu-

221 1976 349 2023 stum
387 1977 437 2023 et
477 1987 645 2024 rerum
679 1971 832 2038 potiri
866 1971 1121 2024 Neronem
1157 1970 1288 2021 fama
1326 1964 1667 2021 eadem‘tulit.

353 2133 391 2174 1.
429 2137 660 2188 praemant
700 2132 863 2186 (prima
902 2131 1003 2185 syn.
1047 2143 1124 2185 per
1165 2128 1420 2185 compend.)
1463 2129 1517 2170 M.
1611 2129 1652 2171 5.
1687 2124 1855 2168 conscis
1887 2125 1941 2166 M.
2004 2125 2047 2166 8.

221 2192 427 2244 marciae,
463 2204 551 2232 non
586 2192 800 2245 Martiae,
835 2190 888 2232 M.
1000 2191 1041 2233 9.
1075 2204 1259 2246 quarum
1290 2189 1485 2243 Lipsius.
1526 2187 1580 2230 M.
1609 2187 1658 2229 G.
1693 2199 1866 2226 nauum.
1939 2185 1981 2224 in
2007 2183 2049 2226 M

221 2257 364 2293 autem
396 2250 580 2293 inferior
610 2262 709 2305 pars
741 2250 914 2291 litterae
936 2250 970 2291 G
991 2250 1165 2292 videtur
1197 2263 1222 2290 a
1253 2261 1381 2289 manu
1409 2260 1497 2289 sec.
1626 2247 1692 2289 12.
1726 2251 1937 2298 utcunque
1971 2243 2042 2285 Or.

217 2324 301 2352 aea
330 2322 381 2364 pl·
411 2309 466 2351 M.
621 2311 688 2352 14.
723 2315 967 2364 conpertum
1007 2309 1060 2351 M.
1189 2309 1256 2350 15.
1290 2308 1551 2364 reppererit,
1594 2317 1681 2346 non
1721 2304 1955 2361 repererit,
1988 2302 2043 2344 M.

221 2369 287 2413 16.
322 2375 559 2427 saepserat,
593 2381 681 2410 non
713 2375 918 2425 sepserat,
953 2367 1007 2409 M.

213 2526 358 2568 littera
420 2531 710 2568 connectente
751 2524 783 2567 ἵ
815 2512 1081 2580 composita,
1169 2537 1256 2565 non
1301 2530 1380 2566 est.
1454 2523 1580 2565 Conf.
1614 2522 1674 2564 IV
1707 2523 1757 2564 3:
1802 2534 1856 2562 ne
1895 2519 2047 2576 pellici

212 2598 337 2641 quam
386 2585 560 2639 plenior
603 2585 682 2627 illa
733 2585 962 2637 valemdo,
1029 2598 1083 2626 ex
1168 2589 1500 2639 suspectaretur.
1575 2582 1641 2624 De
1674 2583 1758 2623 ista
1789 2581 2044 2633 suspicione

1170 2646 1300 2686 etiam
1333 2644 1416 2684 Dio
1451 2642 1524 2683 LV
1558 2644 1630 2694 22,
1666 2639 1760 2682 LVI
1793 2641 1867 2683 30.

210 2645 343 2699 stirpe
354 2644 457 2686 vale
467 2669 522 2676 --
531 2658 579 2686 re
591 2651 634 2686 et
645 2645 796 2687 eadem
807 2645 1082 2686 terminatio-

1257 2703 1366 2757 quod
1390 2702 1626 2744 Maximam
1655 2700 1785 2741 uxori
1810 2725 1866 2731 —
1889 2700 2044 2741 marito

211 2717 266 2745 ne
285 2704 570 2756 conformata,
597 2717 708 2759 quae
730 2706 949 2759 reperitur
967 2703 1082 2757 apud

211 2763 435 2805 Horatium
468 2763 604 2805 Serm.
638 2763 675 2804 ΙΙ
705 2766 734 2806 2
763 2764 844 2816 88,
890 2762 1030 2816 Epist.
1064 2763 1081 2804 Ι

210 2822 239 2864 4
267 2822 335 2874 10,
366 2823 411 2863 in
454 2823 811 2876 inscriptionibus
854 2822 968 2876 apud
991 2822 1078 2863 Fa·-

210 2881 414 2923 brettium
448 2895 485 2922 c.
506 2881 543 2921 X
575 2880 738 2934 n.443,
773 2882 1002 2923 Gruterum
1036 2894 1077 2934 p.

211 2939 313 2991 234,
346 2937 573 2980 Marinium
607 2940 720 2994 (Atti
755 2953 779 2981 e
810 2940 1079 2981 Monumenti

211 2997 331 3053 degli
362 2998 513 3039 Arvali
557 3011 599 3052 p.
635 2997 758 3055 ΟΠ),
804 3001 934 3040 etiam
966 3000 1080 3053 apud

210 3055 418 3100 Tacitum.
490 3056 613 3099 Nunc
644 3070 856 3112 sponsore
889 3059 928 3100 M
959 3057 1074 3100 vali-

210 3115 307 3157 tudo
330 3116 606 3158 scribendum
639 3123 745 3160 erat.

298 3182 337 3216 et
364 3175 535 3230 quidam
563 3176 700 3218 scelus
734 3178 884 3218 umoris
929 3191 1077 3233 suspe-

210 3234 408 3274 etaiam.-
452 3242 694 3290 suspectare
738 3242 805 3278 est
843 3243 1078 3291 suspectum

210 3291 382 3343 habere,
409 3294 621 3348 suspicari
639 3300 783 3336 autem
816 3295 969 3337 ducere
1001 3310 1077 3335 su-

209 3351 434 3406 spiciones.
468 3350 582 3392 Illud
608 3352 678 3394 bic
703 3359 850 3394 noster
871 3353 1077 3408 praetulit

210 3409 467 3464 plerumque
502 3413 567 3464 (v.
592 3409 610 3451 Ι
637 3412 704 3462 13,
729 3411 784 3452 ΧΙ
810 3412 876 3462 16,
911 3411 986 3452 XII
1003 3412 1075 3464 65,

209 3467 303 3510 xnl
334 3468 392 3511 39
424 3476 467 3510 et
497 3468 580 3519 47,
623 3469 701 3510 XV
734 3470 803 3511 51.
850 3470 899 3511 H.
933 3469 970 3510 11
1003 3471 1073 3521 27,

208 3525 404 3584 11182),
456 3528 571 3583 quod
621 3528 805 3570 inclinat
845 3527 898 3570 ad
939 3528 1074 3570 verba

210 3585 549 3643 frequentativa,
583 3592 626 3630 et
664 3588 767 3644 quia
798 3588 938 3630 forma
968 3599 1073 3641 pas-

211 3645 307 3687 siva
338 3650 404 3688 est
432 3645 556 3689 verbi
576 3653 834 3705 suspectare,
863 3646 1075 3704 suspicari

1165 2763 1339 2817 fuisset.-
1388 2761 1590 2803 admixtis
1633 2760 1757 2801 falsis
1801 2758 1914 2800 idem
1961 2758 2046 2800 hoc

1166 2828 1310 2862 narrat
1335 2820 1590 2861 Plutarchus
1623 2823 1734 2875 περὶ
1767 2817 2046 2873 ἀδολεσχίας

1168 2894 1262 2934 cap.
1284 2883 1350 2922 11.
1387 2878 1513 2922 Conf
1551 2877 1840 2920 DioLV130.
1877 2876 2044 2918 Plinius

1165 2940 1216 2981 N.
1252 2940 1302 2981 H.
1352 2938 1426 2979 Vll
1472 2939 1558 2982 46·
1607 2937 1823 2978 abdicatio
1859 2936 2045 2978 Postumi

1165 2998 1386 3055 Ayrippae
1416 3006 1513 3054 post
1544 2997 1838 3052 adoptionem,
1874 2995 2043 3037 deside-

1165 3059 1278 3099 rium
1304 3065 1401 3114 post
1441 3058 1772 3113 releqationem‚
1823 3054 1922 3096 inde
1966 3070 2041 3096 su-

1164 3118 1295 3172 spicio
1318 3119 1365 3158 in
1380 3116 1556 3159 Fabiam
1569 3127 1910 3168 arcanorumque
1931 3128 1986 3169 pr
1990 3127 2040 3154 o-

1165 3176 1380 3218 ditionem.

1256 3237 1491 3290 spirantem
1514 3233 1655 3275 adhuc
1667 3232 1928 3286 Auqustum:
1956 3229 2039 3271 hoc

1164 3295 1305 3346 ipsum
1360 3293 1545 3335 affirmat
1602 3292 1800 3332 Velleius
1855 3287 1890 3327 11
1938 3291 2035 3342 123,

1164 3353 1410 3394 indefessus
1432 3351 1592 3392 Tiberii
1617 3349 1832 3398 adulator,
1858 3352 1901 3389 et
1922 3347 2037 3390 Sue..

1162 3412 1307 3451 tonius
1342 3413 1384 3452 in
1408 3410 1498 3451 Tib.
1524 3411 1595 3460 21,
1629 3409 1703 3450 ubi
1736 3406 1871 3450 verba
1897 3405 2035 3450 Taciti

1163 3470 1404 3522 respiciens
1426 3474 1469 3511 et
1493 3473 1766 3510 correcturus
1792 3467 1971 3509 scribit:
1998 3475 2037 3509 et

1158 3530 1300 3570 statim
1321 3543 1375 3570 eae
1398 3529 1551 3570 itinere
1576 3534 1800 3570 revocatus
1822 3529 1910 3568 iam
1935 3527 2031 3581 qui-

1159 3587 1251 3629 dem
1284 3588 1483 3644 affectum
1513 3588 1589 3630 sed
1625 3594 1767 3629 tamen
1797 3589 2034 3644 spirantem

1160 3646 1299 3690 adhuc
1328 3644 1563 3704 Auyastum
1608 3648 1822 3705 repperit,
1869 3645 2031 3702 sititque
