2222 4022
198 236 331 280 XLVI
923 255 926 258 ’
980 235 1249 287 ΡΒΟΟΕΜΙΙ

191 383 590 438 describendum·
618 398 751 436 nova
785 381 906 440 vitia
944 381 1187 448 permulta
1224 381 1622 447 admitterentur,
1657 386 1832 435 vetera
1861 398 2015 450 saepe

186 487 478 541 perperam,
539 474 810 540 aliquando
850 472 1068 525 feliciter
1103 475 1502 541 corrigerentur.
1577 474 1713 528 Inter
1753 489 1899 540 quem
1936 475 2017 529 la-

187 565 362 617 borem
419 567 621 632 antiqua
670 565 858 616 veteris
916 564 1032 616 libri
1087 565 1335 631 scriptura
1375 564 1601 630 pluribus
1641 564 1772 616 locis
1813 565 2013 630 detrita,

187 656 277 707 sed
320 657 416 708 alia
457 658 518 708 ab
558 657 761 722 antiqua
798 670 948 707 manu
978 671 1084 708 non
1119 657 1230 709 sine
1267 658 1528 711 erroribus
1566 658 1929 725 superinducta
1966 662 2017 711 et

185 747 381 813 expleta
422 753 500 798 est
514 765 527 811 3
569 749 687 800 item
728 748 969 799 interiere
1009 743 1206 800 duobus
1244 748 1373 800 locis
1417 750 1502 812 (H.
1544 750 1564 800 I
1605 748 1832 813 69—75,
1877 747 2015 800 86-

188 830 230 882 11
269 833 327 897 2)
368 832 466 889 duo
507 832 646 896 folia,
688 846 816 897 quae
855 833 907 883 in
945 833 1056 885 aliis
1098 850 1161 885 ex
1198 834 1417 900 antiquis
1451 834 1598 886 huius
1634 834 1751 885 libri
1791 834 2015 885 nondum

186 921 432 974 decurtati
462 923 770 990 apographis
811 924 1036 990 suppleta
1077 924 1328 992 leguntur.
1403 926 1548 976 Hunc
1586 925 1844 989 codicem,
1882 926 2017 976 Lan-

185 1014 482 1080 gobardicis
540 1015 719 1067 litteris
775 1017 1015 1082 scriptum
1079 1022 1127 1068 et
1178 1017 1312 1068 lectu
1361 1017 1642 1083 difficilem,
1708 1016 2014 1084 significavit

183 1105 407 1172 Poggius
450 1106 501 1156 in
541 1107 764 1172 Epistola
808 1108 890 1161 die
931 1110 1012 1160 21.
1055 1109 1291 1160 Octobris
1328 1125 1373 1160 a.
1416 1109 1547 1163 1427
1587 1110 1776 1175 scripta
1824 1109 1888 1160 ad
1925 1108 2018 1161 Ni-

193 1195 391 1247 colaum
427 1197 768 1249 Florentinum
811 1207 884 1265 (p.
924 1198 1080 1262 2130:
1114 1200 1294 1250 misisti
1329 1200 1449 1250 mihi
1480 1200 1663 1251 librum
1695 1199 1936 1264 Senecae,
1973 1205 2021 1250 et

187 1285 475 1337 Cornelium
532 1287 783 1353 Tacitum,
835 1291 970 1355 quod
1001 1296 1075 1340 est
1107 1290 1225 1340 mihi
1263 1296 1488 1355 pratum.-
1542 1297 1596 1342 at
1651 1291 1697 1341 is
1731 1296 1807 1342 est
1841 1290 2017 1342 litteris

187 1376 511 1445 lonyobardis
555 1386 603 1430 et
635 1380 821 1431 maiori
861 1397 926 1431 ea:
962 1387 1111 1447 parte
1148 1382 1352 1432 caducis
1372 1388 1404 1444 1,
1442 1383 1576 1450 quod
1609 1383 1655 1433 si
1691 1382 1918 1444 scissem,
1954 1382 2020 1433 li-

186 1468 444 1521 berassem
479 1477 526 1521 te
561 1487 618 1522 eo
660 1471 854 1523 labore.
915 1472 1035 1539 Le9i
1066 1473 1182 1524 olim
1214 1474 1474 1539 quemdam
1511 1475 1651 1540 apud
1682 1489 1775 1529 vos
1811 1489 2018 1525 manem·

187 1561 366 1611 litteris
422 1562 643 1627 antiquis
653 1579 672 1623 ,·
725 1563 896 1613 nescio
945 1563 1200 1615 Colucz'ine
1258 1570 1390 1616 esset
1448 1581 1516 1616 aa
1573 1565 1800 1617 alterius.
1874 1565 2020 1618 Illum

188 1652 335 1717 cupio
378 1653 566 1704 habere
601 1654 683 1704 vel
723 1654 876 1704 alium
912 1655 996 1719 qui
1038 1655 1131 1721 leyz'
1160 1655 1355 1720 possit:
1411 1671 1528 1706 nam
1565 1656 1765 1722 difficile
1801 1656 1899 1711 erit
1933 1672 2021 1706 re-

181 1745 356 1809 perire
393 1745 719 1812 scriptorem,
775 1746 860 1812 qui
895 1746 1027 1796 hunc
1060 1746 1278 1798 codicem
1320 1752 1454 1798 recte
1498 1747 1660 1814 ἱεραῖς
1710 1747 1821 1799 ideo
1873 1762 2018 1808 cura,

184 1841 241 1886 ut
281 1837 433 1887 alia-m
468 1836 708 1902 habeam,
756 1838 803 1888 si
842 1838 956 1903 sieri
989 1843 1170 1903 potest.
1243 1839 1318 1890 De
1357 1839 1538 1890 eodem
1578 1839 1735 1891 verba
1777 1839 1898 1892 facit
1935 1838 2019 1890 die

186 1928 216 1978 5
252 1928 380 1979 Iunii
422 1943 465 1978 a.
516 1927 680 1981 1428:
721 1929 834 1979 dedi
865 1928 1255 1980 Bartholomaeo
1296 1930 1355 1980 de
1393 1928 1583 1981 Bardi-e
1620 1930 1855 1981 decadem
1890 1929 2024 1983 Livii

187 2024 234 2069 et
274 2020 560 2071 Cornelium
602 2020 856 2085 Tacitum,
894 2026 950 2071 ut
987 2021 1101 2072 illos
1141 2022 1210 2072 ad
1245 2027 1291 2071 te
1325 2021 1517 2072 mittat:
1579 2022 1634 2072 in
1666 2027 1751 2073 tao
1790 2020 2022 2073 Cornelio

187 2111 420 2176 deficiunt
449 2112 627 2176 plures
666 2111 874 2162 chartae
914 2112 1080 2162 variis
1116 2112 1169 2162 in
1217 2112 1340 2163 locis
1361 2118 1394 2163 ².
1469 2113 1546 2165 Ex
1581 2113 1660 2164 his
1699 2112 1887 2165 clarum
1926 2117 2020 2176 est,

187 2202 397 2254 alterum
438 2204 669 2255 codicem
699 2204 983 2256 Mediceum
1018 2205 1069 2254 in
1088 2204 1373 2256 Florentiae
1411 2204 1647 2270 oppidum
1689 2205 1788 2256 iam
1825 2203 2020 2271 pridem

187 2293 486 2358 devenisse,
546 2299 683 2359 patet
732 2309 933 2361 quoque
973 2295 1091 2360 quid
1133 2296 1231 2346 sibi
1285 2295 1406 2347 velit
1445 2296 1686 2361 inscripta
1725 2295 1772 2346 ei
1811 2295 2017 2349 notitia:

181 2383 494 2435 ‘Conventus
541 2386 589 2437 S.
635 2385 793 2437 Marci
833 2385 895 2436 de
934 2385 1188 2437 Florentia
1234 2386 1440 2438 Ordinis
1492 2385 1900 2451 praedicatorum
1961 2386 2022 2437 de

189 2476 465 2526 hereditate
503 2475 705 2527 Nicolai
742 2476 909 2528 Nicoli
945 2476 1220 2552 [florentini
1257 2477 1360 2526 viri
1396 2475 1700 2529 doctissimi?

330 2568 591 2634 Reliquum
628 2573 705 2620 est
745 2573 798 2619 ut
836 2569 900 2620 de
938 2569 1170 2620 codicum
1206 2568 1406 2620 illorum
1459 2573 1591 2620 statu
1627 2569 1881 2635 qui2nunc
1923 2568 2019 2620 ob·
2035 2580 2106 2628 :30

190 2658 315 2710 tinet
363 2675 522 2725 pauca
581 2665 818 2711 notentur
836 2662 868 2710 ³.
942 2660 1087 2711 Prior
1138 2660 1396 2712 Mediceus
1446 2659 1498 2709 in
1537 2659 1845 2712 bibliotheca
1882 2660 2018 2712 Lau-

191 2750 421 2801 rentiana
476 2751 761 2802 Florentiae
802 2751 959 2816 plutei
1009 2751 1075 2803 68
1126 2751 1317 2818 primus
1370 2750 1535 2802 codex
1592 2756 1911 2816 numeratur,
1970 2751 2023 2801 in

190 2840 550 2892 bibliothecam
602 2843 770 2908 gentis
828 2842 1092 2894 Mediceae
1149 2843 1247 2893 iam
1284 2848 1385 2893 tum
1422 2842 1645 2894 inclitam
1681 2841 1877 2894 delatus
1911 2846 2025 2908 post

192 2936 405 2982 mortem
442 2934 516 2993 (1.
557 2933 825 2984 Decembr.
872 2933 1031 2997 1521)
1065 2933 1383 2999 possessoris
1418 2933 1625 2999 Leonis,
1670 2933 1754 3000 qui
1784 2933 1894 3000 ipse
1914 2933 2026 2985 Me-

306 3054 340 3093 1.
403 3051 509 3092 Rem
567 3058 807 3108 exaggerat
855 3052 1065 3108 Poggius.
1152 3051 1376 3093 Florentia
1406 3053 1519 3093 mitti
1548 3058 1650 3095 tunc
1681 3052 1880 3104 volebat,
1926 3066 2023 3094 cum

195 3109 397 3152 Ceterum
430 3109 519 3151 illis
552 3111 820 3166 temporibus
852 3113 1067 3166 scriptura
1151 3124 1274 3165 spem
1316 3111 1488 3153 foveret
1526 3124 1625 3154 sese
1659 3111 1913 3167 propediem
1946 3125 2023 3154 ac-

193 3169 246 3211 ab
280 3169 366 3211 alia
399 3182 525 3210 manu
556 3170 744 3212 nondum
773 3171 973 3225 suppleta
995 3173 1066 3213 vi-
1153 3177 1378 3224 cepturum
1423 3183 1520 3212 esse
1563 3170 1674 3212 alios
1707 3185 1761 3213 ex
1797 3170 2024 3213 Germania
2085 3221 2091 3226 ¹

193 3229 319 3270 detur
350 3229 501 3271 fuisse.
1151 3242 1229 3283 per
1263 3228 1522 3270 monachum
1555 3227 1936 3284 flersfeldensem,
1977 3235 2024 3271 ut

282 3291 324 3333 2.
369 3287 583 3344 intelligit
616 3287 815 3342 defectus
849 3288 1065 3329 Historia-
1151 3294 1254 3330 nota
1287 3296 1329 3330 et
1368 3290 1520 3345 ignota
1554 3288 1755 3332 conferre
1790 3295 1922 3350 atque
1950 3290 2024 3332 in-

193 3359 285 3387 rum
316 3347 424 3388 duos
458 3347 584 3388 modo
616 3347 845 3400 indicatos,
879 3347 1065 3388 fortasse
1151 3353 1320 3405 tegrum
1361 3347 1555 3390 codicem
1601 3349 1819 3391 conficere
1859 3354 2021 3404 posset.

196 3407 324 3446 etiam
361 3419 564 3460 magnum
609 3406 842 3448 Annalium
893 3408 935 3447 in
981 3406 1066 3447 fine

194 3464 374 3516 hiatum,
406 3477 535 3519 quem
565 3467 710 3507 inesse
745 3467 876 3507 etiam
910 3465 1069 3507 ceteris
1240 3468 1282 3510 3.
1338 3465 1404 3509 Cf.
1436 3467 1639 3513 Bandinii
1674 3465 1909 3522 Catalogus
1945 3477 2023 3508 co-

194 3529 297 3565 tunc
346 3535 431 3563 non
483 3524 808 3567 recordabatur.
874 3524 1068 3581 Poggius
1153 3524 1297 3566 dicum
1331 3526 1472 3582 Lati-n.
1505 3523 1804 3569 bibliothecae
1827 3525 2023 3567 Lauren-

195 3583 397 3642 cognitos
429 3581 566 3625 Taciti
604 3583 738 3626 libros
770 3584 854 3627 sibi
887 3584 1067 3629 Romam
1152 3586 1297 3627 tianae
1329 3591 1359 3628 t.
1395 3585 1432 3628 ΙΙ
1463 3599 1508 3641 p.
1537 3583 1623 3636 831
1656 3596 1752 3643 sqq.
