2222 4022
920 271 1065 315 CAPvr
1091 272 1211 315 46-
1225 274 1291 315 18.
1878 273 2016 316 XXIX

189 411 379 462 reditas
417 412 469 462 in
506 413 653 463 malo,
732 414 996 464 Cornelius
1052 413 1253 464 Tacitus
1291 413 1418 463 libro
1456 411 1800 464 Facetiarum:
1857 412 2018 466 ‘caesi

188 501 357 568 itaque
392 519 586 555 morum
629 506 785 570 eloqio
822 505 874 554 in
909 505 1026 571 filiis
1067 504 1338 556 derelicto,²
1403 506 1528 557 Num
1551 504 1708 570 ipsum
1737 506 2016 571 exemplum

189 610 217 645 a
266 596 529 662 Fulgentio
589 596 852 648 confictum
914 613 1027 649 esse
1093 584 1357 648 dicemus?
1429 597 1542 649 Non
1596 602 1671 648 est
1730 598 1813 647 ita.
1888 598 2013 649 Nam

189 686 345 736 verba
396 702 452 737 ea
504 692 603 737 tam
649 688 883 741 redolent
939 690 1161 739 Tacitum
1211 689 1428 739 feliciter
1479 688 1748 739 audentem
1804 693 1852 739 et
1902 704 2017 740 rara

191 780 502 839 sectantem,
562 778 737 828 eadem
794 779 982 845 insigni
1032 780 1278 830 brevitate
1331 779 1681 846 gravissimam
1720 779 2019 830 sententiam

190 865 258 915 ita
297 865 613 931 eloquuntur,
651 873 704 917 ut
742 869 854 919 talis
890 870 1112 935 suspicio
1149 869 1326 935 procul
1366 870 1592 920 amoveri
1632 869 1827 920 debeat.
1906 868 2021 920 Sci-

193 954 315 1006 licet
367 956 454 1006 filii
509 958 677 1022 pravis
729 960 953 1010 moribus
1003 960 1219 1026 gloriam
1280 961 1525 1010 maiorum
1587 961 1919 1011 obscurantes
1975 964 2024 1011 et

197 1046 623 1128 commaculantes
664 1049 813 1098 etiam
851 1055 966 1114 post
1005 1055 1218 1100 mortem
1254 1051 1479 1115 patribus
1534 1049 1775 1100 dedecori
1823 1055 1938 1101 sunt
1977 1055 2025 1101 et

194 1137 473 1201 opprobrio.
510 1152 607 1203 quo
648 1139 909 1204 genitores
947 1144 1196 1205 tamquam
1232 1142 1350 1190 vivo
1389 1139 1559 1206 elogio
1607 1140 1716 1191 sive
1754 1140 1895 1190 titulo
1933 1156 2022 1191 se-

191 1226 403 1292 pulcrali
441 1228 738 1294 plectuntur.
815 1231 1131 1295 Quapropter
1184 1231 1397 1282 credere
1447 1231 1642 1281 animus
1695 1231 1904 1282 inclinat
1939 1231 2023 1281 illa

191 1318 349 1369 verba
405 1335 431 1369 a
485 1319 748 1385 Fulgentio
807 1338 869 1372 ex
925 1322 1227 1373 collectione
1288 1322 1502 1387 quadam
1560 1322 1726 1373 facete
1780 1322 2027 1373 dictorum

193 1410 523 1474 transcripta,
571 1411 622 1460 in
661 1411 791 1461 hanc
830 1418 992 1463 autem
1032 1413 1188 1462 ascita
1228 1427 1342 1463 esse
1378 1412 1487 1463 sive
1529 1429 1594 1463 ex
1627 1413 1871 1478 particula
1912 1414 2029 1463 (lia-

193 1499 300 1567 logi
348 1501 413 1551 de
467 1502 754 1552 oratoribus
802 1518 930 1568 quae
977 1504 1233 1554 intercidit
1283 1504 1393 1554 sive
1447 1519 1510 1555 ex
1567 1504 1732 1569 aliqua
1793 1506 2027 1555 oratione

113 1591 432 1651 18Historiis
470 1593 551 1643 vel
589 1593 870 1645 Annalibus
904 1595 954 1644 in
996 1596 1138 1646 libris
1179 1595 1380 1646 amissis
1418 1595 1624 1646 intexta.

305 1683 512 1735 ·Editos
552 1685 776 1736 Cornelii
815 1686 972 1737 libros
1015 1687 1252 1737 continuo
1300 1686 1472 1737 mirari
1526 1686 1756 1736 homines
1812 1691 1860 1736 et
1896 1686 2023 1736 diri—

195 1788 320 1839 pere
356 1781 659 1840 coeperunt,
717 1781 951 1842 quantum
999 1777 1249 1842 suspicari
1297 1777 1418 1828 licet
1468 1793 1531 1827 ex
1571 1776 1714 1826 Plinii
1765 1776 1936 1826 verbis
1983 1781 2031 1826 et

199 1865 493 1925 Quintiliani
531 1867 747 1932 iudici0,
804 1868 1056 1919 sinceram
1108 1867 1278 1935 magni
1327 1867 1593 1933 scriptoris
1648 1867 2069 1917 admirationem·

178 1950 314 2022 'post
347 1958 621 2022 specimina
662 1959 902 2010 nonnulla
940 1976 966 2010 a
1004 1976 1060 2010 se
1103 1961 1209 2010 visa
1250 1965 1299 2011 et
1335 1960 1466 2011 lecta
1505 1959 1868 2025 profitentium,
1916 1960 2033 2010 item

178 2061 267 2097 «ex
305 2047 535 2114 diligenti
573 2049 800 2100 Suetonii
837 2050 1088 2114 lectione,
1150 2051 1379 2116 quamvis
1436 2065 1621 2101 nomen
1674 2050 1831 2099 Taciti
1875 2065 2031 2115 prava

206 2137 544 2190 aemulatione
609 2139 984 2191 dissimulantis.
1062 2142 1162 2192 Sed
1218 2155 1367 2192 nemo
1414 2141 1572 2191 Taciti
1620 2141 1810 2191 nomini
1869 2141 2031 2208 magis

202 2225 375 2278 offecit
411 2243 557 2294 quam
593 2230 726 2281 idem
764 2231 1033 2282 Suetonius
1073 2232 1418 2298 Tranquillus,
1472 2246 1575 2282 non
1625 2246 1722 2297 quo
1779 2232 1888 2296 ipse
1931 2231 2031 2282 tale

200 2318 319 2384 quid
374 2319 647 2371 intenderit
697 2326 781 2372 aut
835 2322 1082 2373 aemulum
1144 2322 1385 2373 narrandi
1443 2322 1627 2373 virtute
1683 2322 2028 2388 superaverit:

199 2409 350 2460 immo
390 2410 498 2475 ipse
537 2426 601 2463 ne
638 2412 832 2479 ingenti
881 2413 1081 2478 quidem
1130 2413 1395 2463 intervallo
1454 2413 1711 2478 proximus
1774 2413 2030 2477 CorneliO,

203 2516 313 2552 cum
369 2502 517 2554 editis
569 2503 841 2554 Caesarum
889 2505 1039 2568 vitis,
1097 2504 1391 2555 nominatim
1438 2505 1490 2554 in
1538 2504 1739 2555 Tiberio
1788 2503 2032 2570 Gaioque,

204 2592 413 2644 Claudio
450 2610 510 2645 ac
547 2596 751 2646 Nerone
786 2596 970 2662 quique
1023 2601 1300 2661 sequuntur
1346 2610 1506 2661 usque
1554 2595 1616 2646 ad
1677 2596 2032 2659 Domitianum,

201 2683 335 2739 idem
367 2687 607 2752 temporis
645 2688 887 2752 spatium,
941 2687 1075 2753 quod
1112 2688 1313 2738 Tacitus
1357 2687 1555 2754 magnis
1602 2687 1939 2737 voluminibus
1985 2690 2035 2737 et

202 2774 359 2843 longo
395 2778 703 2838 narrationis
742 2783 906 2828 tractu
944 2778 1250 2841 tradiderat,
1308 2777 1493 2829 libellis
1549 2778 1746 2844 exiguis
1782 2781 1829 2828 et
1867 2791 2035 2827 rerum

203 2882 306 2918 non
347 2868 580 2934 inopibus
621 2869 909 2934 complexus
948 2874 1106 2933 esset,
1151 2869 1392 2934 cuiusque
1434 2868 1677 2934 principis
1725 2867 1862 2918 velut
1896 2883 2037 2918 sum-

202 2972 332 3008 mam
367 2959 503 3009 vitae
539 2960 867 3025 exequendo,
908 2965 1073 3025 partes
1114 2959 1437 3026 singillatim,
1475 2974 1640 3024 neque
1678 2973 1769 3023 per
1804 2962 2030 3023 tempora

203 3048 293 3100 sed
319 3059 423 3114 per
458 3051 673 3115 specieS,
715 3050 860 3101 exilis
900 3050 1027 3101 haec
1066 3055 1114 3100 et
1151 3065 1323 3115 parum
1361 3050 1619 3100 fructuosa
1647 3049 1857 3098 instituti
1906 3049 2035 3098 ratio

205 3140 333 3191 adeo
369 3140 557 3205 placuit
594 3141 886 3206 aequalibus
934 3141 1146 3192 inertiae
1199 3141 1342 3206 culpa
1394 3141 1570 3191 brevia
1626 3139 1935 3190 sectantibus
1988 3142 2036 3187 et

204 3230 394 3281 laboris
435 3232 783 3297 compendium
822 3232 993 3282 facere
1034 3231 1365 3296 cupientibus,
1407 3236 1461 3280 ut
1495 3230 1651 3280 Taciti
1684 3229 1870 3292 scripta
1909 3242 2038 3291 pau-

206 3320 342 3371 latim
393 3321 791 3387 negligerentur.
863 3322 982 3372 Mox
1033 3321 1302 3371 Frontonis
1354 3324 1681 3385 praepostero
1744 3317 1931 3367 iudicio
1985 3321 2033 3367 et

207 3413 506 3462 auctoritate
525 3413 852 3477 improspera,
877 3417 1182 3462 sectatorum
1208 3412 1351 3460 stulta
1381 3409 1726 3475 praeceptoris
1747 3409 2034 3460 reverentia

208 3501 391 3553 factum
430 3506 538 3565 est,
599 3507 651 3551 ut
691 3517 753 3551 ex
788 3503 1025 3552 Romanis
1066 3516 1232 3550 rerum
1274 3500 1605 3564 scriptoribus
1646 3499 1865 3564 antiqui,
1908 3514 2031 3563 prae

209 3592 392 3644 ceteris
451 3593 572 3644 Cato
628 3597 677 3643 et
726 3591 1020 3655 Sallustius,
1067 3590 1412 3641 lectitarentur
1467 3590 1811 3655 imitandoque
1866 3589 2038 3657 expri-
