2280 4004
231 257 319 303 181

1000 249 1292 297 ANNALIVM

1801 266 1842 298 a.
1858 264 1919 299 su.
1949 240 2063 302 8'1222

232 400 572 469 legationibus
597 396 837 451 laetitiam
858 396 1051 448 testari.
1103 396 1215 462 Ipse
1241 395 1444 448 diversa
1459 385 2057 464 ,simulatione'mae's'tuffi

235 498 285 545 et
325 483 470 559 quasi
507 488 839 541 incolumitati
871 503 995 540 suae
1030 487 1292 553 infensuS,
1350 503 1411 540 ae
1454 493 1617 540 morte
1661 490 1888 555 parentis
1927 489 2063 542 inla-

238 585 473 636 crimans.

549 581 676 642 Quia
715 585 883 632 tamen
922 594 1054 646 non,
1095 584 1151 630 ut
1191 579 1447 631 hominum
1482 579 1678 647 vultus,
1722 581 1792 634 ita
1829 581 2060 634 locorum

238 674 396 727 facies
428 677 696 738 mutantur,
739 672 1211 737 obversabaturque
1237 672 1391 723 maris
1419 671 1552 723 illius
1590 677 1639 724 et
1662 674 1864 726 litorum
1886 671 2061 742 gravis

200 769 472 831 saspectus
502 768 580 826 (et
618 768 763 816 erant
794 763 878 830 qui
906 750 1176 815 crederent
1200 762 1418 815 sonitum
1447 764 1596 816 tubae
1629 764 1843 817 collibus
1872 764 2064 817 circum

240 855 389 908 editis
426 855 759 922 planctusque
794 854 983 906 tumulo
1020 853 1195 906 matris
1231 853 1451 921 audiri),
1493 856 1755 922 Neapolim
1793 855 2066 920 concessit,

236 946 532 1013 litterasque
567 947 631 998 ad
668 950 897 998 senatum
934 945 1097 1011 misit,
1153 961 1365 1012 quarum
1414 961 1604 998 summa
1656 952 1765 999 erat
1811 950 2067 1014 repertum

240 1053 352 1089 cum
390 1039 530 1090 ferro
571 1052 929 1104 percussorem
964 1037 1277 1105 Agerinum,
1329 1054 1394 1089 ex
1431 1038 1618 1090 intimis
1655 1039 1970 1106 Agrippinae
1999 1037 2068 1088 li-

238 1129 416 1194 bertiS,
453 1134 503 1182 et
531 1129 688 1181 luisse
714 1146 825 1180 eam
850 1143 1065 1195 poenam
1091 1129 1423 1195 conscientia,
1452 1145 1549 1196 qua
1574 1130 1742 1182 scelus
1765 1129 2067 1196 paravisset.

178 1235 226 1271 ιο
241 1219 514 1272 Adiciebat
553 1220 762 1272 crimina
800 1220 1003 1288 longius
1042 1220 1282 1287 repetita,
1345 1220 1480 1286 quod
1524 1219 2069 1287 consortium'imperii
2088 1222 2151 1270 1‘1

241 1314 596 1378 iuraturasque
646 1313 698 1362 in
738 1302 955 1364 feminae
1008 1312 1165 1363 verba
1222 1313 1506 1378 praetorias
1554 1312 1795 1364 cohortes
1834 1312 2071 1379 idemque

245 1403 470 1455 dedecus
505 1408 712 1455 senatus
765 1408 815 1454 et
854 1402 1027 1469 populi
1066 1402 1407 1468 speravisset,
1466 1417 1528 1454 ac
1572 1407 1838 1469 postquam
1884 1402 2071 1455 frustra

245 1501 415 1562 optata
460 1494 586 1560 sint,
638 1494 840 1545 infensa
889 1493 1033 1544 militi
1084 1494 1412 1560 patribusque
1461 1497 1511 1545 et
1557 1493 1693 1560 plebi
1745 1493 2075 1546 dissuasisset

248 1586 540 1637 donativum
583 1591 631 1637 et
669 1585 1015 1653 congiarium,
1071 1585 1399 1652 periculaque
1434 1584 1560 1637 viris
1606 1585 1900 1638 inlustribus
1937 1589 2076 1638 stru-

184 1692 232 1730 15
246 1678 422 1730 xisset.
483 1679 681 1740 Quanto
715 1692 807 1729 suo
844 1677 1022 1728 labore
1044 1681 1384 1743 perpetratum
1422 1692 1487 1728 ne
1524 1677 1834 1744 inrumperet
1864 1678 2074 1743 curiam,

247 1786 312 1823 ne
370 1769 606 1839 gentibus
666 1769 888 1820 externis
944 1783 1192 1834 responsa
1255 1768 1414 1820 daret.

367 1919 404 1960 1.
438 1923 590 1959 mestus
622 1914 703 1958 Ma.
796 1918 837 1959 2.
871 1930 945 1957 sue
976 1913 1058 1958 Ma.

246 1977 327 2020 Ma.

250 2097 415 2139 editor:
450 2095 626 2138 codices
658 2095 942 2136 instruxisset.

336 2219 494 2261 tumulo
537 2219 713 2260 matris:
766 2217 985 2271 scriptura
1036 2229 1125 2258 non

251 2284 316 2320 est
337 2279 529 2319 obnoxia
549 2277 843 2330 corruptionis
868 2277 1124 2330 suspicioni,

251 2343 298 2378 ut
349 2338 515 2392 patebit
567 2337 736 2394 legenti
796 2337 1125 2377 annotationem

251 2410 392 2439 meam
427 2397 480 2438 ad
511 2396 529 2438 Ι
561 2396 632 2439 60.
696 2394 845 2436 Facile
882 2395 1016 2451 igitur
1047 2407 1126 2436 su-

250 2456 582 2511 persedebimus
597 2461 682 2496 tam
702 2453 857 2497 Orellii
874 2455 1130 2496 coniectura

253 2531 274 2557 e
311 2515 483 2568 tumulo,
517 2528 645 2571 quam
670 2513 801 2556 simili
828 2513 1012 2555 artificio
1041 2526 1126 2569 quo

255 2576 350 2630 quis
391 2575 546 2616 tumulo
592 2576 639 2616 in
680 2573 831 2615 matris
882 2573 1128 2615 rescribere

255 2639 420 2688 posset.

366 2691 470 2745 Cap.
532 2691 597 2732 11.
678 2696 901 2745 postquam
961 2691 1131 2746 frustra

257 2759 404 2807 optata
435 2751 543 2792 sint:
576 2749 763 2791 Medicei
796 2750 950 2791 vitium
983 2749 1131 2791 ablata

259 2826 314 2853 ex
337 2811 550 2864 scriptura
568 2808 712 2850 obtata
734 2815 898 2861 natum,
933 2810 1130 2851 eiusdem

259 2874 314 2912 sit
346 2868 631 2923 subsequenti
664 2869 839 2922 insensa
874 2895 926 2900 —-
961 2869 1131 2910 dissua-

260 2931 380 2971 sisset
404 2926 775 2969 accommodatum
811 2934 890 2969 est.
953 2928 1132 2970 Rhena-

261 3001 342 3029 nus
377 2986 568 3028 coniecit
597 2988 812 3040 frustrata
834 2988 902 3038 sit,
938 2987 1133 3040 Seyffer-

260 3054 330 3089 tus
362 3049 531 3102 frustra
563 3044 757 3085 blandita
789 3046 857 3087 sit.

334 3104 610 3161 periculaque
630 3104 735 3144 viris
752 3103 1000 3145 inlustribus
1018 3111 1134 3145 stru-

262 3167 416 3205 oeisset:
469 3162 666 3217 pericula
708 3163 779 3204 vel
825 3165 1005 3204 crimina
1062 3162 1134 3204 vel

266 3236 418 3264 causas
450 3223 575 3263 struit
617 3222 689 3276 qui
730 3221 830 3262 dolo
865 3221 977 3263 malo
1013 3221 1138 3277 fingit

266 3296 378 3338 quae
424 3281 640 3335 proferat,
687 3282 861 3324 instruit
901 3283 974 3336 qui
1024 3293 1137 3336 quae

268 3347 416 3382 assunt
456 3342 498 3380 in
544 3340 737 3381 ordinem
780 3340 966 3397 redigit,
1014 3345 1138 3381 ornat

269 3407 475 3456 augetve.
540 3399 663 3440 Hunc
694 3398 866 3441 dicendi
902 3413 1022 3442 usum
1055 3399 1139 3441 'l'a-

271 3462 381 3501 citus
416 3465 618 3501 accurate
648 3465 826 3499 secutus
860 3466 950 3512 est3
985 3459 1023 3500 11
1054 3460 1138 3503 42:

272 3521 507 3572 struatitque
540 3531 693 3559 causas
725 3525 797 3559 aut
829 3521 941 3573 sorte
975 3517 1139 3559 oblatas

273 3579 474 3632 arripuit.
538 3576 589 3619 H.
638 3576 676 3618 ll
726 3577 773 3617 1:
822 3578 1010 3619 struebat
1053 3578 1141 3618 iam

271 3638 452 3690 fortuna
490 3662 545 3669 —-
580 3636 708 3678 initia
740 3649 972 3693 causasque
1004 3637 1139 3694 impe-

1145 1917 1274 1958 morti
1304 1916 1491 1971 Lipsius.

427 1978 493 2020 10.
528 1976 775 2017 adiciebant
806 1974 898 2017 Ma:
933 1973 966 2017 G
998 1975 1243 2018 adiiciebat.

247 2038 314 2088 sit,
346 2035 418 2078 BG
451 2042 494 2078 et
527 2034 801 2077 Oxonienses
835 2040 879 2076 et
910 2034 1076 2091 Regius
1110 2034 1255 2076 oblata
1285 2036 1384 2077 sint.

1040 2095 1107 2137 15.
1143 2095 1324 2151 irrump.
1359 2094 1432 2138 Or.

1514 1768 1814 1835 Temporum
1876 1783 2077 1836 quoque

1569 1917 1634 1959 ill.
1669 1916 1740 1960 Or.
1819 1918 1861 1961 9.
1891 1930 2079 1974 paenam

1339 1978 1407 2019 13.
1443 1983 1592 2032 optata
1621 1977 1707 2019 sint
1735 1977 1799 2020 A:
1832 1977 1898 2020 Ma
1929 1977 2080 2019 ablata

1494 2037 1562 2079 14.
1595 2036 1660 2078 ill.
1694 2036 1766 2080 Or.
1857 2037 2080 2081 struxisset

1208 2217 1290 2259 rio.
1352 2217 1404 2260 H.
1438 2216 1498 2259 ΙΙΙ
1530 2217 1615 2261 49:
1658 2219 1773 2260 viam
1803 2218 1884 2262 sibi
1914 2219 1973 2262 ad
1993 2233 2082 2278 po·-

1211 2278 1388 2319 tentiam
1418 2285 1598 2319 struere.
1663 2276 1731 2320 Cf.
1764 2276 1783 2319 I
1817 2279 1896 2332 13,
1939 2278 1979 2322 II
2008 2280 2082 2333 65,

1209 2335 1269 2377 IV
1310 2338 1363 2380 10
1396 2342 1439 2378 et
1470 2337 1527 2380 28
1561 2342 1604 2378 et
1635 2336 1689 2380 67
1725 2343 1768 2379 et
1798 2338 1886 2391 68,
1920 2338 1979 2382 XI
2012 2340 2082 2392 12,

1210 2395 1286 2436 XII
1316 2397 1359 2438 3.
1421 2395 1488 2437 Ex
1521 2395 1659 2437 altera
1690 2402 1813 2451 parte
1855 2397 2084 2441 considera

1211 2455 1249 2496 11
1270 2453 1353 2498 74:
1387 2456 1458 2510 qui
1493 2456 1679 2497 crimina
1704 2462 1744 2498 et
1766 2458 2085 2500 accusationem

1212 2522 1427 2568 tamquam
1451 2515 1654 2556 adversus
1669 2523 1860 2572 receptos
1881 2517 1969 2559 iam
1987 2529 2085 2558 reos

1209 2574 1491 2615 instruebant.
1576 2574 1659 2617 80.-
1689 2576 1885 2617 veteram·
1914 2576 2084 2618 ordini-

1211 2633 1284 2674 bus
1328 2646 1382 2673 ac
1424 2632 1621 2674 subsidiis
1663 2634 1874 2675 instructi.
1945 2635 1993 2677 Ι-Ι.
2026 2633 2086 2676 ΠΙ

1211 2692 1295 2734 45:
1330 2698 1452 2747 capto
1482 2705 1562 2747 per
1586 2691 1726 2733 dolum
1750 2707 1850 2748 reqe
1864 2693 2083 2736 Carataco

1212 2751 1466 2792 instruxisse
1498 2750 1566 2805 (h.
1602 2764 1640 2792 e.
1675 2757 1878 2809 ornasse)
1929 2755 2084 2796 trium-

1208 2809 1340 2865 phum
1383 2810 1556 2851 Claudii
1602 2809 1805 2853 Caesaris
1844 2812 2083 2855 videbatur.

1214 2869 1266 2910 11.
1317 2867 1377 2909 lv
1425 2869 1509 2912 34:
1560 2868 1711 2911 Civilis
1761 2871 1800 2911 si
1852 2871 2087 2914 maioribus

1219 2928 1351 2982 copiis
1383 2928 1653 2970 instruxisset
1676 2930 1827 2971 aciem.
1874 2929 1964 2972 Iam
1986 2930 2088 2973 huie

1214 2986 1450 3028 Annalium
1482 2987 1581 3028 loco
1624 2989 1754 3030 unice
1801 2995 1947 3043 aptum
1989 3002 2087 3032 esse

1216 3046 1356 3099 liquet
1384 3047 1630 3088 struoeisset:
1665 3048 1827 3102 quippe
1855 3048 1979 3091 falsis
1999 3050 2087 3091 cri-

1216 3104 1405 3145 minibus
1441 3107 1525 3159 (ita
1556 3105 1671 3146 Nero
1705 3106 1883 3164 obiicit)
1927 3109 1971 3148 in
2005 3108 2088 3150 Se-

1218 3175 1371 3203 necam
1405 3170 1448 3204 et
1479 3164 1662 3205 Burrum
1703 3163 1860 3207 delatis
1892 3166 2089 3220 pericula

1219 3222 1392 3276 utrique
1424 3222 1645 3264 facessere
1673 3236 1724 3264 ac
1753 3230 1920 3266 struere
1939 3225 2089 3268 inten-

1220 3281 1355 3323 derat.
1420 3282 1639 3323 Instruere
1679 3283 1878 3338 pericula
1910 3290 1976 3326 est
2006 3297 2090 3339 pe-

1220 3340 1359 3382 ricula
1405 3354 1517 3396 quae
1568 3342 1653 3383 iam
1699 3349 1800 3384 sunt
1849 3348 2090 3393 ornare‚et

1221 3413 1406 3456 augere,
1458 3399 1500 3441 id
1543 3400 1659 3455 quod
1698 3401 1801 3444 huic
1841 3403 2087 3444 sententiae

1222 3459 1353 3513 plane
1391 3461 1654 3502 contrarium
1689 3466 1769 3503 est.
1816 3461 2086 3514 Praepositio

1222 3520 1270 3559 in
1308 3532 1362 3560 ex
1392 3524 1648 3575 antegresso
1685 3519 1861 3562 nomine
1890 3519 2088 3560 inlustri-

1226 3578 1297 3619 bus
1330 3590 1555 3632 perperam
1588 3592 1613 3620 a
1643 3578 1784 3620 scriba
1812 3578 1989 3619 librario
2012 3590 2088 3618 re..

1223 3635 1360 3692 petita
1391 3636 1603 3681 adhaesit.
1655 3634 1901 3680 Catulliana
1933 3637 2012 3693 (21
2038 3635 2087 3693 7.)
