2280 4004
231 239 323 281 860

232 379 359 433 nihil
413 381 744 443 abnuentem,
801 376 917 428 dum
968 376 1329 428 dominationis
1386 376 1713 443 apisceretur.

997 234 1292 279 ANNALIVM

1753 281 1755 283 .
1779 279 1781 283 .
1803 245 1845 284 a.
1876 245 1927 286 1ιὲ
1954 241 2065 288 ⁷90..

1786 379 1914 433 Nam
1961 383 2059 437 etsi

234 476 514 547 gommotus
552 467 1170 536 ingeni.Q,„„simulationum
1218 472 1387 519 tamen
1424 467 1553 520 falsa
1589 468 1643 520 in
1675 469 1790 522 sinu
1827 470 1909 522 avi
1940 486 2064 538 per-

233 563 497 614 didicerat.

573 560 794 612 Gnarum
829 559 930 610 hoc
964 559 1198 626 principi,
1236 574 1400 626 eoque
1436 559 1683 612 dubitavit
1716 560 1780 613 de
1815 561 2061 616 tradenda
2078 571 2148 622 46

232 670 290 705 re
325 652 527 720 publica
565 651 779 718 primum
816 651 950 703 inter
985 655 1216 718 nepotes,
1257 665 1470 718 quorum
1498 652 1665 704 Druso
1703 653 1906 720 genitus
1939 669 2068 707 san-

197 744 388 812 5guine
425 748 475 795 et
515 742 725 795 caritate
760 742 997 818 propior,
1034 742 1126 794 sed
1162 741 1388 793 nondum
1423 742 1739 809 pubertatem
1779 744 2063 812 ingressuS,

236 834 525 887 Germanici
554 834 657 885 filio
691 834 851 886 robur
886 834 1140 899 iuventae,
1168 833 1310 901 vulgi
1341 833 1524 900 studia,
1561 849 1722 901 eaque
1752 835 1884 902 apud
1918 851 2066 888 avum

235 925 342 977 odii
392 940 562 977 causa.

635 924 798 976 Etiam
850 924 913 977 de
952 924 1163 976 Claudio
1204 924 1450 992 agitanti,
1510 925 1646 992 quod
1701 925 1746 977 is
1787 927 2068 993 composita

234 1022 400 1070 aetate
439 1018 687 1069 bonarum
713 1016 895 1068 artium
934 1016 1143 1083 cupiens
1183 1021 1309 1082 erat,
1345 1015 1603 1070 imminuta
1641 1031 1784 1070 mens
1821 1018 1931 1070 eius
1971 1018 2070 1070 ob-

236 1109 374 1162 stitit.

448 1108 537 1162 Sin
575 1114 717 1160 extra
755 1107 958 1159 domum
997 1123 1272 1160 successor
1307 1113 1665 1174 quaereretur,
1722 1123 1786 1160 ne
1823 1109 2068 1161 memoria

175 1199 480 1268 noAugusti‚
518 1214 583 1251 ne
619 1214 807 1252 nomen
837 1199 1112 1250 Caesarum
1144 1199 1197 1266 in
1235 1199 1454 1251 ludibria
1493 1204 1543 1251 et
1578 1199 1909 1251 contumelias
1945 1215 2070 1253 ver-

236 1296 419 1355 terent,
454 1290 723 1342 metuebat.

235 1381 452 1434 sentium
506 1396 654 1448 quam
706 1380 759 1434 in
817 1386 1054 1447 posteros
1115 1380 1340 1432 ambitio,

347 1554 390 1598 6.
424 1561 528 1612 aput
556 1555 613 1598 Μ.
706 1556 749 1599 7.
782 1555 994 1611 conp.-M.

237 1680 326 1720 eius
359 1676 674 1725 detractabant.
744 1676 784 1719 11
823 1677 906 1722 26:
947 1677 1113 1720 addidit

235 1737 569 1791 munificentiam
584 1737 763 1789 Caesar,
786 1743 989 1791 quantum
1020 1738 1112 1792 quis

238 1798 438 1838 damnum
464 1799 685 1852 professus
718 1802 828 1848 erat,
862 1795 1109 1838 exolvendo.

237 1856 428 1898 Ibidem:
461 1855 709 1896 modestiam
733 1856 822 1896 eius
843 1855 1110 1910 adgreditur,

240 1914 423 1956 alterum
455 1915 721 1956 consulatum
753 1914 985 1970 offerendo.
1029 1915 1111 1957 55:

239 1975 402 2028 infimos
441 1973 778 2029 manipularium
819 1973 1006 2015 iuvando
1040 1998 1112 2026 —,

240 2047 287 2074 eo
318 2047 448 2088 usque
469 2032 757 2088 corruptionis
778 2039 1005 2089 provectus
1038 2039 1112 2074 est.

238 2092 320 2134 81:
353 2099 483 2135 semet
514 2091 846 2146 adflictando—
866 2092 1116 2133 seditionem

241 2151 478 2208 coeptabat.
540 2149 597 2192 ΙΙΙ
627 2151 708 2195 24:
742 2149 1117 2206 culpam—yram:

238 2212 410 2253 nomine
442 2211 659 2252 laesarum
679 2209 936 2266 reliqionum
961 2209 1115 2266 appel-

239 2270 444 2322 lando—,
469 2269 1112 2324 clementiam—eqrediebatur.

239 2323 324 2372 60.
364 2329 596 2383 imaginem
637 2329 905 2383 antiquitatis
945 2329 1116 2370 senatui

234 2388 491 2444 praebebat,
534 2386 753 2443 postulata
787 2388 1115 2443 provinciarum

240 2447 298 2487 ad
329 2447 662 2501 disquisitionem
687 2454 862 2502 patrum
895 2447 1112 2488 mittenda

240 2506 300 2546 lv
346 2506 423 2547 15:
471 2506 583 2546 idem
627 2519 767 2546 annus
820 2505 907 2546 alio
953 2519 1114 2560 quoque

241 2564 357 2604 luctu
391 2565 623 2604 Caesarem
656 2564 814 2616 adficit,
847 2563 1030 2604 alterum
1062 2578 1116 2605 ea:

240 2622 420 2676 qeminis
456 2622 591 2662 Drusi
633 2621 777 2663 liberis
810 2622 1111 2677 extinguendo.

242 2683 321 2724 21:
346 2681 493 2721 eadem
513 2680 896 2722 actitando—odia
913 2680 1110 2722 advertit.

245 2739 282 2780 V
314 2740 365 2781 6:
390 2740 638 2780 memoriam
658 2739 796 2779 nostri
805 2740 1111 2790 —retineatis

242 2798 467 2839 adiciendo
500 2811 566 2839 me
595 2811 756 2852 quoque
789 2803 874 2839 cet.
940 2798 998 2840 vl
1029 2798 1113 2841 38:

240 2857 375 2898 multa
409 2864 447 2898 et
479 2858 649 2898 atrocia
682 2881 737 2888 -—
756 2858 999 2913 composuit,
1031 2857 1116 2913 ipsi

240 2916 400 2970 flua-am
430 2917 549 2956 senio
579 2922 761 2956 mentem
777 2916 1110 2958 ——obiectando.

243 2973 337 3015 xm
374 2975 450 3015 11:
485 2987 589 3029 quas
623 2976 892 3031 (orationes)
928 2976 1111 3027 Seneca,

242 3033 506 3086 testificando
561 3047 688 3087 quam
745 3033 924 3074 honesta
975 3047 1112 3089 prae-

242 3092 424 3147 ciperet,
460 3116 516 3123 --
544 3090 760 3147 vutyabat.
851 3093 931 3135 47:
964 3107 1112 3148 suspe-

242 3151 386 3192 ctabat
424 3151 609 3192 maxime
645 3149 892 3192 Cornelium
929 3150 1111 3204 Sullam,

240 3223 386 3250 socors
403 3210 624 3264 inqenium
645 3210 734 3252 eius
765 3211 813 3251 in
847 3211 1114 3251 contrarium

242 3269 432 3319 trahens,
459 3267 740 3323 callidumque
760 3276 799 3310 et
822 3268 1113 3310 simulatorem

239 3327 578 3382 interpretando.
626 3328 707 3370 50:
740 3328 939 3383 impetum
957 3330 1111 3369 eius——

240 3386 454 3426 attinuere
501 3393 743 3437 senatores,
796 3387 1112 3428 dissolutionem

239 3444 409 3498 imperii
432 3445 635 3486 docendo.
697 3444 820 3486 Adde
843 3460 879 3488 c.
901 3446 957 3487 53
977 3452 1019 3487 et
1039 3446 1109 3488 54.

240 3500 337 3541 XIV
369 3506 424 3547 3:
459 3503 554 3558 ipsa
575 3505 888 3558 praesumendo
920 3504 1110 3546 remedia

241 3573 392 3614 corpus
422 3562 649 3602 ntitnierat.
715 3563 764 3603 7:
790 3564 876 3604 sive
898 3564 956 3604 ad
978 3577 1112 3605 sena-

241 3623 322 3656 tum
345 3625 382 3658 et
400 3619 600 3674 populum
616 3621 888 3675 pervaderet,
919 3625 1111 3677 naufra-

799 1290 993 1357 Quippe
1030 1289 1102 1340 illi
1137 1304 1239 1341 non
1276 1290 1489 1356 perinde
1519 1305 1673 1341 curae
1713 1290 1879 1358 gratia
1914 1305 2072 1357 prae-

1434 1381 1556 1432 Mox
1610 1380 1835 1432 incertus
1895 1380 2067 1446 animi,

1086 1554 1130 1598 8.
1163 1554 1334 1597 arcium
1362 1554 1420 1596 M.

1198 1678 1315 1734 9ium
1349 1683 1390 1719 et
1416 1676 1570 1719 vulnus
1601 1699 1659 1708 —
1691 1673 1930 1719 obiciendo.
1990 1678 2074 1721 20:

1201 1738 1508 1793 degeneretque
1534 1734 1684 1776 studiis
1708 1735 1898 1776 externis
1918 1735 2074 1778 iuven-

1199 1792 1294 1849 tus,
1323 1821 1379 1828 —
1421 1802 1565 1851 turpes
1606 1806 1774 1835 amores
1817 1794 2072 1837 exercendo.

1197 1854 1323 1897 Adde
1356 1852 1394 1897 c.
1420 1854 1478 1898 28
1493 1858 1537 1896 et
1557 1854 1630 1895 31.
1693 1852 1774 1894 XV
1806 1852 1858 1895 8:
1886 1866 2074 1908 percur-

1199 1914 1334 1956 sando
1378 1927 1488 1968 quae
1534 1912 1719 1953 obtineri
1747 1911 1981 1966 nequibant
2013 1938 2067 1947 --

1199 1972 1638 2015 reduaeitcoeercitum.
1706 1970 1790 2014 38:
1827 1971 2074 2013 incendium

1199 2057 1255 2065 —-
1274 2033 1322 2074 in
1344 2032 1493 2073 eriora
1519 2029 1783 2087 populando,
1813 2030 1966 2072 anteiit
1997 2044 2075 2075 re-

1197 2091 1352 2134 media.
1416 2091 1499 2134 57:
1531 2090 1699 2139 alienos
1722 2103 1777 2130 ac
1793 2103 1927 2146 prope
1943 2089 2073 2145 ὅςπο-

1200 2158 1263 2193 tos
1279 2150 1543 2207 protegendo
1564 2148 1839 2206 (expiravit).
1879 2147 1982 2190 xv!
2014 2149 2039 2192 7
2054 2163 2067 2192 :

1197 2217 1375 2252 mortem
1404 2209 1628 2265 Poppaeae
1659 2233 1717 2240 —
1746 2221 1862 2249 nova
1897 2208 2075 2264 insuper

1198 2270 1365 2311 invidia
1396 2268 1511 2311 Nero
1545 2265 1780 2321 complevit,
1805 2265 2072 2322 probibendo

1202 2329 1355 2370 Gaium
1376 2328 1571 2369 Cassium
1603 2326 1743 2381 officio
1778 2326 2069 2379 exequiarum.

1200 2387 1251 2430 H.
1286 2387 1302 2428 1
1339 2387 1420 2430 23:
1453 2386 1595 2427 studia
1612 2383 2072 2439 militum—adfecta..

1198 2453 1342 2498 verat,
1407 2442 1733 2487 contubernales
1795 2442 2069 2499 appellando.

1199 2507 1280 2549 24:
1330 2505 1367 2545 is
1409 2504 1727 2545 mobilissimum
1771 2515 1971 2557 quemque
2013 2527 2072 2536 -

1199 2563 1467 2615 adliciendo,
1502 2575 1549 2603 eo
1579 2562 1792 2617 paulatim
1819 2574 2072 2616 progressus

1199 2629 1273 2663 est.
1319 2622 1402 2664 43:
1435 2621 1637 2662 vertendo
1658 2621 1705 2661 in
1722 2633 1766 2660 se
1780 2633 2070 2674 percussores,

1198 2705 1254 2712 —-
1296 2680 1441 2721 Pisoni
1485 2680 1686 2735 effugium
1727 2677 1918 2720 dederat.
1989 2678 2071 2722 65:

1199 2738 1504 2794 Lugdunenses
1567 2737 1821 2779 extimulare
1880 2736 2072 2793 singulos

1196 2797 1377 2840 militum
1410 2822 1487 2850 —,
1529 2799 1796 2852 conscriptas
1837 2809 1974 2852 nuper
2004 2795 2070 2838 le-

1195 2858 1345 2912 qiones
1374 2858 1422 2898 in
1458 2857 1722 2912 praesidium
1757 2854 1920 2897 Galbae
1939 2857 2072 2915 rese-

1197 2916 1347 2958 rendo.
1397 2916 1476 2958 77:
1498 2917 1646 2957 munia
1664 2915 1835 2969 imperii
1853 2906 2069 2967 obibat—‚

1193 2975 1401 3030 pleraque
1435 2982 1588 3015 contra
1618 2975 1744 3016 decus
1773 2987 1827 3014 ea:
1848 2974 2072 3029 praesenti

1196 3048 1274 3074 usu
1290 3047 1346 3088 pr
1348 3034 1581 3088 operando.
1627 3033 1710 3075 87·
1700 3064 1710 3073 .
1731 3032 1920 3086 vigorem
1939 3031 2068 3083 Celsi,

1196 3092 1486 3133 maturitatem
1512 3091 1628 3133 Galli
1640 3116 1694 3123 ——-
1713 3090 1982 3132 criminando
1998 3116 2068 3141 —,

1198 3151 1327 3192 bonos
1345 3157 1382 3191 et
1405 3150 1611 3191 modestos
1632 3149 1836 3191 anteibat.
1868 3148 1919 3190 H.
1939 3147 1974 3190 ΙΙ
1993 3147 2068 3191 48:

1195 3210 1350 3265 [ratris
1365 3209 1500 3263 filium
1514 3235 1563 3241 —
1579 3208 1740 3250 solatus
1761 3214 1835 3259 est,
1849 3206 2067 3249 laudando

1193 3270 1408 3325 pietatem.
1472 3268 1522 3308 11.
1550 3267 1607 3309 111
1636 3268 1717 3310 39:
1754 3266 1918 3307 addidit
1949 3266 2068 3321 faci-

1195 3327 1297 3368 nori
1328 3327 1454 3380 fidem
1496 3352 1578 3377 —,
1632 3325 1829 3368 Blaesum
1877 3324 2065 3366 visendo.

1197 3388 1276 3429 54·
1318 3399 1400 3426 nec
1447 3386 1574 3427 duces
1620 3386 1801 3426 hostium
1843 3382 2068 3437 auyendae

1195 3448 1340 3499 famae
1373 3445 1635 3495 deerant—,
1666 3443 1959 3499 exploratores
1991 3453 2066 3481 re-

1193 3504 1410 3545 mittendo.
1453 3503 1584 3544 H.1v
1622 3503 1698 3545 19:
1734 3500 1914 3543 Flaccus
1934 3498 2066 3539 multa

1197 3561 1467 3604 concedendo
1514 3561 1624 3602 nibil
1680 3559 1801 3601 aliud
1845 3558 2062 3613 effecerat.

1195 3623 1247 3663 A.
1269 3621 1324 3664 6:
1358 3623 1638 3674 vixeruntque
1669 3619 1780 3660 mira
1812 3615 2062 3667 concordia,
