2280 4004
274 294 364 334 386
1029 287 1322 331 ANNAL-IVM

1842 305 1883 334 a.
1916 304 1960 336 n.
1992 283 2100 339 819.
2131 350 2135 351 ⁷

273 433 538 485 codicillos
574 433 637 484 ad
674 432 930 483 Neronem
971 431 1285 497 composuit,
1341 431 1610 498 requirens
1661 432 1863 484 obiecta
1915 437 1967 484 et
1996 423 2102 485 -ex-

265 510 591 592 purgaturum
628 522 972 588 adseveranS,
1025 522 1070 574 si
1116 522 1343 573 notitiam
1384 523 1646 574 criminum
1690 528 1740 575 et
1777 523 1972 590 copiam
2012 524 2100 575 di-

264 616 435 668 luendi
486 614 761 666 habuisset.
834 615 937 665 Eos
994 614 1261 666 codicillos
1320 616 1455 666 Nero
1505 619 1838 681 properanter
1883 615 2097 681 accepit,

265 721 354 771 spe
414 704 705 756 exterritum
757 704 1038 755 Thraseam.
1085 705 1356 770 scripsisse
1407 720 1500 770 per
1559 719 1688 770 quae
1750 705 2101 757 claritudinem

224 796 507 862 sprincipis
545 796 813 848 extolleret
851 784 1322 861 suamque‘'famam
1380 796 1755 848 dehonestaret.
1829 796 1978 859 Quod
2013 796 2101 848 ubi

268 902 369 938 non
412 886 614 950 evenit,
655 886 943 952 vultumque
987 891 1036 937 et
1075 886 1280 951 spiritus
1320 892 1369 937 et
1401 886 1685 938 libertatem
1722 887 1938 938 insontis
1970 886 2103 938 ultro

267 978 528 1042 extimuit,
586 977 764 1028 vocari
819 982 986 1043 patres
1025 977 1178 1027 iubet.
1255 977 1374 1028 Tum
1415 977 1636 1028 Thrasea
1673 978 1807 1029 inter
1835 964 2189 1044 *proximos25

270 1068 599 1134 consultavit,
657 1073 989 1134 temptaretne
1030 1068 1383 1119 defensionem
1433 1083 1495 1119 an
1536 1073 1818 1134 sperneret.
1890 1068 2103 1121 Diversa

268 1160 482 1211 consilia
526 1159 903 1211 adferebantur.
957 1159 1148 1219 Quibus
1174 1159 1352 1210 intrari
1380 1160 1571 1210 curiam
1598 1159 1858 1226 placebat,
1886 1172 2099 1211 securos

202 1267 380 1304 ioesse
426 1252 490 1303 de
547 1252 831 1303 constantia
881 1251 988 1302 eius
1044 1251 1332 1315 disserunt3
1384 1251 1507 1301 nihil
1561 1251 1808 1302 dicturum
1865 1251 1962 1303 nisi
2000 1265 2099 1317 quo

263 1343 481 1411 gloriam
520 1347 747 1410 augeret.
822 1342 1017 1409 Segnes
1057 1347 1105 1393 et
1142 1341 1356 1407 pavidos
1405 1343 1654 1407 supremis
1702 1342 1808 1394 suis
1850 1347 2101 1394 secretum

266 1435 599 1486 circumdare.
673 1434 943 1498 Aspiceret
977 1433 1190 1499 populus
1226 1433 1388 1483 virum
1424 1433 1574 1483 morti
1615 1434 1818 1484 obvium
1831 1450 1845 1497 3
1910 1432 2108 1484 audiret

266 1531 473 1578 senatus
511 1525 838 1591 vocesquasi
875 1541 939 1584 ex
977 1524 1144 1590 aliquo
1187 1525 1409 1589 numine,
1453 1540 1604 1591 supra
1643 1525 1916 1576 humanas:
1951 1538 2106 1590 posse

267 1617 379 1682 ipso
415 1615 661 1666 miraculo
705 1616 854 1667 etiam
893 1616 1148 1667 Neronem
1182 1617 1487 1681 permoveri.
1563 1616 1651 1668 Sin
1693 1614 1984 1678 crudelitati
2023 1615 2107 1664 in-

206 1727 251 1763 ¹5
269 1709 489 1774 sisteret,
530 1708 772 1775 distingui
812 1714 950 1759 certe
990 1708 1119 1774 apud
1158 1714 1392 1774 posteros
1429 1709 1724 1760 memoriam
1757 1708 1958 1760 honesti
1995 1707 2110 1760 exi-

269 1804 347 1851 tus
393 1800 455 1851 ab
508 1799 713 1866 ignavia
751 1815 843 1865 per
882 1799 1134 1851 silentium
1171 1800 1503 1865 pereuntium.
1581 1800 1784 1865 Contra,
1828 1799 1911 1866 qui
1950 1811 2193 1866 oppe-26

269 1891 501 1942 riendum
538 1890 675 1941 domi
702 1890 994 1955 censebant,
1036 1891 1100 1941 de
1136 1891 1246 1956 ipso
1272 1891 1494 1942 Thrasea
1522 1891 1717 1955 eadem,
1762 1891 1855 1942 sed
1890 1890 2107 1941 ludibria

271 1987 321 2034 et
358 1981 689 2033 contumelias
726 1982 990 2034 imminere
1012 2000 1033 2032 z.
1064 1982 1386 2033 subtraheret
1421 1998 1570 2034 aures
1609 1982 1858 2034 conviciis
1898 1986 1948 2033 et
1983 1996 2107 2048 pro-

268 2073 390 2125 bris.
450 2074 565 2125 Non
591 2072 754 2125 solum
787 2073 1141 2124 Cossutianum
1168 2078 1251 2124 aut
1270 2074 1477 2140 Eprium
1513 2073 1577 2125 ad
1614 2073 1783 2126 scelus
1818 2077 2108 2140 promptos:

386 2222 428 2262 4.
463 2233 535 2275 spe
567 2217 647 2273 Ma,
682 2230 770 2259 non
794 2232 937 2275 saepe,
970 2225 1017 2260 ut
1051 2218 1085 2260 G
1118 2225 1161 2261 et
1193 2219 1284 2261 alii.
1407 2219 1449 2262 5.
1484 2233 1562 2274 quo
1591 2208 1720 2261 'dubie
1752 2233 1840 2261 non
1875 2219 1995 2261 uenit
2028 2216 2109 2272 Ma,

270 2292 348 2333 quo
383 2279 536 2320 dubiae
574 2293 617 2320 n.
651 2293 692 2320 u.
729 2277 787 2320 G:
821 2280 956 2320 tacite
990 2280 1181 2321 correxit
1213 2278 1465 2320 Rhenanus.
1558 2279 1601 2322 6.
1633 2278 1872 2334 vultumque
1908 2276 1987 2331 Ma,
2025 2290 2111 2319 non

268 2337 519 2392 voltumque.
584 2337 626 2380 8.
662 2351 721 2379 an
753 2350 821 2378 om
836 2337 927 2379 Ma:
961 2338 1084 2380 adest
1116 2341 1157 2378 in
1182 2338 1228 2379 G.
1298 2338 1366 2381 10.
1390 2352 1478 2379 esse
1497 2338 1577 2390 Ma,
1611 2350 1698 2380 non
1717 2338 1902 2380 Victorii
1936 2345 1974 2379 et
2006 2351 2110 2381 sese.

271 2397 483 2439 disserunt
534 2397 717 2438 Haasius
769 2396 954 2451 (Diurn.
1009 2398 1281 2452 antiquitatis
1336 2397 1449 2439 stud.
1505 2410 1544 2440 a.
1586 2397 1700 2440 1836
1742 2411 1792 2439 n..
1835 2397 1954 2454 84):
2012 2394 2115 2439 Gma

272 2457 487 2499 dixerunt.
579 2456 716 2498 nichil
748 2455 828 2498 Ma.
927 2458 995 2499 11.
1028 2456 1172 2512 9l0ria
1203 2455 1279 2498 Ma.
1400 2458 1468 2499 13.
1505 2456 1716 2498 humanos
1746 2455 1836 2499 Ma:
1870 2462 2112 2498 correctum

272 2517 387 2557 inest
421 2514 469 2558 G.
598 2517 666 2558 14.
699 2516 737 2556 si
767 2517 813 2556 in
843 2514 923 2559 Ma.
1031 2517 1096 2559 17.
1133 2516 1245 2557 domi
1276 2515 1332 2558 G:
1367 2514 1429 2557 Ma
1462 2515 1617 2558 domui.
1723 2515 1920 2558 censebat
1954 2513 2046 2558 Ma:
2080 2513 2114 2557 G

274 2576 517 2617 censebant.
614 2575 681 2617 18.
715 2575 966 2617 subtrahere
1000 2574 1126 2617 GMa:
1151 2575 1419 2617 subtraheret
1451 2574 1733 2618 Puteolanus.

368 2715 480 2758 ultro
528 2716 749 2758 extimuit:
800 2722 964 2758 tantum
1014 2718 1154 2759 abfuit

274 2781 322 2816 ut
366 2775 555 2817 Thrasea
611 2777 785 2817 timeret
816 2775 1058 2828 Neronem,
1107 2782 1154 2816 ut

273 2837 450 2877 mutatis
504 2835 700 2889 partibus
755 2841 964 2889 tyrannus
1013 2837 1153 2877 virum

275 2907 433 2936 severo
465 2894 590 2936 vultu
623 2895 853 2950 liberoque
876 2897 1032 2950 spiritu
1050 2909 1153 2951 per-

275 2955 542 2995 timesceret.

371 3013 475 3067 Cap.
511 3014 581 3056 25.
648 3027 820 3055 securos
858 3028 971 3055 esse:
1004 3027 1045 3056 V.
1075 3028 1155 3055 an-

277 3077 369 3115 not.
403 3073 455 3114 ad
497 3072 555 3113 lV
588 3072 658 3115 59.
785 3074 1022 3114 disserunt:
1074 3072 1157 3114 hac

279 3133 461 3188 egregia
494 3137 537 3173 et
569 3131 766 3185 perfacili
794 3134 1067 3174 correctione
1087 3134 1157 3173 vi-

277 3197 391 3233 tatur
444 3192 560 3232 iners
604 3197 646 3232 et
699 3192 884 3234 molesta
934 3193 1156 3246 repetitio,

280 3265 390 3306 quae
424 3252 543 3304 prius
575 3250 659 3291 fuit
692 3252 916 3303 dixerunt5
949 3252 1058 3293 nihil
1090 3252 1157 3292 di-

280 3318 461 3352 cturum.
526 3309 651 3351 Conf.
686 3310 783 3351 Xlll
815 3311 868 3353 6:
903 3311 982 3351 alii
1011 3311 1159 3351 melius

282 3371 468 3411 evenisse
502 3369 726 3412 disserunt.
794 3370 892 3411 xlv
933 3372 1010 3413 13:
1043 3371 1158 3411 invi-

281 3444 372 3471 sum
418 3428 686 3483 Ayrippinae
727 3442 881 3469 nomen
928 3455 983 3461 -—
1022 3430 1159 3470 disse-

282 3495 396 3529 runt.
463 3486 665 3528 Ceterum
714 3502 737 3529 a
778 3489 916 3529 forma
966 3489 1164 3529 dixerunt

284 3546 393 3587 nihil
429 3547 635 3600 praesidii
672 3547 773 3589 huic
799 3550 1062 3589 correctioni
1087 3560 1165 3602 per

286 3619 333 3647 se
366 3607 557 3647 munitae
592 3608 837 3660 petiverim.

366 3665 493 3706 eiiam
525 3666 740 3708 Neronem
766 3668 1032 3723 permoveri:
1064 3679 1166 3706 num

1237 2718 1333 2771 ipse
1374 2716 1457 2757 fuit
1500 2729 1709 2771 praesens
1740 2717 1784 2757 in
1819 2722 1947 2758 coetu
1979 2729 2112 2759 sena·
2162 2766 2166 2769 .

1237 2775 1340 2817 tus?
1375 2787 1460 2816 non
1495 2782 1560 2817 est
1592 2778 1682 2829 ita3
1717 2775 1773 2818 cf.
1807 2782 1955 2819 annot.
1990 2776 2043 2818 ad
2073 2788 2112 2819 c.

1238 2837 1293 2879 31
1327 2842 1386 2886 lu,
1422 2835 1601 2889 Caesar,
1632 2849 1720 2888 vos,
1751 2842 1913 2892 patres.

1329 2893 1434 2948 Cap.
1478 2895 1549 2938 26.
1613 2896 1683 2950 qui
1723 2895 1911 2950 forsitan
1944 2919 2000 2926 —
2041 2901 2115 2936 aut

1239 2954 1371 2996 iussi.-
1406 2954 1586 2995 verbum
1620 2954 1673 2995 ab
1706 2955 1723 2995 i
1754 2955 1972 3009 incipiens
2004 2955 2115 3010 (rse-

1241 3019 1360 3066 rant)
1409 3020 1506 3067 post
1564 3026 1719 3055 vocem
1771 3014 1921 3056 eadem
1970 3012 2116 3055 littera

1241 3072 1486 3114 inchoatam
1502 3074 1663 3131 (ictus),
1678 3072 1979 3115 aberrantibus
2004 3074 2117 3115 scri-

1242 3132 1385 3173 bentis
1418 3133 1582 3184 oculis,
1625 3134 1830 3174 omissum
1873 3138 1940 3175 est
1974 3132 2018 3173 in
2052 3131 2115 3174 M³

1245 3198 1286 3233 et
1323 3194 1482 3233 ceteris
1516 3192 1637 3233 libris
1670 3191 1771 3234 inde
1810 3191 2116 3247 pendentibus.

1241 3251 1580 3307 Bezzenberger
1596 3252 1668 3306 qui
1693 3253 1934 3305 proximum
1963 3252 2117 3292 vilium

1244 3312 1406 3364 optime
1439 3313 1641 3363 removit,
1674 3312 1882 3353 intentent
1916 3311 2118 3364 pontim-

1243 3371 1492 3411 manitatem
1552 3370 1915 3423 interponendum
1966 3369 2118 3421 suasit,

1248 3429 1323 3470 sed
1367 3429 1448 3470 hac
1492 3443 1586 3470 cum
1636 3431 1884 3486 intemptent
1915 3441 1940 3470 a
1970 3427 2117 3470 Tacito

1248 3488 1487 3541 scribatur,
1522 3489 1694 3543 plenior
1727 3495 1793 3530 est
1824 3487 1946 3530 verbi
1979 3488 2118 3530 forma

1251 3561 1374 3602 quam
1409 3561 1520 3603 quac
1544 3548 1675 3589 facile
1697 3548 1960 3604 negligatur.
2005 3546 2118 3588 lctus

1250 3608 1416 3660 inferre
1460 3607 1647 3662 legimus
1689 3606 1738 3648 Ο.
1774 3609 1854 3659 37,
1886 3608 2014 3648 ictum
2044 3604 2118 3644 in-

1250 3669 1367 3721 ferre
1416 3667 1450 3708 V
1491 3667 1531 3708 5.
1601 3666 1647 3707 In
1689 3666 1840 3708 codice
1881 3661 2117 3720 Agricolae
