2222 4022
213 239 348 283 XXVI
1013 242 1280 286 PROOEMII

212 383 365 436 rebus
400 384 663 436 tradendis
702 390 750 436 et
777 385 1042 437 suffecisse
1078 402 1244 453 neque
1269 387 1475 438 nimium
1511 387 1670 440 fuisse
1707 388 2038 444 videbuntur:

213 474 529 527 duodenario
581 482 745 528 autem
802 491 1013 528 numero
1070 479 1404 531 Historiarum
1466 478 1720 530 volumina
1785 479 2039 547 descripta

211 566 373 617 fuisse
424 582 488 618 ex
541 567 603 619 iis
659 583 788 634 quae
828 568 892 619 de
927 567 1197 621 Annalium
1250 570 1393 620 libris
1451 570 1812 637 disputavimus
1857 575 2039 638 sponte

211 659 554 723 consequitur.
925 646 928 650 Δ

347 747 427 799 Ad
477 750 747 800 Annalium
808 751 990 816 libros,
1050 739 1271 804 ultimam
1325 753 1460 805 vitae
1517 768 1752 820 operam,
1818 755 2122 811 accessit15

207 839 422 890 Traiano
461 840 757 892 moderante
798 857 904 893 rem
944 844 1193 909 publicam
1245 850 1393 910 atque
1427 845 1703 910 postremis
1743 845 1888 897 annis
1926 847 2035 898 eius

204 927 524 995 imperatoris
561 932 771 984 eosdem
810 934 1028 985 absolvit
1063 941 1111 986 et
1147 935 1418 1003 evulgavit.
1494 937 1620 988 Nam
1656 951 1785 1002 quae
1821 936 2036 1004 legimus

204 1020 247 1072 Π
283 1019 376 1086 61,
431 1022 549 1072 emin
603 1029 803 1075 ventum
837 1025 1230 1090 Elephantinen-
1261 1042 1323 1077 ac
1359 1027 1584 1092 Syenen,
1645 1028 1874 1078 claustra
1922 1027 2038 1078 olim
2124 1010 2129 1017 ⁸

203 1110 419 1162 Romani
454 1114 669 1179 imperii,
709 1117 844 1181 qnod
877 1132 1011 1167 nnnc
1048 1117 1260 1169 rubrum
1298 1119 1366 1169 ad
1400 1133 1541 1168 mare
1574 1118 1812 1183 patescit,
1851 1134 1912 1171 ea
1947 1133 2038 1170 re-

205 1203 425 1269 spiciUnt
462 1205 661 1272 imperii
699 1207 826 1260 fines
863 1225 890 1259 a
928 1209 1145 1260 Traiano
1184 1225 1228 1260 a.
1275 1211 1555 1262 1152868
1609 1209 1672 1260 ad
1710 1210 1874 1261 sinum
1911 1209 2037 1260 Per-

201 1294 360 1345 sicum
416 1296 527 1348 sive
585 1298 790 1349 rubrum
846 1315 1010 1355 mare,
1042 1300 1280 1365 prolatos.
1377 1302 1514 1368 Lege
1551 1301 1730 1352 Dionis
1790 1299 2034 1366 reliquias

203 1387 332 1452 apud
371 1388 679 1454 Xiphilinum
717 1392 914 1444 LXVIII
973 1391 1215 1456 26--30‚
1275 1392 1326 1442 in
1378 1393 1552 1457 primis
1602 1407 1710 1458 cap.
1753 1391 1821 1444 28
1873 1391 2034 1443 haec:

200 1470 331 1527 ἑλών
371 1478 427 1529 δὲ
463 1481 761 1549 (Traianus)
806 1478 900 1548 τήν
944 1484 1304 1550 Κτησιφῶντα
1352 1479 1652 1550 ἐπεθύμησε
1692 1481 1744 1541 ἐς
1778 1479 1869 1549 τήν
1910 1483 2037 1549 ἐρυ-

197 1565 336 1631 θρὰν
394 1567 673 1622 θάλασσαι)
711 1576 1070 1623 καταπλῶσαι
1123 1577 1261 1638 κτλ.,
1317 1574 1546 1639 Eutropii
1595 1573 1705 1624 VIII
1743 1572 1802 1625 3:
1855 1571 2038 1625 Seleu·-

197 1659 326 1716 ciam
366 1665 412 1710 et
439 1661 822 1729 Ctesiphontem,
866 1665 1172 1730 Babylonem
1212 1671 1260 1716 et
1279 1665 1561 1716 Messenios
1600 1664 1723 1714 vicit
1754 1679 1820 1714 ac
1857 1662 2036 1714 tenum

198 1765 358 1816 usque
395 1754 463 1803 ad
497 1753 672 1806 Indiae
703 1757 828 1821 sines
880 1762 929 1807 et
976 1773 1118 1808 mare
1157 1757 1366 1807 rubrum
1412 1756 1644 1807 accessit.
1687 1787 1754 1796 -—-
1789 1754 2037 1806 Arabiam

187 1847 371 1905 postea
408 1844 460 1893 in
490 1846 792 1910 provinciae
826 1848 1046 1913 formam
1084 1848 1284 1914 redeqit.
1362 1846 1422 1896 In
1446 1848 1594 1897 *mari
1630 1846 1790 1897 rubro
1821 1847 2037 1897 classem

192 1932 404 1986 institnit
448 1942 504 1985 ut
548 1952 646 2002 per
695 1953 806 1989 eam
846 1938 1023 1989 Indiae
1071 1940 1196 2005 fines
1245 1945 1487 1990 vastaret.
1586 1939 1778 1990 Eadem
1833 1937 2033 2005 imperii

191 2034 461 2096 augmenta
503 2046 529 2080 a
572 2030 745 2081 Tacito
784 2031 1135 2097 significantur
1174 2032 1235 2083 IV
1271 2031 1332 2082 4:
1391 2031 1510 2080 mihi
1547 2045 1741 2095 quoqne
1778 2018 2036 2096 exequen-

191 2119 307 2170 dum
361 2135 511 2181 reor,
565 2135 698 2185 qnae
752 2120 885 2171 tuno
922 2123 1155 2184 (Tiberio
1212 2122 1476 2188 principe)
1508 2121 1742 2172 Romana
1793 2121 1943 2186 copia
1981 2120 2035 2171 in

125 2258 127 2260 .
191 2211 368 2274 armis,
407 2213 493 2277 qni
528 2212 656 2262 socii
693 2227 866 2278 reyes,
918 2219 1103 2278 quanto
1142 2214 1207 2263 sit
1249 2213 1510 2289 anqustins
1547 2219 1722 2279 (quam
1763 2228 1898 2265 nunc
1934 2213 2035 2264 im-

188 2309 400 2369 perante
438 2304 683 2369 Traiano)
722 2303 1078 2367 imperitatum.
1151 2306 1254 2355 Has
1281 2294 1684 2367 ‘admonitioneS‚
1726 2309 1781 2354 ut
1820 2303 2026 2355 veritati

191 2395 288 2446 iam
325 2401 685 2464 repugnantes,
725 2395 1012 2447 sublaturus
1052 2401 1175 2460 erat,
1220 2396 1260 2446 si
1290 2396 1515 2447 Annales
1553 2395 1783 2460 principe
1809 2394 2026 2447 Traiano

193 2491 403 2551 coeptos
464 2487 556 2538 sub
613 2486 875 2537 Hadriano
938 2486 1135 2537 demum
1188 2486 1459 2536 edidisset:
1528 2485 1571 2536 is
1630 2485 1764 2536 enim
1818 2482 2028 2552 adeptus

190 2577 522 2643 principatum
561 2594 605 2628 a.
642 2579 737 2629 117
771 2578 937 2630 statim
977 2578 1146 2629 omisit
1181 2582 1320 2643 parta
1362 2593 1389 2627 a
1426 2577 1643 2627 Traiano
1682 2591 1743 2627 ac
1779 2577 2026 2635 terminos

194 2672 398 2719 veteres
457 2669 704 2720 restituit:
768 2670 1061 2735 Spartianus
1098 2668 1250 2719 Hadr.
1294 2670 1352 2719 5:
1403 2667 1617 2732 adeptus
1662 2666 1927 2732 imperium
1961 2699 2024 2709 --

193 2759 362 2809 omnia
399 2765 543 2810 trans
572 2760 870 2825 Euphraten
906 2773 968 2810 ac
1006 2759 1190 2824 Tigyrim
1227 2758 1444 2823 reliquit,
1479 2758 1705 2821 exemplo
1742 2761 1799 2806 ut
1829 2755 2030 2806 dicebat

193 2847 428 2911 Catonis,
477 2848 561 2913 qui
598 2847 906 2898 Macedonas
943 2847 1129 2897 liberos
1164 2846 1540 2912 pronuntiavit,
1577 2847 1698 2912 quia
1733 2846 1893 2897 teneri
1927 2862 2029 2897 non

186 2943 444 3004 poterant.
551 2940 822 3005 Eutropius
876 2940 985 2991 VIII
1040 2939 1097 2990 6:
1149 2938 1234 3003 qni
1292 2937 1502 2988 Traiani
1546 2937 1743 3003 qloriae
1795 2936 2028 2988 invidens

194 3029 361 3078 statim
397 3029 696 3094 provincias
732 3035 835 3078 tres
869 3029 1070 3094 reliquit
1106 3045 1234 3095 quas
1273 3029 1537 3079 addiderat
1574 3027 1846 3089 Traiana&
1885 3033 1932 3077 et
1966 3028 2028 3078 de

197 3118 435 3184 Assyria,
467 3119 833 3185 Mesopotamia
857 3124 905 3167 et
931 3119 1169 3168 Armenia
1198 3118 1459 3168 revocavit
1497 3117 1751 3168 exercitus
1783 3133 1846 3167 ac
1877 3119 2026 3182 finem

195 3210 397 3273 imperii
439 3224 551 3259 esse
584 3210 746 3259 voluit
782 3209 1090 3274 Euphraten.
1171 3211 1313 3261 Cous.
1359 3210 1673 3276 Augustinus
1711 3209 1777 3260 de
1816 3209 1921 3260 Civ.
1963 3210 2021 3259 D.

198 3302 261 3351 IV
300 3300 382 3351 29.
458 3302 568 3362 Quo
606 3308 906 3367 argumento
947 3302 1198 3352 luculente
1236 3301 1519 3363 evincitur,
1561 3305 1612 3350 ut
1650 3299 1767 3349 mihi
1806 3300 2020 3361 videtur,

193 3391 420 3441 Annales
458 3393 576 3442 vivo
620 3393 874 3444 etiamtum
910 3394 1126 3445 Traiano
1169 3393 1334 3444 editos
1374 3406 1505 3456 esse,
1546 3391 1592 3441 h.
1634 3406 1678 3443 e.
1722 3395 1837 3443 ante
1873 3390 2023 3442 finem

196 3483 314 3535 anni
355 3483 450 3533 117
473 3507 523 3525 =
544 3483 662 3533 870.

334 3567 518 3624 Veram
555 3568 663 3623 eius
715 3572 883 3638 operis
934 3570 1314 3638 inscriptionem
1352 3586 1379 3622 a
1418 3566 1685 3622 codicibus
1731 3580 1834 3620 non
1888 3575 2111 3626 con-16
