2280 4004
257 269 324 314 τι
1036 255 1326 309 ΑΝΝΑιινΜ
1840 248 1959 307 asti.
1981 247 2096 311 &022

267 405 681 480 Mesopotamiam
721 407 812 460 sed
844 408 977 459 flexu
995 407 1286 459 Armeniam
1318 407 1510 474 petivit,
1540 407 1592 459 id
1629 407 1872 474 temporis
1903 392 2098 475 imper-'-

262 496 454 568 tunam,
482 503 599 568 quia
634 500 797 551 biems
822 499 1123 566 occipiebat.
1200 499 1330 550 Exin
1355 499 1558 551 nivibus
1593 503 1643 551 et
1668 499 1921 552 montibus
1948 498 2094 566 fessi,
2111 493 2182 544 13

264 599 532 662 postquam
573 607 778 658 campos
814 579 1236 658 propinquabant,
1274 592 1435 658 copiis
1477 591 1691 643 Carenis
1734 590 2093 663 adiunguntur,

267 685 607 749 tramissoque
664 698 810 734 amne
857 683 1009 751 Tigri
1043 668 1304 749 permeant
1354 682 1681 748 AdiabenOS,
1744 667 1953 750 quorum
2005 697 2099 735 rex

232 777 431 830 sizates
472 762 1106 826 societatem·Meherdatis
1141 774 1305 841 palam
1340 774 1591 840 induerat,
1628 775 1682 826 in
1716 774 1974 828 Gotarzen
2007 789 2101 841 per

269 867 471 919 occulta
508 872 558 918 et
597 867 760 934 magis
791 866 891 918 fida
931 866 1220 918 inclinabat.
1294 866 1395 919 Sed
1449 871 1591 933 capta
1639 866 1691 917 in
1728 865 2099 942 transituurbs

268 958 448 1022 NinoS‚
483 957 824 1010 vetustissima
858 957 1010 1008 sedes
1037 957 1301 1024 Assyriae,
1338 956 1698 1023 castellumque
1726 957 1928 1024 insigne
1949 956 2099 1022 sama,

270 1041 409 1115 >quod
449 1054 708 1115 postremo
762 1048 895 1099 inter
930 1048 1137 1099 Darium
1175 1053 1325 1114 atque
1363 1047 1710 1099 Alexandrum
1746 1047 1943 1114 proelio
1977 1047 2103 1100 Per-

273 1131 443 1191 sarum
483 1131 587 1191 illic
616 1153 739 1205 opes
763 1120 1111 1190 conciderant.
1186 1140 1381 1190 Interea
1412 1138 1675 1203 GotarzeS,
1715 1137 1845 1205 apud
1882 1143 2102 1190 montem

213 1222 356 1282 nocui
407 1246 594 1283 nomen
636 1230 918 1294 Sanbulos,
982 1235 1100 1281 vota
1156 1230 1234 1282 dis
1280 1229 1383 1281 loci
1431 1229 1770 1296 suscipiebat,
1829 1229 2103 1296 praecipua

272 1322 525 1390 religione
552 1321 756 1373 Herculi
773 1339 787 1385 3
825 1321 908 1388 qui
943 1325 1170 1388 tempore
1206 1326 1336 1372 stato
1359 1335 1451 1387 per
1477 1321 1694 1387 quietem
1729 1325 1901 1372 monet
1925 1335 2105 1372 sacer-

272 1414 421 1465 dotes
475 1417 529 1463 ut
580 1413 817 1480 templum
884 1413 1020 1464 iuxta
1083 1427 1242 1479 equos
1310 1411 1515 1464 venatui
1573 1411 1850 1463 adornatos
1903 1410 2100 1463 sistant.
2147 1460 2150 1463 ,

272 1504 402 1570 Equi
438 1504 525 1555 ubi
563 1503 827 1570 pharetras
875 1503 990 1556 telis
1043 1509 1251 1555 onustas
1304 1518 1582 1570 accepere,
1637 1518 1731 1570 per
1779 1501 1936 1555 saltus
1983 1505 2104 1571 vagi

272 1599 427 1646 nocte
478 1595 676 1646 demum
730 1595 906 1647 vacuis
942 1595 1196 1662 pharetris
1231 1594 1385 1647 multo
1448 1610 1559 1647 cum
1613 1593 1836 1646 anhelitu
1871 1592 2102 1646 redeunt.

213 1688 488 1740 15Rursuni
529 1687 673 1751 deuS,
714 1702 811 1753 qua
849 1686 1004 1739 silvas
1042 1688 1412 1753 pererraverit,
1454 1692 1703 1738 nocturno
1739 1686 1854 1737 visu
1890 1685 2106 1738 demon-

274 1781 416 1842 strat,
456 1778 876 1845 reperiunturque
915 1779 1059 1830 fusae
1093 1779 1281 1845 passim
1322 1779 1479 1830 ferae.
1569 1778 1802 1830 Ceterum
1841 1776 2103 1843 Gotarzes,
2123 1776 2191 1827 14

273 1868 497 1920 nondum
536 1869 660 1919 satis
700 1874 848 1920 aucto
888 1869 1146 1932 exercita,
1197 1869 1400 1920 flumine
1439 1869 1621 1920 Corma
1666 1881 1758 1935 pro
1797 1867 2104 1920 munimento

273 1959 373 2024 uti,
425 1965 474 2011 et
512 1974 810 2026 quamquam
858 1975 951 2026 per
991 1960 1355 2011 insectationes
1405 1964 1454 2010 et
1491 1959 1696 2010 nuntios
1742 1958 1806 2010 ad
1858 1957 2105 2024 proelium

275 2055 561 2114 vocaretur,
590 2055 796 2103 nectere
821 2065 1009 2115 inoraS,
1041 2050 1185 2102 locos
1212 2055 1420 2115 mutare,
1452 2055 1500 2101 et
1525 2049 1693 2102 missis
1726 2047 2106 2116 corruptoribus

397 2184 434 2224 1.
462 2183 616 2239 petiuit
647 2181 732 2236 Ma,
767 2195 853 2224 non
885 2190 1047 2239 petunt.
1142 2185 1231 2239 inp.
1262 2181 1341 2224 Mn.
1435 2185 1476 2225 2.
1514 2182 1673 2238 hiemps
1705 2180 1785 2224 Ma.
1880 2181 1991 2228 exim
2024 2180 2106 2224 Ma.

275 2245 318 2286 3.
354 2255 523 2300 campos
543 2241 622 2296 Ma,
649 2255 735 2283 non
764 2244 938 2299 campis.
1006 2246 1048 2285 4.
1084 2245 1360 2298 tramissoque
1382 2255 1431 2296 pr
1454 2241 1534 2294 Ma,
1558 2242 1888 2296 transmissoque
1907 2252 2004 2282 corr
2026 2239 2105 2291 Ma.

276 2303 318 2344 5.
351 2302 521 2343 iuliates
542 2302 636 2343 Ma:
672 2302 921 2344 emendavit
952 2302 1123 2356 Lipsius
1158 2317 1210 2344 ex
1243 2302 1430 2356 Iosepho
1455 2303 1512 2346 20
1544 2304 1572 2345 2
1597 2308 1640 2343 et
1662 2302 1705 2344 3.
1798 2300 2002 2342 societate
2026 2299 2106 2343 Ma.

277 2362 318 2404 7.
354 2361 653 2417 castellumque
689 2362 851 2403 editor:
886 2361 952 2405 Ma
983 2376 1007 2403 a
1039 2374 1102 2416 pr.
1140 2375 1266 2404 manu
1301 2361 1491 2414 castelle,
1526 2374 1623 2403 corr
1645 2359 1784 2411 lll‘det
1807 2359 1841 2402 G
1873 2359 2107 2414 castellum,

275 2421 513 2476 Agricolae
547 2421 643 2463 cod.
686 2428 725 2462 et
758 2421 919 2463 Arbela
962 2421 1194 2463 castellam.
1345 2420 1386 2463 8.
1424 2422 1608 2462 Darium
1639 2419 1729 2474 Ma,
1774 2432 1861 2461 non
1901 2419 2106 2462 Dareum.

271 2481 413 2536 prael.
448 2481 519 2522 Or.
611 2481 652 2524 9.
686 2487 905 2536 yortarzcs
942 2480 1020 2523 Ma.
1106 2481 1172 2523 10.
1210 2479 1422 2522 Sanbulos
1443 2479 1520 2533 Ma,
1555 2493 1641 2520 non
1666 2479 1902 2522 Sambulos.
1971 2486 2108 2534 'prae-

278 2541 428 2595 cipuae
461 2539 541 2591 Ma,
578 2552 663 2580 non
698 2541 850 2594 praeci
881 2556 944 2582 ue.
1045 2542 1112 2582 11.
1148 2540 1327 2580 Herculi
1359 2539 1438 2592 Ma,
1473 2553 1558 2580 non
1589 2539 1801 2580 Herculis.
1895 2544 2005 2579 stato
2026 2536 2107 2590 Ma,

277 2611 365 2638 non
396 2605 574 2649 statuto,
608 2605 654 2638 ut
688 2599 721 2639 G
754 2606 797 2640 et
870 2601 1117 2641 xonienses.
1213 2600 1280 2641 13.
1315 2601 1508 2652 faretras
1534 2597 1612 2640 Ma.
1706 2597 1800 2638 tclis
1831 2603 2006 2639 onustas
2026 2594 2107 2650 ΜΒ,

278 2670 365 2697 non
401 2658 494 2698 telis
526 2658 689 2698 omissis
722 2665 909 2712 onustas,
944 2664 989 2699 ut
1021 2659 1064 2698 in
1090 2658 1123 2698 V
1144 2658 1254 2699 1863
1289 2663 1332 2698 et
1369 2657 1494 2700 1864.
1576 2656 1643 2698 14.
1676 2657 1856 2711 saretrt‘s
1880 2655 1970 2698 Ma.
2038 2656 2107 2699 15.

278 2730 449 2758 rursum
472 2716 551 2769 Ma,
585 2729 670 2758 non
703 2731 866 2759 rursus.
954 2717 1248 2773 pererrabcm‘t
1274 2730 1323 2771 pr
1345 2715 1423 2758 Ma.
1523 2716 1585 2758 16.
1621 2716 2004 2772 repperiunturque
2025 2713 2106 2758 Ma.

277 2778 371 2834 fere
397 2774 477 2817 Ma.
553 2775 618 2818 18.
654 2781 924 2834 quamquam]
959 2790 1084 2832 quam
1117 2789 1164 2830 pr
1190 2775 1268 2818 Ma.
1336 2776 1476 2832 prael.
1503 2775 1574 2817 Or.
1661 2775 1726 2818 19.
1746 2781 1930 2817 nauem-ec
1958 2787 2008 2831 pr
2026 2773 2107 2818 Ma.

1327 2882 1373 2919 in
1406 2879 1591 2919 transila
1630 2878 1731 2919 urbs
1773 2877 1909 2920 Ninos
1941 2902 1997 2910 -
2030 2890 2110 2921 ca-

1239 2937 1483 2991 stellumque
1497 2939 1663 2993 insiqne
1678 2939 1828 2992 fama:
1849 2936 1966 2993 Tigri
1984 2949 2112 2978 amne

364 2879 535 2933 petivit.-
569 2877 653 2919 hoc
688 2884 731 2919 et
763 2878 827 2920 illa
864 2885 906 2920 ct
939 2880 1152 2922 variatio-

282 2936 349 2977 nis
382 2950 502 2979 amor
535 2937 671 2982 Taciti
715 2940 914 2992 proprius
948 2952 1052 2994 prae
1084 2938 1153 2980 al-

283 3001 377 3037 tera
419 2995 462 3037 h.
506 2996 534 3044 l.
579 2998 792 3051 scriptura
837 3005 986 3053 petunt
1032 3010 1155 3038 coin-

284 3055 474 3103 nlendat.
538 3056 630 3102 Hoc
691 3058 829 3111 ipsum
886 3070 940 3098 ex
1005 3057 1155 3112 petiuit

286 3117 469 3169 (puncta
512 3116 555 3156 in
588 3115 742 3161 codice
775 3115 840 3161 illa
871 3116 1052 3172 desunt)
1086 3115 1155 3156 sa-

287 3173 452 3216 cillime
485 3176 604 3222 nasci
640 3177 794 3229 potuit.

378 3233 483 3288 Cap.
536 3237 604 3278 13.
669 3249 840 3291 campos
886 3235 1155 3291 propinqua-

287 3294 414 3335 bant.-
445 3293 600 3338 similis
637 3295 852 3345 iunctura,
881 3300 927 3336 ut
952 3296 993 3336 in
1020 3294 1154 3336 verbo

286 3353 508 3399 accedere.
543 3352 610 3396 Cf.
637 3353 689 3395 ad
711 3354 788 3396 Xll
809 3355 875 3398 10.
935 3362 1158 3410 permeant

285 3412 556 3454 Adiabenos}
598 3413 806 3466 Assyriae
854 3413 957 3455 olim
992 3419 1156 3467 partem

287 3471 517 3526 etquidem
538 3472 810 3525 Babyloniae
838 3486 1014 3526 campos
1043 3479 1157 3516 trans

286 3531 446 3585 Tigrim
481 3531 764 3575 habitabant:
815 3532 966 3574 Strabo
1001 3532 1099 3577 XVI
1134 3535 1153 3574 1

289 3591 333 3639 ἓ.
374 3592 395 3631 1
430 3594 474 3632 et
513 3590 579 3635 19.
622 3589 787 3636 Plinius
827 3592 861 3633 V
900 3593 973 3644 13,
1011 3592 1066 3635 Vl
1105 3593 1158 3635 10

290 3652 332 3687 et
369 3647 421 3690 16
454 3654 497 3688 et
528 3650 598 3691 31.

1241 2998 1437 3037 tramisso
1476 2996 1736 3041 Meherdatis
1769 2997 1990 3039 exercitus
2019 2997 2111 3050 pri-

1241 3068 1354 3096 muni
1414 3055 1562 3097 urbem
1624 3055 1780 3096 Ninum
1840 3056 1884 3098 in
1935 3055 2113 3096 sinistra

1240 3114 1429 3155 fluminis
1462 3116 1555 3168 ripa
1587 3115 1712 3156 sitam
1741 3115 1872 3168 cepit,
1906 3114 2112 3170 aliquun-

1243 3180 1419 3228 tumque
1454 3186 1710 3228 progressus
1741 3172 2000 3225 castollum,
2036 3173 2112 3215 ubi

1241 3233 1465 3275 Persarum
1508 3245 1616 3286 opes
1659 3232 1763 3274 olim
1814 3232 2110 3286 conciderunt,

1243 3294 1527 3348 expugnavit.
1592 3291 1685 3333 lloc
1725 3291 1954 3334 castellum
1997 3293 2112 3333 notis

1241 3351 1497 3407 quibusdam
1522 3351 1754 3407 designare
1785 3365 1910 3407 quani
1936 3351 2111 3392 nomine

1241 3424 1320 3452 suo
1354 3411 1577 3465 appellare
1609 3412 1800 3465 scriptor
1819 3409 1986 3461 maluit,
2015 3409 2110 3450 sive

1243 3471 1463 3525 ignoravit
1496 3482 1653 3511 nomen
1679 3471 1774 3511 sive
1798 3470 1883 3512 alia
1902 3469 1956 3510 de
1981 3480 2110 3510 causa

1241 3531 1433 3575 reticuit.
1497 3530 1615 3572 idem
1658 3529 1710 3571 ab
1761 3541 1813 3571 eo
1846 3528 2006 3569 fuctum
2038 3528 2110 3568 vi-

1242 3590 1392 3637 demus
1425 3589 1461 3630 li
1493 3589 1573 3632 62:
1608 3589 1811 3643 inrumpit
1841 3587 2006 3642 regiam
2031 3598 2109 3627 ca-

1239 3649 1486 3704 stellumque
1517 3651 1638 3691 emeca
1675 3649 1812 3691 situm.
1876 3645 1923 3689 ln
1955 3644 2109 3689 codice
