2280 4004
200 294 239 331 ,a
266 282 315 329 0.
347 283 446 328 47...

843 278 1007 323 LIBER
1037 278 1107 323 XI.
1174 277 1280 322 GAr.
1312 279 1383 323 22.
1969 280 2029 322 25

210 426 486 494 praemium
521 424 699 489 fuerat,
741 423 1034 489 cunctisque
1066 422 1266 487 civium,
1303 422 1348 474 si
1385 421 1534 474 bonis
1572 420 1762 473 artibus
1798 420 2028 487 fiderent,

210 518 399 570 licitum
426 521 599 583 petere
629 516 980 583 magistratus3
1020 530 1080 564 ac
1104 529 1168 565 ne
1198 519 1337 565 aetas
1376 512 1575 579 quidem
1611 512 2029 581 distinguebatur,

213 608 333 675 quin
379 608 539 674 prima
592 607 793 658 iuventa
854 604 1166 656 consulatum
1218 609 1267 655 et
1326 604 1600 655 dictaturas
1653 603 1854 655 inirent.

1930 603 2032 656 Sed

214 703 510 766 quaestores
567 697 774 764 regibus
831 695 978 747 etiam
1040 700 1141 745 tum
1198 695 1559 760 imperantibus
1621 695 1831 747 instituti
1891 700 2031 759 sunt.;

211 788 349 856 quod
386 789 468 841 lex
502 787 692 840 curiata
718 787 955 852 ostendit,
997 787 1059 838 ab
1086 786 1241 838 Lucio
1268 786 1420 837 Bruto
1445 787 1674 853 repetita.

1748 786 2030 853 Mansitque
2049 798 2072 836 s

214 880 505 934 consulibus
556 883 779 946 potestas
829 878 1115 945 deligendi,
1169 877 1336 929 donec
1385 893 1497 929 eum
1545 892 1744 944 quoque
1786 877 2032 930 honorem

211 973 422 1039 populus
474 970 752 1022 mandaret.

873 970 1143 1036 Creatique
1201 969 1413 1035 primum
1461 969 1691 1021 Valerius
1739 969 1934 1021 Potitus
1984 971 2034 1020 et

211 1064 456 1118 Aemilius
496 1063 810 1127 MamercuS,
852 1061 1175 1131 sexagesimo
1224 1060 1372 1112 tertio
1410 1074 1542 1112 anno
1581 1065 1697 1130 post
1733 1057 2034 1129 Tarquinios

329 1219 371 1261 3.
405 1218 525 1275 quin]
561 1217 633 1272 qui
664 1217 711 1258 in
742 1214 822 1258 Ma.

923 1216 963 1258 5.
1001 1215 1050 1257 L.
1086 1213 1166 1257 Ma.

1274 1216 1314 1256 7.
1344 1221 1468 1270 potus
1502 1212 1593 1256 Ma:
1627 1214 1815 1258 correxit
1847 1212 2033 1272 Lipsius.

212 1277 255 1322 8.
291 1277 552 1334 sexaqesimo
585 1277 708 1319 tertio
741 1274 829 1329 Ma,
862 1286 947 1316 non
981 1275 1104 1316 tertio
1141 1280 1180 1315 et
1210 1275 1488 1331 seoeayesimo.
1525 1273 1559 1316 G
1590 1272 1735 1316 LXIII.

214 1431 292 1475 pro
325 1419 471 1462 Rabir.
504 1418 547 1462 4.
609 1419 715 1462 Nam
759 1419 833 1476 qui
881 1419 935 1461 ab
969 1432 1081 1461 anno

214 1478 299 1523 307
340 1478 555 1533 prodeunt
597 1485 878 1534 quaestores,
926 1481 1082 1521 aerarii

216 1550 362 1580 curam
404 1539 448 1579 in
487 1551 535 1580 se
577 1539 877 1593 suscipiebant
924 1544 967 1580 et
999 1552 1083 1593 pu-

214 1597 353 1639 blicas
394 1598 604 1651 pecunias
652 1597 994 1653 conquirebant,
1041 1598 1084 1639 id

213 1656 332 1712 quod
379 1656 452 1698 hic
501 1655 691 1713 diligens
749 1663 792 1700 et
836 1659 1083 1699 succinctus

214 1728 358 1757 rerum
379 1722 577 1758 narrator
606 1717 873 1773 significavit
898 1716 1084 1759 subditis

215 1781 262 1817 ut
320 1788 413 1816 rem
468 1776 698 1818 militarem
762 1777 1081 1819 comitarentur.

217 1833 388 1875 Tacit-us
420 1841 563 1877 autem
598 1835 681 1878 hoc
703 1834 934 1877 discrimen
969 1849 1084 1877 nunc

217 1894 421 1948 persequi
463 1894 606 1935 noluit
646 1896 690 1936 in
734 1895 816 1936 hac
865 1895 989 1936 brevi
1030 1895 1084 1936 de

212 1958 450 2008 quaestura
473 1953 761 2010 digressione.
814 1954 977 1995 Iniuria
1000 1954 1083 1996 Ta-

216 2013 348 2053 citum
370 2014 527 2053 erroris
547 2014 836 2068 inscitiaeque
861 2015 1085 2055 accusavit

215 2069 480 2112 Niebuhrins
511 2071 562 2112 H.
599 2072 650 2114 R.
682 2078 712 2114 t.
742 2073 759 2112 l
791 2085 892 2126 pag.
924 2072 1010 2114 583
1041 2078 1085 2113 et

215 2134 246 2170 t.
288 2128 326 2170 ΙΙ
363 2135 511 2173 annot.
554 2130 643 2174 836
695 2137 738 2173 et
780 2137 810 2173 t.
843 2129 900 2171 111
934 2137 1081 2173 annot.

219 2188 358 2239 10033
378 2188 666 2231 Niebuhrium
691 2190 766 2232 alii
790 2189 1084 2244 imprudenter

215 2248 356 2288 secuti
387 2254 501 2290 sunt.
566 2249 650 2291 Sed
697 2250 807 2291 hanc
837 2248 1083 2302 reprehen-

215 2307 382 2348 sionem
424 2307 497 2349 vel
546 2308 706 2349 collato
750 2309 956 2349 Varronis
1006 2309 1084 2363 (de

214 2365 342 2421 Ling.
375 2365 467 2408 Lat.
505 2366 606 2418 νδ.
628 2367 709 2424 81)
744 2367 844 2409 loco
862 2367 1082 2421 repellere

215 2424 346 2466 licet:
379 2424 439 2466 ibi
475 2427 590 2467 enim
622 2426 837 2483 legimns:
883 2434 1082 2480 quaesto-

213 2496 284 2524 res
313 2496 342 2524 a
378 2484 646 2538 quaerendo,
681 2487 751 2540 qui
782 2486 1084 2539 conquirerent

208 2541 405 2598 publicas
430 2544 638 2599 pecunias
674 2552 714 2586 et
738 2545 952 2598 maleficia
977 2559 1084 2599 quae

214 2602 429 2643 triumviri
450 2602 657 2659 capitales
673 2618 789 2645 nunc
810 2606 1081 2658 conquirunt.

217 2660 353 2701 Varro
398 2661 528 2715 plane
579 2668 627 2703 ut
670 2663 743 2705 hic
783 2670 934 2705 noster
977 2664 1083 2704 duas

215 2725 492 2775 quaestorum
544 2723 704 2777 species
752 2722 1084 2777 comprehendit

216 2784 260 2819 et
290 2784 506 2834 tamquam
539 2793 670 2821 unum
703 2796 835 2836 qenus
862 2782 1081 2835 proponit.

217 2836 388 2890 Quippe
407 2844 591 2893 uterque
611 2840 839 2881 brevitatis
863 2840 1083 2882 studiosus

217 2908 310 2936 eam
342 2908 433 2936 rem
466 2897 643 2939 uberius
673 2899 895 2953 explicare
926 2899 1082 2941 noluit.

316 2955 552 3009 mansitque
604 2958 843 2999 consulibus
898 2965 1085 3014 potestas

217 3011 456 3067 deliyendi:
501 3014 610 3056 haec
645 3015 755 3057 falsa
788 3029 885 3059 esse
920 3019 1082 3071 primus

215 3070 479 3114 Niebuhrius
520 3073 537 3114 1
579 3086 620 3127 p.
666 3075 752 3118 583
783 3078 1085 3129 pronuntiavit

215 3129 380 3186 aliique
402 3132 591 3188 vestigia
618 3133 711 3174 eius
731 3133 948 3190 legerunt.
1000 3135 1083 3176 Ta-

217 3189 346 3229 citum
392 3188 531 3231 nihilo
575 3192 717 3232 minus
763 3206 868 3235 vera
913 3194 1084 3236 tradere

217 3258 303 3287 non
337 3246 519 3290 difficile
552 3255 619 3290 est
649 3250 702 3291 ad
727 3252 1079 3307 intelligendum.

215 3305 411 3361 Regibus
445 3307 559 3348 enim
593 3307 677 3349 hoc
712 3310 817 3351 iuris
851 3311 1002 3362 fuisse,
1038 3317 1083 3351 ut

215 3365 259 3405 in
294 3377 424 3405 causa
458 3366 630 3418 capitali
657 3379 742 3407 non
767 3369 848 3421 ipsi
875 3369 1082 3409 iudicium

215 3423 478 3464 invidiosum
502 3425 681 3474 ferrent,
715 3427 791 3467 sed
828 3434 1084 3481 quaestores

216 3481 486 3538 deligerent,
549 3483 746 3536 locuples
805 3491 955 3526 auctor
1019 3492 1083 3527 est

216 3546 389 3593 praeter
421 3541 535 3583 hunc
568 3548 760 3584 nostrum
798 3544 947 3586 Livius
969 3544 986 3586 l
1011 3544 1082 3596 26,

220 3598 317 3640 dum
347 3600 516 3658 Tullum
560 3602 791 3644 Hostilium
836 3602 946 3645 haec
980 3616 1083 3658 pro-

219 3655 470 3714 loquentem
500 3661 691 3717 inducit,
726 3663 967 3709 duumviros
1014 3663 1084 3720 qui

1169 1419 1348 1461 Horatio
1375 1418 1714 1475 perduellionem
1734 1416 1936 1469 iudicent,
1965 1430 2037 1475 seq·

1169 1479 1351 1520 cundum
1382 1478 1515 1534 leqem
1545 1479 1678 1533 faci0.
1752 1476 1885 1533 Atqui
1919 1475 2034 1518 idem

1167 1539 1274 1579 iuris
1305 1538 1358 1580 ad
1388 1537 1591 1579 consules
1618 1536 1769 1593 regiae
1806 1536 2035 1591 potestatis

1168 1597 1354 1640 heredes
1386 1598 1643 1651 pervenisse
1674 1608 1760 1636 non
1791 1595 1932 1637 solum
1959 1607 2038 1649 per

1167 1670 1216 1699 se
1236 1657 1478 1699 verisimile
1499 1662 1579 1709 est,
1612 1655 1688 1697 sed
1710 1654 1824 1697 idem
1854 1659 2038 1696 testatur

1169 1722 1212 1759 et
1243 1716 1413 1758 Tacitus
1453 1720 1496 1757 et
1536 1716 1609 1757 lex
1654 1715 1818 1756 curiata
1856 1713 1908 1756 ab
1941 1714 2036 1768 ipso

1168 1788 1245 1830 pro
1287 1776 1540 1817 testimonio
1588 1775 1745 1829 posita.
1810 1774 1894 1817 Sed
1934 1772 2040 1829 quid

1170 1835 1341 1877 tandem
1366 1833 1821 1886 movitNiebuhrium,
1858 1838 1906 1875 ut
1938 1837 2039 1873 tan-

1167 1901 1232 1936 tas
1276 1895 1560 1936 auctoritates
1600 1898 1849 1947 sperneret,
1899 1905 2039 1948 quae-

1168 1959 1396 2009 storesque
1437 1955 1604 2008 priscos
1638 1966 1662 1994 a
1695 1952 1827 1994 curiis
1870 1956 2038 1994 creatos

1169 2012 1422 2055 assereret?
1451 2013 1661 2054 Nimirum
1686 2011 1865 2053 nimium
1888 2010 2041 2052 tribuit

1166 2072 1278 2114 Iunii
1312 2071 1550 2114 Gracchani
1585 2072 1838 2112 testimonio
1873 2070 1925 2112 ab
1958 2068 2040 2111 Ul..

1167 2133 1298 2186 piano
1339 2131 1368 2172 l.
1414 2144 1487 2172 un.
1528 2130 1630 2186 Dig.
1679 2130 1696 2171 1
1742 2131 1794 2172 13
1848 2135 2039 2181 servato,

1169 2190 1283 2246 quod
1317 2191 1464 2244 quanti
1501 2189 1749 2231 faciendum
1783 2189 1863 2240 sit,
1908 2190 2039 2230 immo

1168 2263 1295 2304 quam
1328 2251 1497 2290 incerta
1530 2254 1574 2289 et
1621 2248 1822 2290 fabulosa
1854 2248 1932 2290 ille
1965 2259 2041 2288 se-

1169 2315 1294 2350 cutus
1339 2309 1418 2360 sit,
1463 2314 1510 2348 ut
1550 2308 1802 2364 intelligant
1833 2307 2039 2358 lectores,

1169 2367 1480 2409 transscribere
1506 2373 1642 2409 totum
1673 2367 1862 2421 placuit:
1897 2367 2041 2408 Grac-

1169 2427 1331 2469 chanus
1364 2426 1542 2481 denique
1568 2427 1716 2468 Iunius
1740 2426 1847 2468 libro
1865 2426 2039 2481 septimo

1168 2487 1218 2528 cle
1236 2487 1514 2527 Potestatibus
1552 2487 1679 2527 etiam
1710 2487 1847 2542 ipsum
1879 2486 2042 2527 Romu-

1167 2546 1253 2588 lum
1302 2552 1341 2586 et
1395 2546 1577 2587 Numam
1628 2544 1876 2600 Pompilium
1923 2543 2042 2585 binos

1168 2611 1412 2660 quaestores
1446 2605 1667 2656 habuisse,
1709 2617 1809 2658 quos
1841 2603 1924 2659 ipsi
1954 2616 2042 2643 non

1167 2678 1247 2706 sua
1276 2678 1378 2706 voce
1410 2664 1484 2705 sed
1502 2664 1651 2720 populi
1669 2664 1877 2719 suffraqio
1912 2676 2042 2703 crea-

1171 2730 1284 2776 rent,
1318 2725 1468 2778 refert.

1269 2783 1486 2837 creatique
1532 2782 1718 2837 primum
1761 2806 1816 2813 —-
1857 2787 1903 2822 ut
1953 2794 2043 2822 rem

1167 2842 1398 2883 militarem
1419 2842 1755 2883 comitarentur.-
1792 2841 1864 2895 qui
1887 2840 1939 2881 ab
1959 2839 2043 2881 hoc

1168 2906 1364 2955 tempore
1387 2907 1642 2955 quaestores
1668 2905 1934 2954 comparent,
1957 2911 2042 2940 no-

1167 2973 1267 3001 men
1299 2960 1470 3013 priscae
1502 2959 1728 3015 dignitatis
1760 2965 1934 3010 tenent,
1963 2958 2040 3000 sed

1169 3018 1255 3059 alia
1286 3020 1466 3074 negotia
1495 3024 1853 3072 procuraverunt.
1921 3016 2042 3058 Con-

1168 3078 1287 3119 sules
1323 3079 1436 3118 enim
1470 3077 1521 3118 ad
1551 3078 1714 3118 bellum
1749 3076 2042 3131 proficiscen-

1168 3142 1233 3177 tes
1287 3137 1614 3190 exercitumqne
1672 3135 1714 3175 hi
1763 3136 2040 3184 comitantur,

1168 3194 1356 3248 praedae
1370 3193 1628 3235 vendendae
1649 3206 1792 3234 curam
1808 3194 2041 3245 sustinent,

1168 3253 1487 3306 pecuniamque
1551 3250 1650 3292 inde
1721 3252 1937 3292 redactam
1997 3253 2041 3292 in

1169 3311 1382 3352 aerarium
1418 3309 1627 3351 referunt.
1693 3311 1744 3350 Hi
1787 3311 1870 3351 iam
1905 3311 2040 3352 annui

1170 3370 1448 3424 magistratus
1484 3375 1630 3418 erant,
1677 3381 1772 3409 cum
1805 3370 1938 3422 prisci
1974 3368 2039 3410 illi

1169 3433 1446 3482 quaestores,
1482 3427 1552 3467 ubi
1588 3440 1689 3467 usus
1724 3434 1864 3478 esset,
1909 3440 1931 3468 a
1966 3440 2040 3468 re-

1169 3485 1296 3540 gibus
1348 3492 1391 3526 et
1438 3485 1645 3540 deinceps
1705 3499 1727 3526 a
1786 3486 2040 3527 consulibus

1169 3544 1485 3600 deligerentur.
1550 3545 1637 3586 Hos
1701 3547 1803 3585 item
1873 3557 2039 3586 annuos

1167 3603 1305 3645 fuisse
1355 3603 1462 3645 dicit
1508 3603 1733 3646 Beckerus
1788 3604 2036 3659 (Enchirid.

1167 3663 1267 3707 Ant.
1300 3663 1424 3706 Rom.
1460 3662 1554 3714 t.,11
1583 3669 1692 3720 part.
1723 3663 1820 3721 Ilp.
1841 3665 1923 3708 331
1947 3668 2037 3723 sq.)
