2280 4004
248 272 311 325 24
1031 268 1325 315 ANNAleM
1362 288 1369 291 -

1828 285 1868 315 a.
1901 277 1946 316 u.
1979 269 2079 318 767.

389 420 484 472 Hic
507 426 677 472 rerum
697 417 1005 469 urbanarum
1029 421 1189 468 status
1218 421 1342 479 erat,
1373 424 1484 466 cum
1504 407 1821 465 Pannonicus
1846 406 2080 483 legiones
2099 421 2165 468 16

251 511 438 563 seditio
464 510 691 573 incessit,
722 507 871 558 nullis
902 507 1050 558 novis
1080 506 1269 571 causis,
1298 505 1397 556 nisi
1434 504 1571 571 quod
1605 506 1822 556 mutatus
1843 506 2080 573 prinoeps

249 600 505 653 licentiam
540 595 798 652 turbarum
839 603 890 649 et
924 611 989 650 ex
1022 597 1159 650 civili
1192 596 1327 649 bello
1359 602 1501 662 spem
1527 592 1871 661 praemiorum
1902 600 2085 649 estun·-

253 691 418 742 debat.
495 689 684 741 Castris
723 686 933 740 aestivis
968 680 1258 762 'tresusimul
1293 686 1527 754 legiones
1562 685 1894 751 habebuntur,
1930 694 2084 753 prae-

215 774 449 830 ssid‘ente
478 776 620 828 Iunio
644 775 856 839 Blaes03
896 775 980 841 qui
1012 764 1114 825 fine
1128 768 1355 842 'Augusti
1395 780 1445 827 et
1477 775 1635 827 initiis
1664 772 1859 829 'Tiberii
1898 771 2100 829 auditis-

252 869 317 920 ob
353 867 594 918 iustitium
635 870 719 917 aut
749 866 990 934 gaudium
1021 865 1364 918 intermiserat
1391 862 1539 917 solita
1572 868 1758 918 munla.

1832 868 1907 918 Eo
1937 868 2085 933 prin:-

253 958 386 1023 cipio
422 957 664 1008 lascivire
693 955 856 1021 mileS‚
885 955 1203 1021 discordare,
1237 956 1446 1022 pessimi
1483 957 1726 1023 cuiusque
1761 956 2082 1009 sermonibus

251 1048 501 1114 praebere
542 1060 721 1110 aures,
766 1047 984 1113 denique
1019 1041 1188 1098 luxum
1231 1052 1280 1098 et
1313 1048 1469 1098 “otium
1509 1055 1721 1113 cupere,
1763 1043 2082 1112 disciplinffin

254 1142 304 1188 et
349 1137 577 1188 laborem
635 1137 916 1202 aspernari.

1013 1137 1135 1188 Erat
1186 1136 1238 1186 in
1289 1137 1469 1188 castris
1506 1138 1813 1189 Percennius
1862 1138 2096 1204 quidam„

193 1242 241 1279 ιο
254 1226 356 1277 dux
394 1227 512 1278 olim
549 1227 866 1305 theatralium
906 1226 1189 1301 operarum,
1232 1220 1347 1278 dein
1386 1229 1652 1294 gregarius
1689 1229 1849 1293 miles,
1890 1231 2085 1295 procax

251 1297 425 1384 lingua
465 1322 513 1369 et
550 1318 767 1369 miscere
805 1322 980 1368 coetus
1032 1316 1316 1368 histrionali
1357 1318 1522 1368 studio
1562 1319 1759 1370 doctus,
1834 1320 1882 1370 Is
1918 1320 2082 1385 impe-

250 1408 377 1460 ritos
417 1407 644 1472 animum,
709 1412 758 1458 et
812 1411 1057 1472 quaenam
1105 1407 1222 1472 post
1269 1408 1553 1474 Augustum
1603 1408 1812 1461 militiae
1858 1406 2081 1460 conditio

252 1487 592 1566 ambigenteS,
645 1498 903 1564 impellere
939 1497 1173 1562 paulati-m
1212 1500 1475 1550 nocturni-s
1518 1499 1785 1564 colloquiis
1828 1504 1912 1550 aut
1947 1499 2083 1550 flexo

250 1591 303 1638 in
340 1586 606 1655 vesperam
640 1588 754 1666 die,
807 1593 860 1660 et
898 1587 1104 1654 dilapsis
1143 1586 1436 1639 melioribus
1475 1586 1798 1640 deterrimum
1837 1596 2084 1656 quemque

192 1694 238 1730 ιε
255 1693 594 1747 congregare.
669 1679 928 1731 Postremo
968 1680 1208 1744 promptis
1257 1680 1353 1729 iam
1393 1684 1443 1729 et
1480 1679 1591 1730 aliis
1629 1679 1896 1732 seditionis
1931 1681 2168 1736 mini-17

368 1821 410 1865 2.
444 1816 602 1878 sedicio
634 1813 689 1862 M.

255 1878 506 1922 emendavit
537 1879 746 1922 Muretus.

252 1986 352 2030 data
388 1984 494 2029 editi
531 1985 704 2039 es‘se'n't,
751 1987 962 2043 proximis
996 1983 1125 2028 dnnis'

253 2046 495 2088 celebratio
546 2047 601 2090 ad
648 2018 833 2088 alterum
877 2043 1125 2115 praetorem

251 2105 462 2164 tlanslata
497 2106 540 2147 et
581 2104 711 2148 huius
747 2104 958 2160 impensis
995 2107 1126 2146 insti-

251 2168 346 2207 tuta
379 2178 424 2207 es
406 2159 460 2206 s'.t
522 2163 673 2219 Itaque
707 2165 938 2206 celebratio
978 2178 1128 2206 annua

254 2225 342 2282 (die
357 2219 555 2277 jahrlich
573 2221 949 2266 wiederkehrende
969 2224 1128 2281 Fater),

253 2295 381 2339 quam
415 2282 672 2342 scriptuiam
717 2282 821 2323 olim
855 2285 950 2337 ipse
986 2296 1130 2337 oppu-

286 2342 413 2392 navi,
459 2338 575 2382 bene
607 2354 655 2383 se
687 2340 820 2383 habet
851 2347 982 2397 atque
1014 2343 1129 2383 idem

253 2356 433 2442 §enotat
451 2391 568 2455 quod
585 2400 815 2442 celebratio
840 2402 1022 2457 repetita
1044 2415 1130 2442 an-

252 2460 321 2500 nis
339 2458 695 2516 subsequentibus.
733 2459 924 2529 Opponit
939 2459 1128 2502 Orellius

254 2519 319 2560 sic
351 2512 584 2560 dicendum
627 2518 767 2560 fuisse
803 2519 1127 2572 anniversaria,

254 2589 341 2618 non
369 2578 533 2628 annua,
566 2577 643 2618 sed
671 2577 756 2619 hoc
784 2579 877 2619 non
894 2580 999 2620 satis
1020 2590 1130 2619 con-

254 2634 446 2680 siderate
472 2636 807 2689 pronuntiatum
835 2650 932 2679 esse
966 2637 1039 2678 vel
1075 2650 1129 2678 ex

254 2707 341 2735 uno
374 2691 510 2736 'laciti
552 2694 760 2760 exemplo
795 2685 895 2736 xlv
933 2697 986 2739 12
1019 2696 1131 2737 ludis

254 2748 411 2794 annuis
453 2746 606 2795 videre
647 2751 780 2808 licet3
827 2752 913 2799 ali'a
945 2753 1128 2797 aliorum

254 2812 537 2870 scriptorum
573 2814 774 2869 suggerit
814 2796 1126 2856 Forcellinius.

254 2867 432 2911 Minime
451 2883 573 2923 vero,
589 2871 633 2912 id
656 2873 773 2926 quod
790 2866 993 2926 opinatur
1013 2873 1129 2914 i'dem

256 2927 464 2980 Orellius‚
486 2928 647 2971 'liberii
679 2930 846 2972 malitia
872 2933 920 2972 ιιι
951 2943 1003 2972 eo
1029 2945 1128 2972 cel-

254 2987 398 3038 nitur,
448 2987 563 3041 quod
594 2999 680 3028 non
722 2991 914 3042 praetori
946 2987 1127 3041 minim,

255 3045 461 3098 primario
486 3046 601 3086 inter
624 3058 789 3099 omnes,
823 3048 900 3089 sed
932 3048 1127 3089 secundo

255 3109 355 3157 post
406 3102 531 3144 illum
576 3108 766 3158 praetori
824 3106 936 3148 hanc
983 3119 1127 3148 curam

255 3161 563 3204 demandavitz
598 3164 728 3205 immo
766 3165 1018 3218 postulabat
1049 3179 1128 3207 ae-

255 3220 422 3275 quitas»,
475 3233 531 3262 ne
562 3233 724 3264 novum
756 3236 911 3265 munus
945 3225 997 3265 ad
1030 3237 1126 3265 cum

254 3278 566 3320 transferretur
591 3283 660 3322 cui
695 3293 828 3337 grave
861 3284 943 3324 iam
979 3284 1127 3324 iniun-

257 3342 370 3377 ctum
399 3343 518 3391 erat3
554 3345 597 3380 et
617 3340 782 3395 abipso
802 3341 1002 3397 Augusto
1026 3354 1128 3382 cula

255 3394 452 3434 ludorum
487 3397 540 3436 ad
572 3405 797 3452 praetores
830 3401 1039 3443 translata
1068 3402 1128 3442 ita

253 3450 486 3493 distributa
522 3463 603 3508 ost,
636 3463 684 3498 ut
712 3470 842 3500 nemo
874 3459 972 3513 plus
998 3472 1125 3515 quam

253 3508 340 3550 duo
371 3522 552 3551 munera
596 3518 828 3568 quotannis
871 3519 1124 3570 sustineret,

253 3565 309 3609 de
335 3579 422 3623 quo
448 3568 610 3611 dictum
641 3572 695 3614 ad
711 3573 809 3615 XIV
839 3576 910 3619 20.
957 3576 1125 3618 Nomen

251 3625 466 3680 praetoris
478 3628 704 3686 pereqm'mss
724 3631 960 3687 scriptores
981 3634 1124 3678 minus

766 1819 808 1862 6.
843 1815 1058 1861 iusticiam
1090 1820 1144 1861 M.

1211 1819 1279 1862 13.
1315 1818 1551 1875 conloquiis
1581 1819 1634 1862 M.
1703 1819 1771 1863 14.
1806 1819 1992 1878 delapsis
2016 1819 2081 1864 M:

1211 1986 1449 2043 diligenter
1501 1986 1638 2029 locuti
1691 1987 1981 2042 admiserunt,
2036 1994 2086 2030 ut

1211 2046 1476 2100 Pomponius
1519 2046 1550 2088 l.
1583 2049 1612 2090 2
1643 2047 1688 2098 δ.
1723 2046 1781 2090 28
1808 2047 1861 2090 D.
1909 2048 1960 2090 de
1991 2049 2085 2091 ort*-

1210 2106 1311 2160 9ine
1352 2106 1460 2147 iuris
1503 2104 1544 2161 (Ι
1576 2108 1653 2163 2),
1703 2106 1932 2161 inscriptio
1984 2105 2085 2150 ae'vi

1212 2164 1416 2205 Hadriani
1446 2178 1574 2220 quam
1597 2165 1762 2219 primus
1775 2165 1911 2207 edidit
1924 2166 2085 2210 Zamo-

1212 2225 1302 2266 sius
1340 2225 1385 2265 in
1416 2223 1643 2265 Analectis
1685 2223 1876 2278 lapidum
1915 2226 2080 2270 vemet.

1213 2297 1250 2325 e.
1291 2282 1327 2322 V
1360 2284 1455 2324 init.
1518 2281 1656 2334 Cous.
1698 2283 1751 2324 A.
1799 2281 1851 2325 G.
1891 2284 2082 2340 Zumptii

1212 2340 1459 2382 dissertatio
1491 2342 1537 2382 in
1562 2341 1712 2382 Museo
1738 2341 1878 2384 Rhen.
1905 2353 1944 2386 a.
1969 2343 2083 2388 1842

1211 2413 1253 2454 p.
1269 2401 1370 2444 249.
1406 2400 1559 2443 Orellii
1575 2400 1776 2454 Inscript.
1790 2400 1882 2445 Lat.
1902 2414 1946 2444 ιι.
1966 2403 2084 2447 2369

1212 2465 1255 2500 et
1299 2459 1431 2503 2760.
1523 2459 1588 2500 De
1634 2459 1951 2515 Augustalibus
1993 2461 2081 2505 >Dio

1210 2516 1305 2560 LVI
1336 2517 1409 2560 46.
1695 2566 1698 2569 ⁴

1300 2575 1403 2631 Cap.
1443 2576 1509 2619 16.
1584 2584 1670 2618 tres
1705 2575 1831 2618 simul
1869 2577 2080 2633 ζῴουσι.-

1211 2642 1391 2688 octava,
1439 2647 1575 2687 nona,
1637 2634 1986 2690 quintadecima:
2037 2651 2080 2679 v.

1213 2708 1307 2749 cap.
1327 2696 1383 2739 23
1406 2700 1451 2735 et
1472 2696 1544 2738 30.
1591 2693 1657 2736 Ex
1699 2694 1766 2735 his
1790 2702 1945 2736 octava
1966 2707 2081 2739 nuno

1210 2754 1268 2797 69
1312 2754 1521 2795 Moesiam
1568 2753 1770 2795 tuebatur
1814 2754 1888 2808 (H.
1928 2754 1965 2796 11
2006 2755 2080 2808 85,

1208 2811 1267 2853 Ill
1308 2813 1360 2856 10
1393 2818 1436 2853 et
1477 2814 1567 2864 11),
1614 2812 1931 2866 quintadecima
1960 2827 1999 2855 ιι.
2025 2815 2082 2858 63

1212 2870 1449 2913 Corbuloni
1493 2871 1702 2913 adversus
1734 2870 1916 2914 Parthos
1944 2872 2083 2928 profi..

1211 2932 1393 2972 ciscenti
1427 2930 1582 2971 tradita
1616 2937 1681 2972 est
1705 2931 1806 2985 (XV
1838 2933 1894 2975 25
1920 2937 1964 2974 et
1983 2929 2085 2990 26),

1210 3002 1322 3030 anno
1356 2995 1500 3031 autem
1533 2989 1591 3031 69
1622 2989 1876 3031 inferiorem
1902 2989 2082 3033 Germa-

1209 3049 1322 3088 niam
1374 3049 1563 3089 obtinuit
1604 3049 1679 3101 (H.
1716 3048 1731 3088 1
1774 3049 1855 3100 55,
1911 3048 1970 3091 ΠΙ
2007 3051 2079 3102 22,

1208 3105 1268 3148 IV
1312 3105 1363 3147 18
1397 3113 1439 3147 et
1470 3106 1527 3147 35
1561 3112 1603 3146 ct
1636 3105 1729 3162 58),
1763 3120 1881 3147 nona
1911 3108 1955 3148 in
1979 3107 2080 3148 Bri-

1209 3166 1399 3206 tanniam
1449 3178 1473 3206 a
1508 3162 1691 3205 Claudio
1740 3166 1992 3208 transmissu
2038 3173 2082 3208 et

1210 3226 1334 3280 gravi
1385 3223 1509 3265 clade
1558 3225 1756 3277 principe
1798 3223 1972 3267 Nerone
2019 3225 2081 3267 ibi

1209 3282 1456 3324 conflictata
1475 3287 1539 3324 est
1554 3282 1668 3338 (x1v
1689 3284 1746 3326 32
1765 3289 1809 3324 et
1826 3283 1898 3327 38.
1914 3284 1967 3327 A.
1984 3285 2078 3339 26).

1207 3342 1474 3383 Pannoniam
1517 3354 1556 3382 a.
1598 3340 1654 3384 69
1697 3342 1996 3384 tertiadecima
2037 3349 2081 3384 et

1208 3402 1392 3455 septima
1412 3400 1622 3442 Galbiana
1653 3400 1993 3455 praesidebant.
2022 3401 2077 3444 fl.

1209 3458 1438 3512 1186,111
1472 3460 1512 3501 7.
1578 3460 1643 3501 De
1675 3460 1921 3500 Pannonica
1955 3458 2078 3501 sedi·-

1206 3519 1327 3560 tione
1350 3519 1642 3560 conferendus
1659 3517 1998 3561 Suetonius'lib.
2005 3517 2076 3571 25,

1210 3576 1409 3619 Velleius
1441 3576 1457 3618 l
1495 3577 1592 3627 125,
1625 3575 1708 3617 Dio
1740 3575 1856 3618 LVll
1889 3579 1932 3618 4.

1295 3633 1345 3676 ob
1385 3634 1590 3678 iustitium
1630 3639 1706 3677 aut
1734 3632 1962 3690 gaudium.-
2002 3633 2075 3677 iu·
2109 3686 2113 3690 .
