2280 4004
241 312 274 355 a„
298 299 347 347 G.
380 301 452 349 61.

239 444 481 507 tolerans.

827 298 990 345 LIBER
1020 299 1133 346 XIV.
1200 298 1305 345 GAP.
1337 293 1549 345 40—43.

1968 299 2063 348 91¹1

556 443 787 496 Ceterum
847 457 959 496 cum
1013 447 1188 495 vetere
1248 458 1312 495 ex
1359 456 1502 495 more
1551 441 1789 496 familiam
1845 452 2061 509 omnem,
2123 464 2135 497 τ,

241 551 369 603 quae
409 536 502 588 sub
543 534 723 587 eodem
759 540 894 586 tecto
932 533 1308 598 mansitaverat,
1350 534 1412 585 ad
1451 534 1747 601 supplicium
1782 534 1868 603 agi
1905 540 2064 602 opor-j
2108 536 2118 601 j

239 631 386 691 teret,
433 640 686 679 concursu
719 624 913 692 plebis,
967 639 1096 691 quae
1134 628 1208 675 tot
1244 624 1484 677 innoxios
1523 625 1850 693 protegebat,
1903 639 2065 692 usquc

239 717 303 769 ad
351 715 652 768 seditionem
701 720 903 767 ventum
953 719 1062 778 est3
1114 719 1392 781 senatuque
1438 715 1490 765 in
1534 715 1645 781 ipso
1697 719 1841 767 erant
1897 714 2064 772 studia

237 807 441 861 nimiam
488 806 811 859 severitatem
858 805 1260 873 aspernantium,
1320 805 1545 871 pluribus
1602 806 1727 857 nihil
1775 805 2104 867 mutandums

241 898 582 950 censentibus,

655 899 733 951 Ex
775 898 886 965 quis
923 896 1076 948 Gaius
1117 895 1322 948 Cassius
1371 896 1653 948 sententiae
1689 897 1806 948 loco
1843 897 1896 947 in
1933 896 2066 948 hunc

155 989 442 1043 43modum
481 989 736 1042 disseruit.
804 984 1231 1055 ‘Saepenumer0,
1294 992 1463 1054 patres
1514 987 1817 1054 conscripti,
1879 988 1931 1038 in
1967 987 2066 1048 hoc

244 1080 426 1138 ordine
462 1081 696 1142 interfui,
743 1094 854 1131 cum
907 1084 1082 1131 contra
1119 1079 1354 1140 instituta.
1381 1084 1431 1130 et
1467 1078 1611 1145 leges
1646 1078 1892 1130 maiorum
1931 1092 2066 1133 nova

239 1150 453 1236 senatus.
484 1171 690 1223 decreta
736 1169 1140 1236 postularentur3
1192 1184 1359 1235 neque
1411 1167 1521 1221 sum
1578 1169 1910 1235 adversatus,
1961 1184 2066 1227 non

239 1262 355 1328 quia
410 1261 690 1314 dubitarem
736 1276 889 1328 super
938 1260 1171 1312 omnibus
1221 1259 1444 1327 negotiis
1478 1258 1656 1312 melius
1692 1265 1842 1327 atque
1874 1261 2065 1313 rectius
2087 1273 2134 1330 ¹9

239 1352 359 1407 olim
417 1353 676 1419 provisum
716 1357 766 1405 et
829 1366 958 1419 quae
1013 1355 1433 1403 converterentur
1493 1351 1544 1401 in
1594 1350 1816 1403 deterius
1866 1351 2064 1417 mutari,

239 1443 338 1497 sed>
386 1459 461 1497 ne
507 1444 666 1495 nimio
709 1457 883 1495 amore
934 1443 1124 1510 antiqui
1170 1443 1326 1494 moris
1366 1441 1583 1494 studium
1621 1457 1785 1494 meum
1823 1423 2067 1517 extollere

236 1535 459 1589 viderer.
517 1535 691 1601 Simul,
735 1534 975 1601 quicquid
1011 1534 1110 1585 hoc
1146 1534 1197 1585 in
1222 1533 1370 1586 nobis
1397 1532 1710 1585 auctoritatis
1747 1538 1840 1598 est,
1869 1532 2065 1587 crebris

355 1706 399 1748 2.
441 1717 520 1759 que
550 1702 631 1747 Ma.

239 1763 280 1808 5.
314 1761 450 1806 nichil
479 1760 560 1806 Ma.

233 1837 280 1880 p.
311 1837 350 1865 c.
383 1834 479 1866 cum
510 1822 588 1865 lin.
622 1821 703 1866 Ma.

238 1882 288 1926 ni
319 1895 374 1928 ex
406 1894 517 1926 corr.
549 1879 631 1941 Ma,

242 2026 557 2069 condemnatur
587 2029 659 2084 qui
693 2026 804 2072 falsa
822 2031 1004 2072 crimina
1033 2031 1106 2072 in-

241 2087 436 2129 tendisse
487 2089 775 2131 convincitur.
841 2089 908 2132 Cf.
950 2090 1109 2132 Paulus

241 2146 346 2188 Rec.
386 2146 505 2188 Sent.
557 2147 592 2188 V
636 2151 665 2190 4
706 2149 752 2200 δ.
800 2150 879 2191 11.-
915 2149 995 2204 'qui
1029 2163 1110 2206 per

243 2204 505 2247 calumniam
548 2207 738 2248 iniuriae
783 2209 994 2251 actionem
1035 2209 1109 2250 in-

242 2265 390 2317 stituit,
402 2271 527 2306 extra
546 2266 739 2308 ordinem
746 2268 948 2324 punitur:
967 2281 1110 2310 omnes

243 2324 356 2380 enim
396 2323 738 2367 calumniatores
771 2326 893 2368 exilii
928 2326 995 2368 vel
1035 2327 1108 2368 in·-

242 2382 363 2425 sulae
393 2383 658 2438 releqatione
689 2392 764 2427 aut
789 2386 953 2429 ordinis
975 2387 1108 2428 amis.-

242 2443 362 2484 sione
388 2443 539 2498 puniri
553 2443 733 2500 placuit.
781 2445 1004 2488 Adversus
1032 2458 1109 2487 ca-

245 2500 530 2544 lumniatores
550 2503 691 2545 libera
721 2517 769 2546 re
798 2504 974 2558 publica
1004 2518 1108 2546 san-

244 2559 376 2602 citum
432 2568 524 2603 erat
566 2562 669 2618 lege
717 2563 937 2617 Remmia,
985 2565 1108 2605 cuius

243 2620 440 2662 meminit
472 2619 627 2664 Cicero
659 2622 788 2664 Rosc.
825 2623 972 2665 Amer.
1009 2623 1077 2666 19.

337 2676 442 2735 Cap.
474 2683 548 2724 42.
597 2688 738 2723 vetere
764 2696 817 2722 em
843 2695 989 2724 more.-
1024 2695 1109 2738 qua

242 2748 384 2791 poena
415 2741 547 2792 servi,
581 2753 761 2796 quorum
786 2741 994 2793 ¹dominus
1027 2754 1109 2783 eo-

242 2795 338 2838 dem
358 2803 476 2840 tecto
501 2800 787 2854 interemptus
812 2806 919 2853 erat,
942 2800 1108 2843 liberae

244 2855 434 2902 civitatis
450 2859 719 2912 temporibus
739 2859 883 2900 affecti
901 2861 1002 2910 sint,
1020 2872 1107 2900 non

243 2914 349 2954 satis
379 2921 574 2958 constat:
606 2929 790 2970 poenam
823 2923 967 2959 tamen
989 2917 1108 2974 legi-

243 2972 324 3013 bus
357 2973 439 3015 iam
473 2980 559 3015 tum
593 2975 812 3017 definitam
846 2989 944 3018 esse
976 2977 1108 3018 colli-

245 3044 350 3085 gere
382 3032 488 3074 licet
515 3047 568 3074 ex
602 3033 694 3077 Cic.
727 3033 781 3076 ad
813 3034 929 3076 Fam.
951 3034 1010 3076 lv
1038 3037 1104 3079 12.

244 3089 371 3131 Anno
390 3092 490 3146 762,
523 3093 744 3135 referente
776 3094 958 3136 consule
982 3094 1106 3136 Iunio

244 3147 408 3202 Silano,
439 3158 615 3193 senatus
647 3151 890 3194 consultum
916 3152 1107 3196 Silania-

242 3219 344 3248 num
366 3209 558 3253 familiae
575 3211 707 3264 omni,
726 3224 837 3267 quae
852 3211 932 3254 sub
953 3212 1106 3254 eodem

243 3272 360 3307 tecto
392 3275 623 3321 manserat,
654 3269 917 3324 supplicium
950 3270 1107 3312 decre-

244 3326 320 3366 vit.
382 3325 540 3368 Paulus
586 3328 767 3382 Recept.
812 3329 931 3371 Sent.
974 3328 1104 3371 1115.

243 3384 288 3425 1..
329 3387 347 3425 1
383 3385 434 3426 Ι).
467 3386 516 3426 de
541 3394 712 3428 senatus
743 3400 857 3428 cons.
878 3387 1106 3428 Silaniano

244 3443 396 3497 (XXIX
419 3445 485 3500 5).
540 3445 805 3486 Silanianum
830 3451 1005 3486 senatus
1026 3445 1106 3486 de-

243 3508 405 3544 cretum
450 3516 563 3544 anno
606 3505 659 3546 57
701 3503 830 3557 paulo
861 3506 976 3545 'ante
1023 3504 1106 3544 hoc

243 3567 411 3615 tempus
444 3575 468 3603 a
489 3563 681 3616 patribus
711 3562 959 3617 suppletum
988 3569 1106 3604 erat:

242 3633 284 3666 v..
320 3620 451 3663 Tacit.
491 3622 583 3663 Xlll
616 3624 686 3665 32.

281 3702 289 3709 ·
330 3687 558 3738 senatuque
603 3683 648 3723 in
688 3681 805 3738 ipso:
844 3680 900 3726 cf.
946 3679 1106 3729 x1156

1862 1667 1886 1679 0

757 1702 800 1747 4.
840 1709 1093 1759 senatusque
1125 1704 1172 1745 in
1203 1715 1282 1758 quo
1313 1704 1404 1759 ipso
1435 1700 1601 1745 BGMa:
1651 1701 1839 1745 correxit
1879 1700 2064 1757 LipsiuS.

660 1762 923 1806 multandum
955 1761 1043 1805 Ma:
1087 1762 1359 1805 emendatum
1392 1763 1437 1804 in
1469 1761 1556 1805 BG.

812 1825 880 1866 11.
915 1823 1100 1867 deterius
1131 1820 1222 1868 Ma:
1260 1823 1307 1867 in
1338 1821 1522 1867 deterius
1552 1820 1600 1868 G.

1701 1823 1767 1868 12.
1801 1822 1884 1864 mio
1917 1793 2064 1864 additu

1194 2030 1294 2071 lacu
1333 2030 1382 2071 in
1421 2031 1513 2086 ipso
1568 2035 1611 2072 et
1654 2028 1815 2071 ibidem
1859 2028 1964 2070 urbe
2009 2040 2063 2071 ex

1193 2090 1309 2145 ipsa,
1354 2089 1455 2131 XIV
1489 2090 1545 2132 53
1588 2088 1692 2131 urbe
1723 2089 1770 2128 in
1800 2089 1908 2143 ipsa.
1971 2088 2062 2132 Re-

1193 2148 1377 2190 lativum
1425 2162 1531 2204 quo,
1592 2153 1692 2189 ante
1742 2148 1789 2188 in
1838 2146 2062 2189 codicibus

1194 2207 1402 2260 additum,
1423 2221 1477 2250 ex
1493 2220 1627 2262 prava
1646 2207 1911 2262 repetitione
1929 2219 2060 2261 prae-

1193 2279 1372 2323 gressae
1397 2267 1639 2322 particulae
1660 2271 1894 2320 senatuque
1915 2277 2067 2315 emer-¹

1192 2327 1262 2368 sit.
1384 2340 1437 2367 ex
1467 2327 1559 2380 quis
1593 2326 1725 2368 Gaius
1759 2325 1955 2367 Cassius:
2001 2325 2058 2368 cf.

1195 2391 1341 2427 annot.
1376 2385 1429 2426 ad
1461 2385 1539 2427 ΧΠ
1573 2387 1640 2427 11.
1705 2385 1795 2426 Hac
1826 2384 2060 2426 occasione

1192 2445 1276 2487 viri
1297 2445 1482 2501 insignis
1510 2444 1745 2500 imaginem
1767 2443 1935 2500 ingenii
1957 2454 2059 2485 ora-

1191 2505 1313 2546 tione
1363 2504 1609 2558 exprimere
1659 2502 1829 2545 Tacitus
1879 2508 2075 2565 conatus·

1196 2569 1276 2606 est.
1844 2578 1850 2585 ·

1289 2622 1392 2676 Cap.
1434 2623 1507 2665 43.
1570 2635 1658 2663 non
1693 2647 1746 2654 —-
1780 2620 1881 2663 olim
1907 2623 2059 2678 provi-

1190 2695 1306 2723 sum:
1352 2681 1436 2723 hoc
1477 2682 1572 2736 ipso
1623 2681 1808 2723 affirmat
1850 2682 2058 2738 egregius

1191 2741 1463 2796 antiquitatis
1496 2740 1731 2782 admirator
1758 2753 1890 2794 super
1914 2741 2058 2782 omni-

1190 2800 1271 2841 bus
1302 2800 1495 2856 negotiis
1530 2800 1634 2842 olim
1656 2799 1813 2842 melius
1834 2799 2057 2843 decretum

1193 2871 1306 2901 esse.

1290 2917 1337 2958 in
1388 2917 1572 2958 deterius
1625 2917 1812 2959 mutari:
1872 2916 2057 2959 Medicci

1190 2976 1446 3030 scripturam
1512 2976 1694 3018 deterius
1751 2990 1805 3018 cx
1852 2977 2058 3018 Meterius

1192 3035 1403 3076 detortam
1460 3049 1557 3077 esse
1608 3042 1736 3089 pulo:
1791 3036 2056 3090 praepositio

1195 3100 1315 3136 certe
1348 3100 1392 3136 et
1423 3095 1655 3135 variationi
1687 3109 1709 3136 a
1737 3095 1885 3135 Tacito
1918 3108 2056 3149 quae-

1190 3156 1300 3195 sitae
1342 3152 1500 3194 melius
1544 3155 1752 3194 convenit
1788 3159 1832 3194 et
1865 3164 2057 3194 consue-

1189 3211 1328 3252 tudini
1363 3210 1653 3253 Cornelianae
1699 3212 1838 3267 magis
1869 3223 2056 3265 respon-

1191 3270 1278 3311 det.
1342 3267 1408 3311 Cf.
1444 3269 1494 3311 H.
1529 3268 1547 3310 I
1579 3271 1661 3313 50:
1695 3270 1886 3324 solusque
1923 3295 1977 3301 —
2009 3270 2056 3310 in

1187 3328 1338 3369 melius
1368 3335 1551 3369 mutatus
1583 3336 1656 3369 est.
1719 3329 1774 3369 ΙΙΙ
1809 3329 1890 3370 34:
1925 3328 2057 3369 inulla

1190 3387 1376 3427 duritiae
1415 3394 1602 3428 veterum
1633 3388 1679 3427 in
1711 3387 1859 3428 melius
1893 3388 1976 3440 (ibi
2011 3389 2056 3427 in

1191 3444 1304 3486 inter
1337 3445 1422 3485 duo
1454 3460 1495 3486 m
1527 3445 1690 3486 excidit
1723 3447 1765 3486 in
1789 3447 1852 3502 M)
1887 3453 1925 3487 et
1960 3445 2055 3486 lae-

1191 3506 1271 3545 tius
1302 3510 1478 3546 mutata.
1532 3502 1599 3545 Cf.
1636 3512 1765 3546 aucta
1794 3506 1841 3545 in
1873 3505 2056 3546 deterius

1192 3563 1501 3617 adferebantur
1547 3562 1587 3603 11
1637 3563 1719 3615 82,
1773 3565 1820 3604 in
1873 3564 2056 3606 deterius

1191 3621 1358 3662 credita
1390 3621 1445 3663 111
1483 3622 1558 3672 10,
1606 3623 1652 3662 in
1688 3623 1871 3664 deterius
1908 3623 2056 3664 audita

1191 3681 1239 3723 ll.
1277 3680 1335 3723 lv
1370 3680 1439 3724 68.
1503 3681 1687 3724 Perinde
1720 3684 1765 3723 in
1799 3682 1948 3726 melius
1983 3688 2064 3724 aut·

1668 1762 1710 1805 6.
1749 1762 1797 1804 G.
1831 1759 1911 1804 Ma.
2021 1761 2046 1803 7
2092 1770 2128 1776 “’
