2280 4004
294 287 386 351 31⁰
1079 285 1373 347 Amara

1860 300 1902 332 ³·
1928 298 1982 346 Ιι
2008 289 2115 347 ΒΜ.

296 435 427 497 cium
471 449 533 487 ac
565 435 831 499 praerepta
864 430 1066 493 interim
1094 430 1305 498 ultione,
1345 431 1666 490 festinabant.
1741 432 1844 495 Iam
1875 432 2206 495 Suetonio&

294 530 471 595 quarta
509 523 722 578 decuma
749 522 888 591 legio
917 537 1029 579 cum
1053 522 1333 576 vexillariis
1362 522 1706 589 vicesimanis,
1744 527 1798 581 et
1819 539 1849 578 e
1877 523 2124 591 proximis

295 614 585 679 auxiliareS,
629 613 808 669 decem
845 613 1007 670 ferme
1043 613 1179 668 milia
1217 618 1522 670 armatorum
1554 619 1716 680 erant,
1755 630 1869 673 cum
1890 615 2127 678 entium

296 706 668 758 cunctationem
706 710 757 759 et
793 705 1042 773 congredi
1079 706 1191 779 acie
1227 711 1387 773 parat.
1470 706 1759 774 Deligitque
1805 706 1973 766 locum
1999 707 2125 771 uiis

255 796 526 849 sfaucibus
565 802 614 848 et
655 813 683 850 a
724 802 871 868 tergo
909 797 1037 849 silva
1076 785 1318 863 clausum,
1355 797 1478 854 satis
1516 799 1724 866 cognito
1755 798 1880 859 nihil
1906 798 2125 861 hostium

293 889 392 940 nisi
430 889 483 939 in
521 889 688 942 fronte
716 894 767 940 et
799 872 1304 957 apertam'planitiem
1337 904 1470 956 esse,
1511 890 1624 948 sine
1645 895 1781 946 metu
1809 890 2123 950 insidiarum.

294 980 453 1048 Igitur
488 978 802 1047 legionarius
839 981 1080 1048 frequens
1121 981 1411 1046 ordinibus,
1450 981 1579 1043 levis
1618 982 1810 1038 circum
1851 987 2124 1049 armatum,

296 1071 635 1138 conglobatus
666 1086 757 1139 pro
788 1072 1029 1127 cornibus
1059 1087 1216 1138 eques
1246 1072 1415 1124 astitit.
1470 1072 1538 1127 At
1562 1073 2128 1141 Britannorum'copine

293 1164 483 1229 passim
519 1179 613 1233 per
645 1169 878 1219 catervas
916 1170 966 1218 et
1005 1169 1195 1217 turmas
1236 1155 1557 1231 minitabant,
1612 1170 1797 1232 quanta
1846 1180 1952 1223 non
1998 1164 2129 1224 alias

231 1267 279 1301 ιο
294 1255 588 1322 multitud0‚
641 1261 691 1307 et
727 1256 895 1308 animo
936 1256 1066 1311 adeo
1109 1257 1253 1322 fero,
1305 1262 1359 1310 ut
1417 1257 1664 1324 coniuges
1717 1271 1920 1325 quoque
1969 1262 2127 1317 testes

293 1348 544 1399 victoriae
580 1363 754 1399 secum
784 1348 1046 1405 traherent
1077 1348 1416 1414 plaustrisque
1451 1348 1788 1414 imponerent,
1827 1363 2131 1416 quaesuper

296 1444 575 1491 extremum
629 1439 869 1491 ambitum
930 1440 1094 1506 campi
1143 1443 1438 1506 posuerant,
1505 1439 1764 1499 Boudioae,
1814 1454 1968 1497 curru
1999 1438 2215 1498 filias35

291 1544 415 1596 prae
452 1545 510 1582 se
561 1530 783 1595 vehem,
838 1535 893 1582 ut
942 1545 1191 1597 quamque
1237 1530 1497 1584 nationem
1549 1534 1876 1596 accesserat,
1926 1529 2130 1590 salitam

297 1620 499 1686 quidem
554 1620 810 1675 Britannis
863 1621 1165 1678 feminarum
1216 1621 1369 1677 ductu
1418 1621 1612 1682 bellare
1666 1621 1976 1682 testabatur:
2030 1620 2156 1683 sed

235 1721 433 1763 15nunc
470 1727 575 1764 non
607 1718 661 1764 ut
696 1714 848 1769 tantis
888 1714 1167 1770 maioribus
1217 1719 1377 1765 ortam
1414 1728 1629 1782 regnum
1667 1718 1718 1772 et
1757 1728 1909 1780 opes,
1956 1727 2133 1773 verum

295 1807 349 1854 ut
380 1818 531 1854 unam
576 1820 604 1855 e
637 1804 792 1871 vulgo
844 1804 1127 1856 libertatem
1178 1805 1442 1870 amissam,
1500 1805 1785 1856 confectum
1832 1803 2134 1856 verberibus

300 1910 503 1962 coerS,
542 1901 905 1949 contrectatam
946 1895 1159 1947 filiarum
1193 1895 1484 1962 pudicitiam
1513 1895 1709 1948 ulcisci.
1757 1895 1834 1951 Eo
1863 1899 2134 1963 provectas

302 1990 645 2043 Romanorum
689 1988 952 2055 cupidines
999 1993 1054 2040 ut
1091 2003 1194 2040 non
1231 2003 1474 2056 corpora,
1523 2003 1588 2041 ne
1637 1993 1895 2041 senectam
1935 1987 2135 2056 quidem

302 2085 387 2132 aut
418 2080 763 2148 virginitatem
805 2080 1114 2147 impollutam
1151 2081 1453 2147 relinquant.
1527 2080 1729 2133 Adesse
1782 2085 1950 2134 tamen
2008 2079 2136 2133 deos

424 2234 462 2275 1.
497 2246 552 2275 ac
579 2240 816 2290 praerepta
849 2232 971 2276 GMfl:
1002 2233 1036 2275 B
1062 2241 1326 2292 praerepta,
1358 2233 1442 2276 Ies.
1476 2247 1531 2276 ac
1555 2239 1815 2298 praecepta,
1858 2231 1893 2276 G
1920 2246 1976 2281 ac
1998 2245 2138 2293 prae-

301 2299 432 2335 texta.
548 2294 589 2336 2.
631 2294 913 2336 vicesimanis
960 2296 1067 2350 (non
1100 2293 1257 2336 Furiae
1289 2293 1574 2349 vicesimaris)
1616 2291 1718 2335 GM&
1750 2298 1794 2342 et
1825 2293 1987 2343 ceterit
2034 2305 2138 2341 cor-
2228 2315 2229 2319 ¹

300 2354 415 2394 rexit
445 2351 685 2395 Acidalius.
776 2354 817 2396 5.
847 2353 986 2396 nichil
1013 2351 1095 2395 Ma.
1177 2353 1220 2397 8.
1256 2354 1570 2397 brittannorum
1590 2351 1671 2396 Ma.
1752 2353 1793 2400 9.
1828 2353 2024 2405 cataroas
2054 2350 2136 2399 Μ’.

304 2413 373 2454 11.
406 2414 496 2466 ὑφ’.
529 2410 610 2454 Ma.
707 2414 775 2458 12.
808 2413 1026 2457 Boudicca
1059 2413 1107 2455 G.
1143 2413 1199 2458 cf.
1234 2427 1271 2456 c.
1306 2414 1378 2457 31.
1487 2412 1555 2455 14.
1590 2412 1821 2464 brittannis
1849 2410 1932 2456 Ma.
2024 2411 2140 2461 dictu

301 2472 392 2514 Ma:
437 2470 470 2513 G
503 2471 643 2513 ducta.
747 2473 815 2515 15.
863 2487 980 2517 nunc
1013 2472 1211 2517 Ricklefs
1243 2474 1460 2528 interpres
1492 2471 1784 2515 Theodiscus:
1814 2472 1990 2516 codices
2021 2479 2137 2517 tunc.

306 2532 374 2574 17.
413 2537 676 2574 contractam
710 2532 799 2574 Ma:
834 2532 868 2575 G
901 2539 1224 2583 contrectatam.
1354 2533 1422 2576 18.
1455 2545 1536 2574 nec
1574 2529 1655 2575 Ma.

304 2603 401 2632 cum
438 2590 516 2632 lin.
551 2589 631 2633 Ma.

1769 2531 1836 2576 19.
1869 2532 1959 2593 inp.
1994 2529 2062 2576 Μιι
2090 2531 2139 2579 ds

394 2724 500 2780 Cap.
547 2727 620 2769 34.
684 2739 779 2768 cum
825 2725 1066 2771 veoeillariis
1108 2727 1177 2770 vi-

307 2786 564 2828 cesimanis.-
609 2785 970 2840 quemadmodum
1010 2787 1179 2828 vicesi-

305 2846 422 2887 mani
456 2851 556 2888 sunt
595 2845 836 2887 vicesimae
870 2845 1062 2902 legionis
1093 2846 1180 2886 mi-

306 2905 425 2959 lites,
465 2908 530 2948 sic
560 2904 781 2947 veoeiltarii
810 2905 1063 2947 vicesimani
1082 2911 1182 2945 sunt

309 2965 504 3007 eiusdem
572 2965 763 3020 legionis
821 2965 986 3006 delecti.
1051 2963 1179 3006 Conf.

309 3030 457 3065 annot.
492 3024 544 3066 ad
577 3022 594 3064 Ι
626 3023 699 3066 38.
765 3022 894 3065 Falsa
926 3029 1026 3065 sunt
1068 3037 1181 3078 quae

311 3084 563 3127 Waltherus
599 3082 653 3124 ad
685 3082 993 3124 vindicandum
1027 3084 1183 3124 vitium

309 3144 596 3186 vicesimariis
646 3142 786 3198 (quod
826 3143 966 3197 ipsum
1009 3143 1185 3185 assimi-

311 3202 442 3244 lantis
486 3202 764 3245 aberratione
812 3214 1045 3257 procusum
1095 3205 1184 3258 est)

313 3262 515 3316 imperite
549 3262 802 3316 disputavit.

406 3321 510 3376 Cap.
539 3323 611 3364 35.
668 3322 742 3364 sed
772 3335 888 3365 nunc
919 3347 975 3355 --
1006 3320 1185 3364 ulcisci.-

315 3380 427 3423 falso
454 3380 704 3422 Waltherus
735 3380 832 3423 aliis
860 3381 1074 3436 exemplis
1101 3393 1187 3422 non

314 3441 530 3482 similibus
574 3440 748 3495 (1126,
787 3440 844 3482 111
889 3440 971 3493 61,
1026 3441 1091 3489 vl
1115 3442 1187 3493 21,

313 3497 414 3540 XVI
445 3501 496 3555 3)
531 3500 788 3553 particulam
836 3507 936 3541 tunc
970 3500 1056 3541 hoc
1088 3498 1187 3541 loco

310 3559 539 3601 vindicare
561 3559 726 3601 studuit
749 3560 793 3599 in
815 3565 964 3600 annot.
987 3559 1040 3600 ad
1057 3558 1095 3600 ll
1115 3558 1188 3603 26.

314 3617 421 3659 Nam
458 3625 560 3660 tunc
582 3618 655 3661 vel
677 3626 763 3660 tum
796 3619 1005 3673 temporis
1031 3623 1188 3660 statum

314 3674 518 3734 loquenti
550 3683 826 3734 praesentem
859 3678 1092 3735 designare
1124 3677 1187 3723 sic

1266 2731 1469 2781 possunt,
1502 2731 1550 2767 ut
1579 2730 1775 2771 narrator
1807 2723 1995 2774 dicentis
2027 2734 2136 2768 sen..

1265 2787 1446 2827 tentiam
1479 2787 1568 2828 suis
1600 2785 1748 2828 verbis
1778 2783 1944 2826 referat
1969 2788 2014 2827 et
2041 2784 2139 2839 ipse

1266 2845 1320 2888 de
1370 2858 1417 2888 re
1471 2847 1710 2900 praeterita
1758 2843 1912 2890 tradat.
1976 2842 2139 2887 Verum

1266 2905 1352 2946 hoc
1383 2918 1501 2948 nunc
1532 2904 1710 2952 minime
1727 2917 1810 2949 usu
1832 2903 1982 2952 venitz
2006 2902 2139 2947 immo

1266 2963 1489 3008 Boudicea
1538 2966 1628 3007 suis
1677 2963 1826 3012 verbis
1870 2968 1915 3008 et
1945 2975 2018 3015 „ex
2061 2974 2140 3005 sua

1267 3036 1455 3078 persona
1505 3023 1730 3080 loquitur,
1779 3022 1971 3078 ideoque
2023 3034 2141 3068 nunc

1269 3083 1537 3137 postulatur,
1580 3097 1668 3125 non
1711 3090 1827 3131 tunc.
1891 3079 2007 3126 lllud
2037 3092 2140 3124 cnr..

1266 3148 1442 3196 ruptum
1463 3148 1529 3184 est
1551 3141 1819 3188 assimilandi
1851 3151 2016 3193 errore,
2041 3152 2139 3187 cum

1267 3202 1313 3247 in
1355 3202 1601 3261 ἀρχετύπῳ
1643 3202 1725 3248 ‘set
1770 3198 1898 3250 mmc'
1930 3201 2139 3256 scriptum

1268 3267 1401 3306 esset.

1341 3327 1652 3364 contrectatam
1662 3320 1853 3375 filiarum
1859 3318 2112 3376 pudicitiam
2122 3331 2137 3366 2

1270 3381 1448 3435 proprie
1481 3380 1535 3422 de
1566 3379 1738 3427 filiabus
1776 3378 2039 3427 contractam·
2066 3377 2138 3424 di-

1274 3442 1400 3493 citur,
1434 3439 1511 3482 sed
1540 3439 1712 3484 'l‘acitus
1745 3438 1940 3494 eleganti
1974 3435 2138 3480 iudicio

1275 3506 1584 3542 contrectatam
1612 3498 1864 3554 pudicitiam
1897 3495 2053 3548 iunxit,
2081 3507 2138 3536 ne

1274 3558 1507 3614 quidquam
1539 3557 1737 3614 ignobile
1769 3569 1820 3599 ac
1842 3554 2026 3610 vulgare
2041 3566 2139 3596 ma..

1273 3631 1361 3673 gno
1422 3618 1629 3660 feminam
1686 3617 1830 3660 animo
1886 3613 2138 3669 loquentem

1272 3677 1455 3726 faceret.
1514 3677 1655 3722 Minus
1707 3678 1858 3721 cautus
1903 3672 2140 3721 Suetonius
