<?xml version="1.0" encoding="UTF-8"?>
<!DOCTYPE html PUBLIC "-//W3C//DTD XHTML 1.0 Transitional//EN"
    "http://www.w3.org/TR/xhtml1/DTD/xhtml1-transitional.dtd">
<html xmlns="http://www.w3.org/1999/xhtml" xml:lang="en" lang="en">
 <head>
  <title>
</title>
<meta http-equiv="Content-Type" content="text/html;charset=utf-8" />
  <meta name='ocr-system' content='tesseract 3.04.00' />
  <meta name='ocr-capabilities' content='ocr_page ocr_carea ocr_par ocr_line ocrx_word'/>
</head>
<body>
  <div class='ocr_page' id='page_1' title='image "./operaadcodicesan01taciuoft_0540.png"; bbox 0 0 2280 4004; ppageno 0'>
   <div class='ocr_carea' id='block_1_1' title="bbox 170 265 2146 1692">
    <p class='ocr_par' dir='ltr' id='par_1_1' title="bbox 202 265 2146 1129">
     <span class='ocr_line' id='line_1_1' title="bbox 242 265 2060 327; baseline 0.003 -15"><span class='ocrx_word' id='word_1_1' title='bbox 242 266 303 312; x_wconf 78' lang='lat' dir='ltr'>oo</span> <span class='ocrx_word' id='word_1_2' title='bbox 833 276 839 278; x_wconf 47' lang='lat'>&gt;</span> <span class='ocrx_word' id='word_1_3' title='bbox 957 265 1313 312; x_wconf 57' lang='lat' dir='ltr'>&#39;ANRALIVM</span> <span class='ocrx_word' id='word_1_4' title='bbox 1735 280 1931 318; x_wconf 67' lang='lat' dir='ltr'>,·.za.·n.</span> <span class='ocrx_word' id='word_1_5' title='bbox 1955 270 2060 327; x_wconf 66' lang='lat' dir='ltr'>sos,</span> 
     </span>
     <span class='ocr_line' id='line_1_2' title="bbox 240 387 2146 504; baseline 0.002 -18"><span class='ocrx_word' id='word_1_6' title='bbox 240 432 468 502; x_wconf 75' lang='lat' dir='ltr'>sIgnatus</span> <span class='ocrx_word' id='word_1_7' title='bbox 502 434 664 486; x_wconf 87' lang='lat' dir='ltr'>Barea</span> <span class='ocrx_word' id='word_1_8' title='bbox 699 431 940 487; x_wconf 87' lang='lat' dir='ltr'>Soranus.</span> <span class='ocrx_word' id='word_1_9' title='bbox 1013 430 1255 484; x_wconf 75' lang='lat' dir='ltr'><strong>Additum</strong></span> <span class='ocrx_word' id='word_1_10' title='bbox 1290 449 1319 486; x_wconf 90' lang='lat' dir='ltr'>a</span> <span class='ocrx_word' id='word_1_11' title='bbox 1350 432 1590 501; x_wconf 81' lang='lat' dir='ltr'>Scipione</span> <span class='ocrx_word' id='word_1_12' title='bbox 1616 422 2064 504; x_wconf 61' lang='lat' dir='ltr'>Cornelio-grates</span> <span class='ocrx_word' id='word_1_13' title='bbox 2108 387 2146 433; x_wconf 36' lang='grc' dir='ltr'>ὓ</span> 
     </span>
     <span class='ocr_line' id='line_1_3' title="bbox 239 519 2063 593; baseline 0.003 -16"><span class='ocrx_word' id='word_1_14' title='bbox 239 526 439 593; x_wconf 89' lang='lat' dir='ltr'>publice</span> <span class='ocrx_word' id='word_1_15' title='bbox 489 524 716 592; x_wconf 82' lang='lat' dir='ltr'>agendas</span> <span class='ocrx_word' id='word_1_16' title='bbox 774 525 909 592; x_wconf 90' lang='lat' dir='ltr'>quod</span> <span class='ocrx_word' id='word_1_17' title='bbox 971 525 1180 593; x_wconf 84' lang='lat' dir='ltr'>regibus</span> <span class='ocrx_word' id='word_1_18' title='bbox 1235 525 1492 579; x_wconf 80' lang='lat' dir='ltr'><strong>Arcadiae</strong></span> <span class='ocrx_word' id='word_1_19' title='bbox 1534 529 1690 579; x_wconf 78' lang='lat' dir='ltr'>&#39;ortus</span> <span class='ocrx_word' id='word_1_20' title='bbox 1740 519 2063 582; x_wconf 79' lang='lat' dir='ltr'>veterrimam</span> 
     </span>
     <span class='ocr_line' id='line_1_4' title="bbox 239 616 2142 686; baseline 0.002 -16"><span class='ocrx_word' id='word_1_21' title='bbox 239 617 549 670; x_wconf 85' lang='lat' dir='ltr'>nobilitatem</span> <span class='ocrx_word' id='word_1_22' title='bbox 583 616 697 670; x_wconf 93' lang='lat' dir='ltr'>usui</span> <span class='ocrx_word' id='word_1_23' title='bbox 748 617 951 684; x_wconf 91' lang='lat' dir='ltr'>publico</span> <span class='ocrx_word' id='word_1_24' title='bbox 1001 622 1358 685; x_wconf 90' lang='lat' dir='ltr'>postponeret,</span> <span class='ocrx_word' id='word_1_25' title='bbox 1420 633 1578 686; x_wconf 91' lang='lat' dir='ltr'>seque</span> <span class='ocrx_word' id='word_1_26' title='bbox 1623 619 1758 672; x_wconf 87' lang='lat' dir='ltr'>inter</span> <span class='ocrx_word' id='word_1_27' title='bbox 1803 619 2063 674; x_wconf 83' lang='lat' dir='ltr'>ministros</span> <span class='ocrx_word' id='word_1_28' title='bbox 2138 651 2142 656; x_wconf 77' lang='lat'><em>,</em></span> 
     </span>
     <span class='ocr_line' id='line_1_5' title="bbox 237 697 2063 774; baseline 0.003 -15"><span class='ocrx_word' id='word_1_29' title='bbox 237 706 479 774; x_wconf 87' lang='lat' dir='ltr'>principis</span> <span class='ocrx_word' id='word_1_30' title='bbox 523 706 703 759; x_wconf 91' lang='lat' dir='ltr'>haberi</span> <span class='ocrx_word' id='word_1_31' title='bbox 769 707 996 760; x_wconf 83' lang='lat' dir='ltr'>sineret.&#39;</span> <span class='ocrx_word' id='word_1_32' title='bbox 1079 708 1420 773; x_wconf 80' lang='lat' dir='ltr'>Adseveravit</span> <span class='ocrx_word' id='word_1_33' title='bbox 1476 710 1714 763; x_wconf 87' lang='lat' dir='ltr'>Claudius</span> <span class='ocrx_word' id='word_1_34' title='bbox 1774 697 2063 764; x_wconf 81' lang='lat' dir='ltr'>contentum</span> 
     </span>
     <span class='ocr_line' id='line_1_6' title="bbox 202 780 2059 868; baseline 0.003 -19"><span class='ocrx_word' id='word_1_35' title='bbox 202 797 437 850; x_wconf 76' lang='lat' dir='ltr'>shonore</span> <span class='ocrx_word' id='word_1_36' title='bbox 504 780 776 853; x_wconf 75' lang='lat' dir='ltr'>Pallantem</span> <span class='ocrx_word' id='word_1_37' title='bbox 838 800 969 851; x_wconf 87' lang='lat' dir='ltr'>intra</span> <span class='ocrx_word' id='word_1_38' title='bbox 1039 801 1263 867; x_wconf 85' lang='lat' dir='ltr'>priorem</span> <span class='ocrx_word' id='word_1_39' title='bbox 1340 806 1685 868; x_wconf 80' lang='lat' dir='ltr'>paupertatem</span> <span class='ocrx_word' id='word_1_40' title='bbox 1761 793 2059 856; x_wconf 78' lang='lat' dir='ltr'>subsistere.</span> 
     </span>
     <span class='ocr_line' id='line_1_7' title="bbox 235 889 2060 961; baseline 0.001 -17"><span class='ocrx_word' id='word_1_41' title='bbox 235 889 300 944; x_wconf 87' lang='lat' dir='ltr'>Et</span> <span class='ocrx_word' id='word_1_42' title='bbox 332 890 483 942; x_wconf 87' lang='lat' dir='ltr'>fixum</span> <span class='ocrx_word' id='word_1_43' title='bbox 522 895 599 943; x_wconf 90' lang='lat' dir='ltr'>est</span> <span class='ocrx_word' id='word_1_44' title='bbox 641 906 761 943; x_wconf 89' lang='lat' dir='ltr'>aere</span> <span class='ocrx_word' id='word_1_45' title='bbox 793 891 997 957; x_wconf 90' lang='lat' dir='ltr'>publico</span> <span class='ocrx_word' id='word_1_46' title='bbox 1034 897 1239 945; x_wconf 91' lang='lat' dir='ltr'>senatus</span> <span class='ocrx_word' id='word_1_47' title='bbox 1281 892 1595 959; x_wconf 90' lang='lat' dir='ltr'>consultum,</span> <span class='ocrx_word' id='word_1_48' title='bbox 1651 908 1750 961; x_wconf 87' lang='lat' dir='ltr'>quo</span> <span class='ocrx_word' id='word_1_49' title='bbox 1795 893 2060 947; x_wconf 73' lang='lat' dir='ltr'>libertInus</span> 
     </span>
     <span class='ocr_line' id='line_1_8' title="bbox 235 983 2060 1051; baseline 0.001 -15"><span class='ocrx_word' id='word_1_50' title='bbox 235 983 456 1036; x_wconf 88' lang='lat' dir='ltr'>sestertii</span> <span class='ocrx_word' id='word_1_51' title='bbox 503 987 582 1035; x_wconf 93' lang='lat' dir='ltr'>ter</span> <span class='ocrx_word' id='word_1_52' title='bbox 622 983 821 1036; x_wconf 91' lang='lat' dir='ltr'>miliens</span> <span class='ocrx_word' id='word_1_53' title='bbox 853 998 1126 1051; x_wconf 89' lang='lat' dir='ltr'>possessor</span> <span class='ocrx_word' id='word_1_54' title='bbox 1160 983 1395 1051; x_wconf 80' lang='lat' dir='ltr'>antiquae</span> <span class='ocrx_word' id='word_1_55' title='bbox 1431 985 1773 1051; x_wconf 82' lang='lat' dir='ltr'>parsimoniae</span> <span class='ocrx_word' id='word_1_56' title='bbox 1825 985 2060 1039; x_wconf 85' lang='lat' dir='ltr'>laudibus</span> 
     </span>
     <span class='ocr_line' id='line_1_9' title="bbox 241 1075 602 1129; baseline -0.008 0"><span class='ocrx_word' id='word_1_57' title='bbox 241 1075 602 1129; x_wconf 87' lang='lat' dir='ltr'>cumulabatur.</span> 
     </span>
    </p>

    <p class='ocr_par' dir='ltr' id='par_1_2' title="bbox 170 1166 2144 1692">
     <span class='ocr_line' id='line_1_10' title="bbox 371 1166 2144 1236; baseline 0.003 -16"><span class='ocrx_word' id='word_1_58' title='bbox 371 1167 440 1220; x_wconf 94' lang='lat' dir='ltr'>At</span> <span class='ocrx_word' id='word_1_59' title='bbox 477 1181 582 1219; x_wconf 89' lang='lat' dir='ltr'>non</span> <span class='ocrx_word' id='word_1_60' title='bbox 618 1166 776 1220; x_wconf 88' lang='lat' dir='ltr'>frater</span> <span class='ocrx_word' id='word_1_61' title='bbox 811 1167 938 1234; x_wconf 91' lang='lat' dir='ltr'>eius,</span> <span class='ocrx_word' id='word_1_62' title='bbox 981 1170 1321 1236; x_wconf 80' lang='lat' dir='ltr'>cognomento</span> <span class='ocrx_word' id='word_1_63' title='bbox 1357 1166 1514 1234; x_wconf 86' lang='lat' dir='ltr'>Felix,</span> <span class='ocrx_word' id='word_1_64' title='bbox 1558 1168 1668 1235; x_wconf 88' lang='lat' dir='ltr'>pari</span> <span class='ocrx_word' id='word_1_65' title='bbox 1706 1168 2144 1225; x_wconf 80' lang='lat' dir='ltr'>moderatione54</span> 
     </span>
     <span class='ocr_line' id='line_1_11' title="bbox 170 1258 2058 1327; baseline 0.003 -19"><span class='ocrx_word' id='word_1_66' title='bbox 170 1258 450 1327; x_wconf 82' lang='lat' dir='ltr'>wagebat,</span> <span class='ocrx_word' id='word_1_67' title='bbox 503 1258 603 1310; x_wconf 87' lang='lat' dir='ltr'>iam</span> <span class='ocrx_word' id='word_1_68' title='bbox 652 1259 848 1326; x_wconf 91' lang='lat' dir='ltr'>pridem</span> <span class='ocrx_word' id='word_1_69' title='bbox 886 1259 1104 1312; x_wconf 89' lang='lat' dir='ltr'>Iudaeae</span> <span class='ocrx_word' id='word_1_70' title='bbox 1151 1259 1415 1326; x_wconf 89' lang='lat' dir='ltr'>impositus</span> <span class='ocrx_word' id='word_1_71' title='bbox 1463 1265 1514 1312; x_wconf 91' lang='lat' dir='ltr'>et</span> <span class='ocrx_word' id='word_1_72' title='bbox 1561 1264 1741 1312; x_wconf 91' lang='lat' dir='ltr'>cuncta</span> <span class='ocrx_word' id='word_1_73' title='bbox 1791 1261 2058 1314; x_wconf 85' lang='lat' dir='ltr'>malefacta</span> 
     </span>
     <span class='ocr_line' id='line_1_12' title="bbox 232 1350 2060 1418; baseline 0.001 -16"><span class='ocrx_word' id='word_1_74' title='bbox 232 1350 330 1403; x_wconf 91' lang='lat' dir='ltr'>sibi</span> <span class='ocrx_word' id='word_1_75' title='bbox 369 1350 571 1417; x_wconf 89' lang='lat' dir='ltr'>impune</span> <span class='ocrx_word' id='word_1_76' title='bbox 607 1356 746 1403; x_wconf 89' lang='lat' dir='ltr'>ratus</span> <span class='ocrx_word' id='word_1_77' title='bbox 783 1356 922 1404; x_wconf 88' lang='lat' dir='ltr'>tanta</span> <span class='ocrx_word' id='word_1_78' title='bbox 965 1351 1192 1418; x_wconf 88' lang='lat' dir='ltr'>potentia</span> <span class='ocrx_word' id='word_1_79' title='bbox 1244 1350 1479 1404; x_wconf 87' lang='lat' dir='ltr'>subnix0.</span> <span class='ocrx_word' id='word_1_80' title='bbox 1555 1350 1697 1405; x_wconf 86' lang='lat' dir='ltr'>Sane</span> <span class='ocrx_word' id='word_1_81' title='bbox 1720 1351 2060 1418; x_wconf 81' lang='lat' dir='ltr'>praebuerant</span> 
     </span>
     <span class='ocr_line' id='line_1_13' title="bbox 229 1431 2056 1510; baseline 0.001 -16"><span class='ocrx_word' id='word_1_82' title='bbox 229 1441 402 1494; x_wconf 88' lang='lat' dir='ltr'>Iudaei</span> <span class='ocrx_word' id='word_1_83' title='bbox 440 1442 662 1509; x_wconf 90' lang='lat' dir='ltr'>speciem</span> <span class='ocrx_word' id='word_1_84' title='bbox 700 1447 864 1495; x_wconf 91' lang='lat' dir='ltr'>motus</span> <span class='ocrx_word' id='word_1_85' title='bbox 903 1446 1013 1494; x_wconf 89' lang='lat' dir='ltr'>orta</span> <span class='ocrx_word' id='word_1_86' title='bbox 1038 1440 1317 1507; x_wconf 85' lang='lat' dir='ltr'>seditione3</span> <span class='ocrx_word' id='word_1_87' title='bbox 1357 1456 1390 1491; x_wconf 51' lang='lat' dir='ltr'>a</span> <span class='ocrx_word' id='word_1_88' title='bbox 1426 1457 1460 1491; x_wconf 51' lang='lat' dir='ltr'>a</span> <span class='ocrx_word' id='word_1_89' title='bbox 1496 1458 1530 1493; x_wconf 50' lang='grc' dir='ltr'>,ιι</span> <span class='ocrx_word' id='word_1_90' title='bbox 1565 1446 1683 1509; x_wconf 91' lang='lat' dir='ltr'>post</span> <span class='ocrx_word' id='word_1_91' title='bbox 1710 1431 1830 1494; x_wconf 82' lang='lat' dir='ltr'>cum</span> <span class='ocrx_word' id='word_1_92' title='bbox 1851 1442 2056 1510; x_wconf 74' lang='lat' dir='ltr'>cognua</span> 
     </span>
     <span class='ocr_line' id='line_1_14' title="bbox 230 1533 2056 1601; baseline 0.002 -17"><span class='ocrx_word' id='word_1_93' title='bbox 230 1533 389 1585; x_wconf 88' lang='lat' dir='ltr'>caede</span> <span class='ocrx_word' id='word_1_94' title='bbox 428 1533 536 1586; x_wconf 91' lang='lat' dir='ltr'>eius</span> <span class='ocrx_word' id='word_1_95' title='bbox 573 1534 708 1586; x_wconf 90' lang='lat' dir='ltr'>haud</span> <span class='ocrx_word' id='word_1_96' title='bbox 746 1534 1143 1601; x_wconf 86' lang='lat' dir='ltr'>obtemperatum</span> <span class='ocrx_word' id='word_1_97' title='bbox 1180 1537 1331 1600; x_wconf 90' lang='lat' dir='ltr'>esset,</span> <span class='ocrx_word' id='word_1_98' title='bbox 1368 1533 1604 1586; x_wconf 89' lang='lat' dir='ltr'>manebat</span> <span class='ocrx_word' id='word_1_99' title='bbox 1639 1537 1802 1586; x_wconf 87' lang='lat' dir='ltr'>metus</span> <span class='ocrx_word' id='word_1_100' title='bbox 1841 1546 1907 1586; x_wconf 85' lang='lat' dir='ltr'>ne</span> <span class='ocrx_word' id='word_1_101' title='bbox 1944 1534 2056 1601; x_wconf 83' lang='lat' dir='ltr'>quis</span> 
     </span>
     <span class='ocr_line' id='line_1_15' title="bbox 226 1611 2058 1692; baseline 0.003 -17"><span class='ocrx_word' id='word_1_102' title='bbox 226 1623 507 1692; x_wconf 85' lang='lat' dir='ltr'>principum</span> <span class='ocrx_word' id='word_1_103' title='bbox 554 1625 733 1678; x_wconf 88' lang='lat' dir='ltr'>eadem</span> <span class='ocrx_word' id='word_1_104' title='bbox 800 1623 1126 1692; x_wconf 86' lang='lat' dir='ltr'>imperitaret.</span> <span class='ocrx_word' id='word_1_105' title='bbox 1217 1625 1384 1692; x_wconf 88' lang='lat' dir='ltr'>Atque</span> <span class='ocrx_word' id='word_1_106' title='bbox 1436 1624 1637 1678; x_wconf 86' lang='lat' dir='ltr'>interim</span> <span class='ocrx_word' id='word_1_107' title='bbox 1687 1611 1845 1678; x_wconf 33' lang='lat' dir='ltr'>Felix*</span> <span class='ocrx_word' id='word_1_108' title='bbox 1871 1624 2058 1680; x_wconf 84' lang='lat' dir='ltr'>intem·-</span> 
     </span>
    </p>
   </div>
   <div class='ocr_carea' id='block_1_2' title="bbox 219 1791 2055 2151">
    <p class='ocr_par' dir='ltr' id='par_1_3' title="bbox 219 1791 2055 2151">
     <span class='ocr_line' id='line_1_16' title="bbox 347 1791 2055 1852; baseline 0.003 -17"><span class='ocrx_word' id='word_1_109' title='bbox 347 1793 385 1835; x_wconf 89' lang='lat'>1.</span> <span class='ocrx_word' id='word_1_110' title='bbox 417 1792 582 1848; x_wconf 82' lang='lat' dir='ltr'>sipione</span> <span class='ocrx_word' id='word_1_111' title='bbox 614 1792 694 1835; x_wconf 71' lang='lat' dir='ltr'>Ma.</span> <span class='ocrx_word' id='word_1_112' title='bbox 844 1794 887 1837; x_wconf 87' lang='lat'>6.</span> <span class='ocrx_word' id='word_1_113' title='bbox 934 1800 995 1836; x_wconf 86' lang='lat' dir='ltr'>est</span> <span class='ocrx_word' id='word_1_114' title='bbox 1026 1822 1221 1836; x_wconf 84' lang='grc'><strong>.....</strong></span> <span class='ocrx_word' id='word_1_115' title='bbox 1252 1793 1423 1849; x_wconf 81' lang='lat' dir='ltr'>publico</span> <span class='ocrx_word' id='word_1_116' title='bbox 1455 1791 1547 1837; x_wconf 68' lang='lat' dir='ltr'>Ma:</span> <span class='ocrx_word' id='word_1_117' title='bbox 1578 1793 1625 1836; x_wconf 88' lang='lat' dir='ltr'>in</span> <span class='ocrx_word' id='word_1_118' title='bbox 1656 1806 1794 1852; x_wconf 81' lang='lat' dir='ltr'>marg.</span> <span class='ocrx_word' id='word_1_119' title='bbox 1826 1795 2055 1851; x_wconf 75' lang='lat' dir='ltr'>suppletur</span> 
     </span>
     <span class='ocr_line' id='line_1_17' title="bbox 225 1852 2047 1910; baseline 0.002 -16"><span class='ocrx_word' id='word_1_120' title='bbox 225 1865 343 1906; x_wconf 88' lang='lat' dir='ltr'>aere,</span> <span class='ocrx_word' id='word_1_121' title='bbox 376 1852 492 1908; x_wconf 90' lang='lat' dir='ltr'>quod</span> <span class='ocrx_word' id='word_1_122' title='bbox 529 1855 658 1894; x_wconf 85' lang='lat' dir='ltr'>etiam</span> <span class='ocrx_word' id='word_1_123' title='bbox 690 1853 806 1896; x_wconf 86' lang='lat' dir='ltr'>inest</span> <span class='ocrx_word' id='word_1_124' title='bbox 838 1853 885 1896; x_wconf 84' lang='lat' dir='ltr'>G.</span> <span class='ocrx_word' id='word_1_125' title='bbox 1038 1853 1079 1895; x_wconf 92' lang='lat'>7.</span> <span class='ocrx_word' id='word_1_126' title='bbox 1113 1852 1282 1895; x_wconf 84' lang='lat' dir='ltr'>miliens</span> <span class='ocrx_word' id='word_1_127' title='bbox 1313 1853 1403 1896; x_wconf 72' lang='lat' dir='ltr'>Ma:</span> <span class='ocrx_word' id='word_1_128' title='bbox 1424 1854 1458 1896; x_wconf 89' lang='lat' dir='ltr'>G</span> <span class='ocrx_word' id='word_1_129' title='bbox 1484 1852 1636 1896; x_wconf 86' lang='lat' dir='ltr'>milies.</span> <span class='ocrx_word' id='word_1_130' title='bbox 1760 1855 1934 1910; x_wconf 80' lang='lat' dir='ltr'>antique</span> <span class='ocrx_word' id='word_1_131' title='bbox 1967 1855 2047 1899; x_wconf 67' lang='lat' dir='ltr'>Ma.</span> 
     </span>
     <span class='ocr_line' id='line_1_18' title="bbox 219 1910 2049 1971; baseline 0.003 -18"><span class='ocrx_word' id='word_1_132' title='bbox 219 1913 514 1969; x_wconf 79' lang='lat' dir='ltr'>parsimoniae</span> <span class='ocrx_word' id='word_1_133' title='bbox 546 1910 635 1964; x_wconf 69' lang='lat' dir='ltr'>Ma,</span> <span class='ocrx_word' id='word_1_134' title='bbox 675 1925 763 1954; x_wconf 90' lang='lat' dir='ltr'>non</span> <span class='ocrx_word' id='word_1_135' title='bbox 790 1912 1106 1969; x_wconf 82' lang='lat' dir='ltr'>parcimoniae.</span> <span class='ocrx_word' id='word_1_136' title='bbox 1271 1913 1339 1957; x_wconf 88' lang='grc'>10.</span> <span class='ocrx_word' id='word_1_137' title='bbox 1389 1914 1497 1970; x_wconf 84' lang='lat' dir='ltr'>iarn]</span> <span class='ocrx_word' id='word_1_138' title='bbox 1545 1919 1632 1955; x_wconf 88' lang='lat' dir='ltr'>tam</span> <span class='ocrx_word' id='word_1_139' title='bbox 1668 1926 1720 1968; x_wconf 84' lang='lat' dir='ltr'>pr</span> <span class='ocrx_word' id='word_1_140' title='bbox 1750 1911 1830 1956; x_wconf 69' lang='lat' dir='ltr'>Ma.</span> <span class='ocrx_word' id='word_1_141' title='bbox 1959 1915 2049 1971; x_wconf 74' lang='lat' dir='ltr'>inp.</span> 
     </span>
     <span class='ocr_line' id='line_1_19' title="bbox 221 1970 2050 2027; baseline 0.003 -14"><span class='ocrx_word' id='word_1_142' title='bbox 221 1970 303 2014; x_wconf 69' lang='lat' dir='ltr'>Ma.</span> <span class='ocrx_word' id='word_1_143' title='bbox 418 1972 485 2013; x_wconf 88' lang='lat'>11.</span> <span class='ocrx_word' id='word_1_144' title='bbox 514 1974 730 2027; x_wconf 82' lang='lat' dir='ltr'>patientia</span> <span class='ocrx_word' id='word_1_145' title='bbox 761 1972 852 2016; x_wconf 72' lang='lat' dir='ltr'>Ma:</span> <span class='ocrx_word' id='word_1_146' title='bbox 888 1972 1163 2016; x_wconf 85' lang='lat' dir='ltr'>emendatum</span> <span class='ocrx_word' id='word_1_147' title='bbox 1194 1973 1239 2015; x_wconf 91' lang='lat' dir='ltr'>in</span> <span class='ocrx_word' id='word_1_148' title='bbox 1273 1972 1322 2016; x_wconf 85' lang='lat' dir='ltr'>G.</span> <span class='ocrx_word' id='word_1_149' title='bbox 1428 1975 1497 2018; x_wconf 82' lang='lat'>12.</span> <span class='ocrx_word' id='word_1_150' title='bbox 1529 1973 1698 2017; x_wconf 81' lang='lat' dir='ltr'>iudaeis</span> <span class='ocrx_word' id='word_1_151' title='bbox 1730 1972 1822 2026; x_wconf 69' lang='lat' dir='ltr'>Ma,</span> <span class='ocrx_word' id='word_1_152' title='bbox 1853 1973 1971 2026; x_wconf 76' lang='lat' dir='ltr'>iudei</span> <span class='ocrx_word' id='word_1_153' title='bbox 2000 1974 2050 2019; x_wconf 82' lang='lat' dir='ltr'>G.</span> 
     </span>
     <span class='ocr_line' id='line_1_20' title="bbox 220 2031 2052 2090; baseline 0.003 -19"><span class='ocrx_word' id='word_1_154' title='bbox 220 2046 244 2072; x_wconf 48' lang='grc' dir='ltr'>ψ</span> <span class='ocrx_word' id='word_1_155' title='bbox 279 2045 303 2072; x_wconf 78' lang='lat'><em>*</em></span> <span class='ocrx_word' id='word_1_156' title='bbox 338 2045 362 2072; x_wconf 55' lang='lat' dir='ltr'>‚a</span> <span class='ocrx_word' id='word_1_157' title='bbox 395 2038 490 2086; x_wconf 87' lang='lat' dir='ltr'>post</span> <span class='ocrx_word' id='word_1_158' title='bbox 522 2035 633 2090; x_wconf 84' lang='lat' dir='ltr'>cam]</span> <span class='ocrx_word' id='word_1_159' title='bbox 670 2031 773 2074; x_wconf 78' lang='lat' dir='ltr'>GMa</span> <span class='ocrx_word' id='word_1_160' title='bbox 807 2039 1061 2090; x_wconf 80' lang='lat' dir='ltr'>postquam,</span> <span class='ocrx_word' id='word_1_161' title='bbox 1093 2032 1305 2090; x_wconf 89' lang='lat' dir='ltr'>Anquetil</span> <span class='ocrx_word' id='word_1_162' title='bbox 1333 2039 1449 2089; x_wconf 82' lang='lat' dir='ltr'>post,</span> <span class='ocrx_word' id='word_1_163' title='bbox 1484 2046 1580 2074; x_wconf 88' lang='lat' dir='ltr'>cum</span> <span class='ocrx_word' id='word_1_164' title='bbox 1610 2038 1695 2075; x_wconf 89' lang='lat' dir='ltr'>cet.</span> <span class='ocrx_word' id='word_1_165' title='bbox 1730 2039 1774 2076; x_wconf 89' lang='lat' dir='ltr'>et</span> <span class='ocrx_word' id='word_1_166' title='bbox 1804 2039 1905 2075; x_wconf 85' lang='lat' dir='ltr'>ante</span> <span class='ocrx_word' id='word_1_167' title='bbox 1937 2033 2052 2076; x_wconf 87' lang='lat' dir='ltr'>idem</span> 
     </span>
     <span class='ocr_line' id='line_1_21' title="bbox 222 2086 2050 2151; baseline 0.005 -23"><span class='ocrx_word' id='word_1_168' title='bbox 222 2086 278 2128; x_wconf 93' lang='lat' dir='ltr'>ob</span> <span class='ocrx_word' id='word_1_169' title='bbox 313 2087 412 2132; x_wconf 83' lang='lat' dir='ltr'>Caii</span> <span class='ocrx_word' id='word_1_170' title='bbox 443 2090 647 2144; x_wconf 84' lang='lat' dir='ltr'>edictum,</span> <span class='ocrx_word' id='word_1_171' title='bbox 680 2092 1021 2150; x_wconf 87' lang='lat' dir='ltr'>Bezzenberger</span> <span class='ocrx_word' id='word_1_172' title='bbox 1053 2098 1152 2136; x_wconf 89' lang='lat' dir='ltr'>orta</span> <span class='ocrx_word' id='word_1_173' title='bbox 1182 2093 1231 2136; x_wconf 82' lang='lat' dir='ltr'>G.</span> <span class='ocrx_word' id='word_1_174' title='bbox 1267 2092 1402 2135; x_wconf 81' lang='lat' dir='ltr'>edicto</span> <span class='ocrx_word' id='word_1_175' title='bbox 1432 2091 1654 2136; x_wconf 83' lang='lat' dir='ltr'>seditione.</span> <span class='ocrx_word' id='word_1_176' title='bbox 1682 2100 1779 2150; x_wconf 83' lang='lat' dir='ltr'>post</span> <span class='ocrx_word' id='word_1_177' title='bbox 1809 2104 1934 2151; x_wconf 81' lang='lat' dir='ltr'>quum</span> <span class='ocrx_word' id='word_1_178' title='bbox 1965 2098 2050 2139; x_wconf 77' lang='lat' dir='ltr'>cet.</span> 
     </span>
    </p>
   </div>
   <div class='ocr_carea' id='block_1_3' title="bbox 220 2146 990 2206">
    <p class='ocr_par' dir='ltr' id='par_1_4' title="bbox 220 2146 990 2206">
     <span class='ocr_line' id='line_1_22' title="bbox 220 2146 990 2206; baseline 0.004 -13"><span class='ocrx_word' id='word_1_179' title='bbox 220 2148 266 2193; x_wconf 83' lang='lat' dir='ltr'>in</span> <span class='ocrx_word' id='word_1_180' title='bbox 298 2146 364 2190; x_wconf 78' lang='lat' dir='ltr'>Ma</span> <span class='ocrx_word' id='word_1_181' title='bbox 393 2150 562 2206; x_wconf 87' lang='lat' dir='ltr'>nullum</span> <span class='ocrx_word' id='word_1_182' title='bbox 591 2151 801 2195; x_wconf 83' lang='lat' dir='ltr'>indicium</span> <span class='ocrx_word' id='word_1_183' title='bbox 833 2153 990 2196; x_wconf 86' lang='lat' dir='ltr'>hiatus.</span> 
     </span>
    </p>
   </div>
   <div class='ocr_carea' id='block_1_4' title="bbox 218 2296 1099 3708">
    <p class='ocr_par' dir='ltr' id='par_1_5' title="bbox 218 2296 1099 3361">
     <span class='ocr_line' id='line_1_23' title="bbox 308 2296 1096 2353; baseline 0.004 -16"><span class='ocrx_word' id='word_1_184' title='bbox 308 2309 338 2337; x_wconf 90' lang='lat' dir='ltr'>a</span> <span class='ocrx_word' id='word_1_185' title='bbox 378 2296 580 2353; x_wconf 82' lang='lat' dir='ltr'>Scipione</span> <span class='ocrx_word' id='word_1_186' title='bbox 615 2297 846 2340; x_wconf 81' lang='lat' dir='ltr'>Cornelio:</span> <span class='ocrx_word' id='word_1_187' title='bbox 893 2302 960 2340; x_wconf 87' lang='lat' dir='ltr'>est</span> <span class='ocrx_word' id='word_1_188' title='bbox 1001 2309 1096 2339; x_wconf 87' lang='lat' dir='ltr'>ma-</span> 
     </span>
     <span class='ocr_line' id='line_1_24' title="bbox 218 2355 1099 2411; baseline 0.002 -15"><span class='ocrx_word' id='word_1_189' title='bbox 218 2355 327 2397; x_wconf 88' lang='lat' dir='ltr'>ritus</span> <span class='ocrx_word' id='word_1_190' title='bbox 358 2355 588 2411; x_wconf 87' lang='lat' dir='ltr'>Poppaeae</span> <span class='ocrx_word' id='word_1_191' title='bbox 620 2371 645 2399; x_wconf 87' lang='lat' dir='ltr'>a</span> <span class='ocrx_word' id='word_1_192' title='bbox 689 2356 924 2399; x_wconf 86' lang='lat' dir='ltr'>Messalina</span> <span class='ocrx_word' id='word_1_193' title='bbox 967 2369 1099 2399; x_wconf 85' lang='lat' dir='ltr'>ever-</span> 
     </span>
     <span class='ocr_line' id='line_1_25' title="bbox 220 2415 1095 2461; baseline 0.002 -5"><span class='ocrx_word' id='word_1_194' title='bbox 220 2427 327 2457; x_wconf 86' lang='lat' dir='ltr'>sae:</span> <span class='ocrx_word' id='word_1_195' title='bbox 378 2415 436 2458; x_wconf 91' lang='lat' dir='ltr'>XI</span> <span class='ocrx_word' id='word_1_196' title='bbox 467 2419 496 2461; x_wconf 85' lang='lat'><strong>2</strong></span> <span class='ocrx_word' id='word_1_197' title='bbox 533 2423 577 2458; x_wconf 91' lang='lat' dir='ltr'>et</span> <span class='ocrx_word' id='word_1_198' title='bbox 606 2416 649 2460; x_wconf 82' lang='lat'>4.</span> <span class='ocrx_word' id='word_1_199' title='bbox 741 2415 906 2460; x_wconf 89' lang='lat' dir='ltr'>Consul</span> <span class='ocrx_word' id='word_1_200' title='bbox 953 2416 1095 2460; x_wconf 89' lang='lat' dir='ltr'>factus</span> 
     </span>
     <span class='ocr_line' id='line_1_26' title="bbox 220 2475 716 2521; baseline 0.002 -4"><span class='ocrx_word' id='word_1_201' title='bbox 220 2480 288 2517; x_wconf 84' lang='lat' dir='ltr'>est</span> <span class='ocrx_word' id='word_1_202' title='bbox 321 2488 360 2517; x_wconf 87' lang='lat' dir='ltr'>a.</span> <span class='ocrx_word' id='word_1_203' title='bbox 395 2475 483 2519; x_wconf 86' lang='lat'>56:</span> <span class='ocrx_word' id='word_1_204' title='bbox 517 2475 615 2518; x_wconf 83' lang='lat' dir='ltr'>XIII</span> <span class='ocrx_word' id='word_1_205' title='bbox 644 2477 716 2521; x_wconf 83' lang='lat'>25.</span> 
     </span>
     <span class='ocr_line' id='line_1_27' title="bbox 219 2534 1098 2651; baseline 0.002 -17"><span class='ocrx_word' id='word_1_206' title='bbox 219 2535 721 2637; x_wconf 53' lang='lat' dir='ltr'>autttttfitffz‘t&#39;sst?</span> <span class='ocrx_word' id='word_1_207' title='bbox 737 2542 880 2651; x_wconf 54' lang='lat'>{3333</span> <span class='ocrx_word' id='word_1_208' title='bbox 900 2534 1098 2648; x_wconf 55' lang='lat' dir='ltr'>Zdsslis‘ffi</span> 
     </span>
     <span class='ocr_line' id='line_1_28' title="bbox 220 2651 1095 2708; baseline 0.001 -15"><span class='ocrx_word' id='word_1_209' title='bbox 220 2651 419 2695; x_wconf 87' lang='lat' dir='ltr'>Pallante</span> <span class='ocrx_word' id='word_1_210' title='bbox 462 2654 657 2706; x_wconf 85' lang='lat' dir='ltr'>Arcade,</span> <span class='ocrx_word' id='word_1_211' title='bbox 699 2666 864 2708; x_wconf 86' lang='lat' dir='ltr'>proavo</span> <span class='ocrx_word' id='word_1_212' title='bbox 904 2654 978 2696; x_wconf 87' lang='lat' dir='ltr'>vel</span> <span class='ocrx_word' id='word_1_213' title='bbox 1011 2665 1095 2696; x_wconf 83' lang='lat' dir='ltr'>avo</span> 
     </span>
     <span class='ocr_line' id='line_1_29' title="bbox 218 2710 1096 2768; baseline -0.001 -16"><span class='ocrx_word' id='word_1_214' title='bbox 218 2710 410 2753; x_wconf 89' lang='lat' dir='ltr'>Euandri</span> <span class='ocrx_word' id='word_1_215' title='bbox 444 2713 578 2768; x_wconf 74' lang='lat' dir='ltr'>regie,</span> <span class='ocrx_word' id='word_1_216' title='bbox 614 2715 838 2767; x_wconf 88' lang='lat' dir='ltr'>repetivit.</span> <span class='ocrx_word' id='word_1_217' title='bbox 903 2711 970 2754; x_wconf 91' lang='lat' dir='ltr'>De</span> <span class='ocrx_word' id='word_1_218' title='bbox 992 2711 1096 2753; x_wconf 88' lang='lat' dir='ltr'>Pal-</span> 
     </span>
     <span class='ocr_line' id='line_1_30' title="bbox 221 2770 1096 2830; baseline 0 -17"><span class='ocrx_word' id='word_1_219' title='bbox 221 2770 341 2813; x_wconf 89' lang='lat' dir='ltr'>lante</span> <span class='ocrx_word' id='word_1_220' title='bbox 389 2771 604 2814; x_wconf 86' lang='lat' dir='ltr'>Arcadiae</span> <span class='ocrx_word' id='word_1_221' title='bbox 658 2785 766 2830; x_wconf 86' lang='lat' dir='ltr'>rege</span> <span class='ocrx_word' id='word_1_222' title='bbox 815 2785 858 2815; x_wconf 87' lang='lat' dir='ltr'>v.</span> <span class='ocrx_word' id='word_1_223' title='bbox 917 2771 1096 2827; x_wconf 87' lang='lat' dir='ltr'>Virgilii</span> 
     </span>
     <span class='ocr_line' id='line_1_31' title="bbox 221 2830 1094 2884; baseline 0.001 -12"><span class='ocrx_word' id='word_1_224' title='bbox 221 2830 333 2873; x_wconf 90' lang='lat' dir='ltr'>Aen.</span> <span class='ocrx_word' id='word_1_225' title='bbox 367 2830 464 2873; x_wconf 90' lang='lat' dir='ltr'>VIII</span> <span class='ocrx_word' id='word_1_226' title='bbox 497 2831 721 2884; x_wconf 80' lang='lat'>51-54,</span> <span class='ocrx_word' id='word_1_227' title='bbox 755 2831 931 2876; x_wconf 83' lang='lat' dir='ltr'>Servius</span> <span class='ocrx_word' id='word_1_228' title='bbox 966 2830 1021 2873; x_wconf 90' lang='lat' dir='ltr'>ad</span> <span class='ocrx_word' id='word_1_229' title='bbox 1050 2843 1094 2873; x_wconf 88' lang='lat' dir='ltr'>v.</span> 
     </span>
     <span class='ocr_line' id='line_1_32' title="bbox 221 2889 1097 2944; baseline 0.002 -12"><span class='ocrx_word' id='word_1_230' title='bbox 221 2890 293 2932; x_wconf 84' lang='lat'>54.</span> <span class='ocrx_word' id='word_1_231' title='bbox 349 2889 586 2932; x_wconf 82' lang='lat' dir='ltr'>Pausanias</span> <span class='ocrx_word' id='word_1_232' title='bbox 622 2891 722 2934; x_wconf 86' lang='lat' dir='ltr'>VIII</span> <span class='ocrx_word' id='word_1_233' title='bbox 754 2893 782 2934; x_wconf 87' lang='lat'>3</span> <span class='ocrx_word' id='word_1_234' title='bbox 824 2893 869 2944; x_wconf 78' lang='lat'>§.</span> <span class='ocrx_word' id='word_1_235' title='bbox 906 2892 927 2933; x_wconf 85' lang='lat'>1</span> <span class='ocrx_word' id='word_1_236' title='bbox 963 2896 1008 2932; x_wconf 88' lang='lat' dir='ltr'>et</span> <span class='ocrx_word' id='word_1_237' title='bbox 1037 2889 1097 2934; x_wconf 81' lang='lat'>44</span> 
     </span>
     <span class='ocr_line' id='line_1_33' title="bbox 221 2949 1095 3000; baseline 0 -10"><span class='ocrx_word' id='word_1_238' title='bbox 221 2951 267 3000; x_wconf 77' lang='lat'>§.</span> <span class='ocrx_word' id='word_1_239' title='bbox 305 2949 348 2991; x_wconf 86' lang='lat'>5:</span> <span class='ocrx_word' id='word_1_240' title='bbox 393 2949 536 2991; x_wconf 86' lang='lat' dir='ltr'>Pallas</span> <span class='ocrx_word' id='word_1_241' title='bbox 571 2949 674 2992; x_wconf 88' lang='lat' dir='ltr'>olim</span> <span class='ocrx_word' id='word_1_242' title='bbox 707 2950 821 2993; x_wconf 85' lang='lat' dir='ltr'>inter</span> <span class='ocrx_word' id='word_1_243' title='bbox 852 2949 1033 2992; x_wconf 86' lang='lat' dir='ltr'>venales</span> <span class='ocrx_word' id='word_1_244' title='bbox 1051 2951 1095 2991; x_wconf 90' lang='lat' dir='ltr'>in</span> 
     </span>
     <span class='ocr_line' id='line_1_34' title="bbox 222 3007 1092 3064; baseline 0.001 -15"><span class='ocrx_word' id='word_1_245' title='bbox 222 3007 374 3050; x_wconf 85' lang='lat' dir='ltr'>urbem</span> <span class='ocrx_word' id='word_1_246' title='bbox 412 3008 621 3051; x_wconf 87' lang='lat' dir='ltr'>advectus</span> <span class='ocrx_word' id='word_1_247' title='bbox 654 3010 788 3064; x_wconf 89' lang='lat' dir='ltr'>(Plin.</span> <span class='ocrx_word' id='word_1_248' title='bbox 823 3009 979 3051; x_wconf 90' lang='lat' dir='ltr'>XXXV</span> <span class='ocrx_word' id='word_1_249' title='bbox 1013 3009 1092 3064; x_wconf 83' lang='lat'>58)</span> 
     </span>
     <span class='ocr_line' id='line_1_35' title="bbox 220 3067 1095 3112; baseline -0.003 -1"><span class='ocrx_word' id='word_1_250' title='bbox 220 3067 442 3111; x_wconf 82' lang='lat' dir='ltr'>Antoniae</span> <span class='ocrx_word' id='word_1_251' title='bbox 470 3067 642 3110; x_wconf 87' lang='lat' dir='ltr'>Claudii</span> <span class='ocrx_word' id='word_1_252' title='bbox 674 3069 799 3112; x_wconf 84' lang='lat' dir='ltr'>matri</span> <span class='ocrx_word' id='word_1_253' title='bbox 836 3069 1095 3111; x_wconf 86' lang='lat' dir='ltr'>servitutem</span> 
     </span>
     <span class='ocr_line' id='line_1_36' title="bbox 222 3127 1094 3172; baseline -0.001 -4"><span class='ocrx_word' id='word_1_254' title='bbox 222 3128 469 3170; x_wconf 86' lang='lat' dir='ltr'>serviverat</span> <span class='ocrx_word' id='word_1_255' title='bbox 501 3141 598 3170; x_wconf 90' lang='lat' dir='ltr'>cum</span> <span class='ocrx_word' id='word_1_256' title='bbox 631 3128 767 3172; x_wconf 81' lang='lat' dir='ltr'>fratre</span> <span class='ocrx_word' id='word_1_257' title='bbox 798 3141 878 3170; x_wconf 88' lang='lat' dir='ltr'>suo</span> <span class='ocrx_word' id='word_1_258' title='bbox 917 3127 1094 3170; x_wconf 85' lang='lat' dir='ltr'>Felice:</span> 
     </span>
     <span class='ocr_line' id='line_1_37' title="bbox 221 3186 1094 3242; baseline -0.001 -13"><span class='ocrx_word' id='word_1_259' title='bbox 221 3186 436 3242; x_wconf 85' lang='lat' dir='ltr'>Iosephus</span> <span class='ocrx_word' id='word_1_260' title='bbox 467 3188 569 3230; x_wconf 90' lang='lat' dir='ltr'>Ant.</span> <span class='ocrx_word' id='word_1_261' title='bbox 607 3186 706 3232; x_wconf 88' lang='lat' dir='ltr'>VIII</span> <span class='ocrx_word' id='word_1_262' title='bbox 737 3188 765 3232; x_wconf 88' lang='lat'>6</span> <span class='ocrx_word' id='word_1_263' title='bbox 797 3189 843 3240; x_wconf 62' lang='grc' dir='ltr'><strong>δ.</strong></span> <span class='ocrx_word' id='word_1_264' title='bbox 867 3187 910 3232; x_wconf 87' lang='grc'><strong>6.</strong></span> <span class='ocrx_word' id='word_1_265' title='bbox 963 3186 1094 3229; x_wconf 86' lang='lat' dir='ltr'>Uter-</span> 
     </span>
     <span class='ocr_line' id='line_1_38' title="bbox 222 3242 1096 3301; baseline 0 -14"><span class='ocrx_word' id='word_1_266' title='bbox 222 3242 308 3301; x_wconf 66' lang='lat' dir='ltr'>que</span> <span class='ocrx_word' id='word_1_267' title='bbox 361 3247 414 3289; x_wconf 92' lang='lat' dir='ltr'>ab</span> <span class='ocrx_word' id='word_1_268' title='bbox 466 3247 661 3289; x_wconf 86' lang='lat' dir='ltr'>Antonia</span> <span class='ocrx_word' id='word_1_269' title='bbox 707 3246 997 3297; x_wconf 76' lang='lat' dir='ltr'>manumissus</span> <span class='ocrx_word' id='word_1_270' title='bbox 1042 3244 1096 3288; x_wconf 87' lang='lat' dir='ltr'>ad</span> 
     </span>
     <span class='ocr_line' id='line_1_39' title="bbox 223 3305 704 3361; baseline 0.006 -14"><span class='ocrx_word' id='word_1_271' title='bbox 223 3305 453 3348; x_wconf 82' lang='lat' dir='ltr'>Claudium</span> <span class='ocrx_word' id='word_1_272' title='bbox 485 3307 704 3361; x_wconf 86' lang='lat' dir='ltr'>pervenit.</span> 
     </span>
    </p>

    <p class='ocr_par' dir='ltr' id='par_1_6' title="bbox 222 3365 1095 3708">
     <span class='ocr_line' id='line_1_40' title="bbox 312 3365 1093 3408; baseline -0.003 -2"><span class='ocrx_word' id='word_1_273' title='bbox 312 3372 554 3408; x_wconf 85' lang='lat' dir='ltr'>contentum</span> <span class='ocrx_word' id='word_1_274' title='bbox 585 3367 748 3408; x_wconf 71' lang='lat' dir='ltr'>honore</span> <span class='ocrx_word' id='word_1_275' title='bbox 765 3390 819 3399; x_wconf 93' lang='lat'><em>-</em></span> <span class='ocrx_word' id='word_1_276' title='bbox 840 3365 1064 3407; x_wconf 76' lang='lat' dir='ltr'>subsistere</span> <span class='ocrx_word' id='word_1_277' title='bbox 1079 3377 1093 3405; x_wconf 80' lang='lat'>.-</span> 
     </span>
     <span class='ocr_line' id='line_1_41' title="bbox 224 3423 1095 3480; baseline -0.001 -15"><span class='ocrx_word' id='word_1_278' title='bbox 224 3423 266 3466; x_wconf 87' lang='lat' dir='ltr'>h.</span> <span class='ocrx_word' id='word_1_279' title='bbox 302 3437 339 3466; x_wconf 88' lang='lat' dir='ltr'>e.</span> <span class='ocrx_word' id='word_1_280' title='bbox 376 3426 580 3480; x_wconf 87' lang='lat' dir='ltr'>accipere</span> <span class='ocrx_word' id='word_1_281' title='bbox 602 3426 843 3469; x_wconf 84' lang='lat' dir='ltr'>Pallantem</span> <span class='ocrx_word' id='word_1_282' title='bbox 875 3424 1095 3479; x_wconf 86' lang='lat' dir='ltr'>praetoria</span> 
     </span>
     <span class='ocr_line' id='line_1_42' title="bbox 223 3485 1095 3539; baseline 0.002 -17"><span class='ocrx_word' id='word_1_283' title='bbox 223 3490 503 3538; x_wconf 84' lang='lat' dir='ltr'>ornamenta,</span> <span class='ocrx_word' id='word_1_284' title='bbox 547 3498 752 3529; x_wconf 87' lang='lat' dir='ltr'>recusare</span> <span class='ocrx_word' id='word_1_285' title='bbox 783 3485 1016 3539; x_wconf 80' lang='lat' dir='ltr'>pecuniam</span> <span class='ocrx_word' id='word_1_286' title='bbox 1048 3488 1095 3532; x_wconf 84' lang='lat' dir='ltr'>ut</span> 
     </span>
     <span class='ocr_line' id='line_1_43' title="bbox 224 3543 1093 3598; baseline 0 -14"><span class='ocrx_word' id='word_1_287' title='bbox 224 3545 375 3596; x_wconf 89' lang='lat' dir='ltr'>paucis</span> <span class='ocrx_word' id='word_1_288' title='bbox 419 3551 687 3588; x_wconf 86' lang='lat' dir='ltr'>contentum.</span> <span class='ocrx_word' id='word_1_289' title='bbox 749 3545 915 3588; x_wconf 91' lang='lat' dir='ltr'>Plinius</span> <span class='ocrx_word' id='word_1_290' title='bbox 954 3543 1093 3598; x_wconf 89' lang='lat' dir='ltr'>Epist.</span> 
     </span>
     <span class='ocr_line' id='line_1_44' title="bbox 228 3601 1095 3661; baseline 0.005 -20"><span class='ocrx_word' id='word_1_291' title='bbox 228 3601 325 3643; x_wconf 89' lang='lat' dir='ltr'>VIII</span> <span class='ocrx_word' id='word_1_292' title='bbox 357 3603 413 3645; x_wconf 85' lang='lat'>6:</span> <span class='ocrx_word' id='word_1_293' title='bbox 448 3605 691 3661; x_wconf 67' lang='lat' dir='ltr'>imaginare</span> <span class='ocrx_word' id='word_1_294' title='bbox 713 3603 954 3652; x_wconf 83' lang='lat' dir='ltr'>Pallantem</span> <span class='ocrx_word' id='word_1_295' title='bbox 981 3602 1095 3647; x_wconf 80' lang='lat' dir='ltr'>velut</span> 
     </span>
     <span class='ocr_line' id='line_1_45' title="bbox 222 3660 1092 3708; baseline 0.005 -6"><span class='ocrx_word' id='word_1_296' title='bbox 222 3660 556 3707; x_wconf 83' lang='lat' dir='ltr'>intercedentem</span> <span class='ocrx_word' id='word_1_297' title='bbox 588 3670 761 3708; x_wconf 75' lang='lat' dir='ltr'>senatus</span> <span class='ocrx_word' id='word_1_298' title='bbox 794 3663 982 3708; x_wconf 85' lang='lat' dir='ltr'>consulto</span> <span class='ocrx_word' id='word_1_299' title='bbox 999 3675 1092 3706; x_wconf 86' lang='lat' dir='ltr'>mo-</span> 
     </span>
    </p>
   </div>
   <div class='ocr_carea' id='block_1_5' title="bbox 1180 2294 2053 2638">
    <p class='ocr_par' dir='ltr' id='par_1_7' title="bbox 1181 2294 2053 2532">
     <span class='ocr_line' id='line_1_46' title="bbox 1185 2294 2053 2351; baseline -0.003 -13"><span class='ocrx_word' id='word_1_300' title='bbox 1185 2295 1488 2351; x_wconf 84' lang='lat' dir='ltr'>derantemque</span> <span class='ocrx_word' id='word_1_301' title='bbox 1518 2294 1703 2337; x_wconf 78' lang='lat' dir='ltr'>honores</span> <span class='ocrx_word' id='word_1_302' title='bbox 1731 2308 1853 2349; x_wconf 80' lang='lat' dir='ltr'>suos,</span> <span class='ocrx_word' id='word_1_303' title='bbox 1897 2302 1938 2340; x_wconf 72' lang='lat' dir='ltr'>et</span> <span class='ocrx_word' id='word_1_304' title='bbox 1981 2311 2053 2339; x_wconf 87' lang='lat' dir='ltr'>se..</span> 
     </span>
     <span class='ocr_line' id='line_1_47' title="bbox 1182 2355 2053 2411; baseline -0.001 -12"><span class='ocrx_word' id='word_1_305' title='bbox 1182 2355 1374 2399; x_wconf 85' lang='lat' dir='ltr'>stertium</span> <span class='ocrx_word' id='word_1_306' title='bbox 1406 2355 1565 2397; x_wconf 86' lang='lat' dir='ltr'>centies</span> <span class='ocrx_word' id='word_1_307' title='bbox 1598 2355 1876 2411; x_wconf 65' lang='lat' dir='ltr'>quinquagies</span> <span class='ocrx_word' id='word_1_308' title='bbox 1904 2362 1951 2398; x_wconf 84' lang='lat' dir='ltr'>ut</span> <span class='ocrx_word' id='word_1_309' title='bbox 1979 2356 2053 2398; x_wconf 79' lang='lat' dir='ltr'>ni·-</span> 
     </span>
     <span class='ocr_line' id='line_1_48' title="bbox 1182 2415 2053 2471; baseline -0.002 -13"><span class='ocrx_word' id='word_1_310' title='bbox 1182 2416 1312 2458; x_wconf 81' lang='lat' dir='ltr'>mium</span> <span class='ocrx_word' id='word_1_311' title='bbox 1330 2421 1615 2468; x_wconf 81' lang='lat' dir='ltr'>recusantem,</span> <span class='ocrx_word' id='word_1_312' title='bbox 1631 2415 1960 2471; x_wconf 78' lang='lat' dir='ltr'>cumpraeto-ria</span> <span class='ocrx_word' id='word_1_313' title='bbox 1976 2429 2053 2458; x_wconf 79' lang='lat' dir='ltr'>or-</span> 
     </span>
     <span class='ocr_line' id='line_1_49' title="bbox 1181 2475 2049 2532; baseline 0 -15"><span class='ocrx_word' id='word_1_314' title='bbox 1181 2482 1388 2518; x_wconf 85' lang='lat' dir='ltr'>namenta</span> <span class='ocrx_word' id='word_1_315' title='bbox 1419 2481 1634 2529; x_wconf 85' lang='lat' dir='ltr'>tamquam</span> <span class='ocrx_word' id='word_1_316' title='bbox 1649 2475 1787 2517; x_wconf 80' lang='lat' dir='ltr'>minus</span> <span class='ocrx_word' id='word_1_317' title='bbox 1804 2476 2049 2532; x_wconf 78' lang='lat' dir='ltr'>recepisset.</span> 
     </span>
    </p>

    <p class='ocr_par' dir='ltr' id='par_1_8' title="bbox 1180 2534 2050 2638">
     <span class='ocr_line' id='line_1_50' title="bbox 1262 2534 2048 2588; baseline 0 -12"><span class='ocrx_word' id='word_1_318' title='bbox 1262 2536 1396 2588; x_wconf 71' lang='lat' dir='ltr'>fixum</span> <span class='ocrx_word' id='word_1_319' title='bbox 1427 2540 1488 2575; x_wconf 88' lang='lat' dir='ltr'>est</span> <span class='ocrx_word' id='word_1_320' title='bbox 1507 2559 1563 2566; x_wconf 92' lang='lat'>—</span> <span class='ocrx_word' id='word_1_321' title='bbox 1585 2540 1758 2576; x_wconf 82' lang='lat' dir='ltr'>senatus</span> <span class='ocrx_word' id='word_1_322' title='bbox 1790 2534 2048 2577; x_wconf 78' lang='lat' dir='ltr'>consultum:</span> 
     </span>
     <span class='ocr_line' id='line_1_51' title="bbox 1180 2593 2050 2638; baseline 0 -4"><span class='ocrx_word' id='word_1_323' title='bbox 1180 2593 1273 2636; x_wconf 90' lang='lat' dir='ltr'>noli</span> <span class='ocrx_word' id='word_1_324' title='bbox 1307 2594 1592 2636; x_wconf 87' lang='lat' dir='ltr'>commiscere</span> <span class='ocrx_word' id='word_1_325' title='bbox 1623 2593 1709 2635; x_wconf 91' lang='lat' dir='ltr'>hoc</span> <span class='ocrx_word' id='word_1_326' title='bbox 1728 2599 1908 2638; x_wconf 80' lang='lat' dir='ltr'>senatus</span> <span class='ocrx_word' id='word_1_327' title='bbox 1939 2605 2050 2638; x_wconf 82' lang='lat' dir='ltr'>con..</span> 
     </span>
    </p>
   </div>
   <div class='ocr_carea' id='block_1_6' title="bbox 1180 2650 2114 2696">
    <p class='ocr_par' dir='ltr' id='par_1_9' title="bbox 1180 2650 2114 2696">
     <span class='ocr_line' id='line_1_52' title="bbox 1180 2650 2114 2696; baseline 0 -1"><span class='ocrx_word' id='word_1_328' title='bbox 1180 2652 1342 2695; x_wconf 89' lang='lat' dir='ltr'>sultum</span> <span class='ocrx_word' id='word_1_329' title='bbox 1375 2665 1472 2694; x_wconf 90' lang='lat' dir='ltr'>cum</span> <span class='ocrx_word' id='word_1_330' title='bbox 1503 2650 1632 2693; x_wconf 90' lang='lat' dir='ltr'>titulo</span> <span class='ocrx_word' id='word_1_331' title='bbox 1664 2657 1835 2695; x_wconf 88' lang='lat' dir='ltr'>mortuo</span> <span class='ocrx_word' id='word_1_332' title='bbox 1863 2651 2049 2696; x_wconf 80' lang='lat' dir='ltr'>Pallanti</span> <span class='ocrx_word' id='word_1_333' title='bbox 2113 2672 2114 2675; x_wconf 39' lang='lat'>¹</span> 
     </span>
    </p>
   </div>
   <div class='ocr_carea' id='block_1_7' title="bbox 1174 2711 2056 3720">
    <p class='ocr_par' dir='ltr' id='par_1_10' title="bbox 1174 2711 2056 3720">
     <span class='ocr_line' id='line_1_53' title="bbox 1179 2711 2048 2766; baseline -0.001 -13"><span class='ocrx_word' id='word_1_334' title='bbox 1179 2713 1325 2766; x_wconf 89' lang='lat' dir='ltr'>posito</span> <span class='ocrx_word' id='word_1_335' title='bbox 1355 2712 1400 2753; x_wconf 91' lang='lat' dir='ltr'>in</span> <span class='ocrx_word' id='word_1_336' title='bbox 1432 2717 1714 2754; x_wconf 83' lang='lat' dir='ltr'>monumento</span> <span class='ocrx_word' id='word_1_337' title='bbox 1747 2711 1802 2753; x_wconf 88' lang='lat' dir='ltr'>ad</span> <span class='ocrx_word' id='word_1_338' title='bbox 1833 2712 1948 2755; x_wconf 81' lang='lat' dir='ltr'>viam</span> <span class='ocrx_word' id='word_1_339' title='bbox 1973 2711 2048 2756; x_wconf 86' lang='lat' dir='ltr'>Ti..</span> 
     </span>
     <span class='ocr_line' id='line_1_54' title="bbox 1179 2769 2056 2825; baseline 0.001 -12"><span class='ocrx_word' id='word_1_340' title='bbox 1179 2771 1424 2823; x_wconf 86' lang='lat' dir='ltr'>burtinam,</span> <span class='ocrx_word' id='word_1_341' title='bbox 1479 2771 1604 2812; x_wconf 86' lang='lat' dir='ltr'>cuius</span> <span class='ocrx_word' id='word_1_342' title='bbox 1652 2769 1876 2825; x_wconf 85' lang='lat' dir='ltr'>exemplar</span> <span class='ocrx_word' id='word_1_343' title='bbox 1927 2776 2056 2818; x_wconf 77' lang='lat' dir='ltr'>tran--</span> 
     </span>
     <span class='ocr_line' id='line_1_55' title="bbox 1179 2829 2048 2885; baseline 0 -12"><span class='ocrx_word' id='word_1_344' title='bbox 1179 2832 1390 2885; x_wconf 88' lang='lat' dir='ltr'>scriptum</span> <span class='ocrx_word' id='word_1_345' title='bbox 1432 2841 1457 2871; x_wconf 89' lang='lat' dir='ltr'>a</span> <span class='ocrx_word' id='word_1_346' title='bbox 1487 2829 1631 2872; x_wconf 89' lang='lat' dir='ltr'>Plinio</span> <span class='ocrx_word' id='word_1_347' title='bbox 1669 2830 1809 2885; x_wconf 88' lang='lat' dir='ltr'>Epist.</span> <span class='ocrx_word' id='word_1_348' title='bbox 1854 2829 2048 2878; x_wconf 55' lang='lat' dir='ltr'>v11293</span> 
     </span>
     <span class='ocr_line' id='line_1_56' title="bbox 1179 2889 2049 2947; baseline 0 -14"><span class='ocrx_word' id='word_1_349' title='bbox 1179 2890 1280 2933; x_wconf 83' lang='lat' dir='ltr'>huic</span> <span class='ocrx_word' id='word_1_350' title='bbox 1321 2895 1493 2932; x_wconf 84' lang='lat' dir='ltr'>senatus</span> <span class='ocrx_word' id='word_1_351' title='bbox 1532 2890 1584 2932; x_wconf 82' lang='lat' dir='ltr'>ob</span> <span class='ocrx_word' id='word_1_352' title='bbox 1609 2889 1734 2943; x_wconf 75' lang='lat' dir='ltr'>fidem</span> <span class='ocrx_word' id='word_1_353' title='bbox 1767 2891 2049 2947; x_wconf 70' lang='lat' dir='ltr'>pietatemque</span> 
     </span>
     <span class='ocr_line' id='line_1_57' title="bbox 1180 2947 2048 3008; baseline 0.001 -16"><span class='ocrx_word' id='word_1_354' title='bbox 1180 2963 1287 3006; x_wconf 69' lang='lat' dir='ltr'>erpa</span> <span class='ocrx_word' id='word_1_355' title='bbox 1314 2956 1523 3006; x_wconf 80' lang='lat' dir='ltr'>patronos</span> <span class='ocrx_word' id='word_1_356' title='bbox 1544 2948 1800 3008; x_wconf 76' lang='lat' dir='ltr'>(Claudium</span> <span class='ocrx_word' id='word_1_357' title='bbox 1821 2956 1865 2995; x_wconf 88' lang='lat' dir='ltr'>et</span> <span class='ocrx_word' id='word_1_358' title='bbox 1883 2947 2048 3007; x_wconf 76' lang='lat' dir='ltr'>Agrip-</span> 
     </span>
     <span class='ocr_line' id='line_1_58' title="bbox 1179 3010 2046 3066; baseline 0.001 -15"><span class='ocrx_word' id='word_1_359' title='bbox 1179 3011 1348 3066; x_wconf 82' lang='lat' dir='ltr'>pinam)</span> <span class='ocrx_word' id='word_1_360' title='bbox 1402 3015 1659 3052; x_wconf 83' lang='lat' dir='ltr'>ornamenta</span> <span class='ocrx_word' id='word_1_361' title='bbox 1699 3011 1930 3066; x_wconf 73' lang='lat' dir='ltr'>praetoria</span> <span class='ocrx_word' id='word_1_362' title='bbox 1969 3010 2046 3052; x_wconf 75' lang='lat' dir='ltr'>dc-</span> 
     </span>
     <span class='ocr_line' id='line_1_59' title="bbox 1180 3069 2047 3124; baseline -0.002 -14"><span class='ocrx_word' id='word_1_363' title='bbox 1180 3070 1314 3110; x_wconf 82' lang='lat' dir='ltr'>crevit</span> <span class='ocrx_word' id='word_1_364' title='bbox 1361 3074 1401 3109; x_wconf 84' lang='lat' dir='ltr'>et</span> <span class='ocrx_word' id='word_1_365' title='bbox 1441 3069 1679 3111; x_wconf 81' lang='lat' dir='ltr'>sestertium</span> <span class='ocrx_word' id='word_1_366' title='bbox 1719 3071 1879 3113; x_wconf 79' lang='lat' dir='ltr'>centies</span> <span class='ocrx_word' id='word_1_367' title='bbox 1918 3070 2047 3124; x_wconf 78' lang='lat' dir='ltr'>quin-</span> 
     </span>
     <span class='ocr_line' id='line_1_60' title="bbox 1177 3127 2046 3184; baseline 0.005 -15"><span class='ocrx_word' id='word_1_368' title='bbox 1177 3128 1351 3183; x_wconf 74' lang='lat' dir='ltr'>quayies</span> <span class='ocrx_word' id='word_1_369' title='bbox 1361 3142 1376 3179; x_wconf 92' lang='lat'>‚·</span> <span class='ocrx_word' id='word_1_370' title='bbox 1399 3127 1517 3169; x_wconf 79' lang='lat' dir='ltr'>cuius</span> <span class='ocrx_word' id='word_1_371' title='bbox 1533 3127 1696 3172; x_wconf 72' lang='lat' dir='ltr'>honoro</span> <span class='ocrx_word' id='word_1_372' title='bbox 1713 3135 1933 3173; x_wconf 72' lang='lat' dir='ltr'>contentus</span> <span class='ocrx_word' id='word_1_373' title='bbox 1947 3128 2046 3184; x_wconf 73' lang='lat' dir='ltr'>fuit.</span> 
     </span>
     <span class='ocr_line' id='line_1_61' title="bbox 1177 3186 2048 3244; baseline 0.001 -14"><span class='ocrx_word' id='word_1_374' title='bbox 1177 3188 1362 3230; x_wconf 88' lang='lat' dir='ltr'>Senatus</span> <span class='ocrx_word' id='word_1_375' title='bbox 1405 3186 1654 3229; x_wconf 86' lang='lat' dir='ltr'>consultum</span> <span class='ocrx_word' id='word_1_376' title='bbox 1699 3195 1788 3233; x_wconf 84' lang='lat' dir='ltr'>tam</span> <span class='ocrx_word' id='word_1_377' title='bbox 1833 3189 2048 3244; x_wconf 73' lang='lat' dir='ltr'>copiosum</span> 
     </span>
     <span class='ocr_line' id='line_1_62' title="bbox 1174 3245 2045 3302; baseline 0.003 -14"><span class='ocrx_word' id='word_1_378' title='bbox 1174 3248 1259 3302; x_wconf 80' lang='lat' dir='ltr'>fuit</span> <span class='ocrx_word' id='word_1_379' title='bbox 1291 3252 1330 3288; x_wconf 90' lang='lat' dir='ltr'>et</span> <span class='ocrx_word' id='word_1_380' title='bbox 1364 3246 1541 3302; x_wconf 77' lang='lat' dir='ltr'>effusum</span> <span class='ocrx_word' id='word_1_381' title='bbox 1573 3245 1725 3301; x_wconf 74' lang='lat' dir='ltr'>(Plinii</span> <span class='ocrx_word' id='word_1_382' title='bbox 1757 3247 1892 3292; x_wconf 74' lang='lat' dir='ltr'>verbu</span> <span class='ocrx_word' id='word_1_383' title='bbox 1904 3247 2045 3302; x_wconf 75' lang='lat' dir='ltr'>Epist.</span> 
     </span>
     <span class='ocr_line' id='line_1_63' title="bbox 1180 3304 2047 3362; baseline -0.001 -14"><span class='ocrx_word' id='word_1_384' title='bbox 1180 3305 1278 3348; x_wconf 88' lang='lat' dir='ltr'>VIII</span> <span class='ocrx_word' id='word_1_385' title='bbox 1295 3306 1363 3362; x_wconf 88' lang='lat'>6),</span> <span class='ocrx_word' id='word_1_386' title='bbox 1395 3312 1442 3347; x_wconf 83' lang='lat' dir='ltr'>ut</span> <span class='ocrx_word' id='word_1_387' title='bbox 1456 3304 1530 3347; x_wconf 79' lang='lat' dir='ltr'>ille</span> <span class='ocrx_word' id='word_1_388' title='bbox 1552 3307 1871 3361; x_wconf 76' lang='lat' dir='ltr'>superbissimus</span> <span class='ocrx_word' id='word_1_389' title='bbox 1902 3305 2047 3351; x_wconf 66' lang='lat' dir='ltr'>titulus</span> 
     </span>
     <span class='ocr_line' id='line_1_64' title="bbox 1175 3365 2044 3419; baseline -0.003 -10"><span class='ocrx_word' id='word_1_390' title='bbox 1175 3365 1365 3409; x_wconf 77' lang='lat' dir='ltr'>modicus</span> <span class='ocrx_word' id='word_1_391' title='bbox 1411 3371 1536 3419; x_wconf 79' lang='lat' dir='ltr'>atque</span> <span class='ocrx_word' id='word_1_392' title='bbox 1579 3365 1708 3407; x_wconf 78' lang='lat' dir='ltr'>etiam</span> <span class='ocrx_word' id='word_1_393' title='bbox 1746 3367 1946 3409; x_wconf 72' lang='lat' dir='ltr'>dentissus</span> <span class='ocrx_word' id='word_1_394' title='bbox 1976 3366 2044 3408; x_wconf 71' lang='lat' dir='ltr'>vi-</span> 
     </span>
     <span class='ocr_line' id='line_1_65' title="bbox 1178 3422 2043 3482; baseline -0.003 -15"><span class='ocrx_word' id='word_1_395' title='bbox 1178 3426 1364 3468; x_wconf 81' lang='lat' dir='ltr'>deretur.</span> <span class='ocrx_word' id='word_1_396' title='bbox 1485 3438 1559 3466; x_wconf 82' lang='lat' dir='ltr'>aes</span> <span class='ocrx_word' id='word_1_397' title='bbox 1586 3425 1802 3479; x_wconf 75' lang='lat' dir='ltr'>publicum</span> <span class='ocrx_word' id='word_1_398' title='bbox 1833 3425 1937 3467; x_wconf 87' lang='lat' dir='ltr'>dicit</span> <span class='ocrx_word' id='word_1_399' title='bbox 1959 3422 2043 3482; x_wconf 75' lang='lat' dir='ltr'>Ta-</span> 
     </span>
     <span class='ocr_line' id='line_1_66' title="bbox 1179 3482 2043 3539; baseline -0.005 -13"><span class='ocrx_word' id='word_1_400' title='bbox 1179 3486 1289 3527; x_wconf 86' lang='lat' dir='ltr'>citus</span> <span class='ocrx_word' id='word_1_401' title='bbox 1330 3482 1447 3539; x_wconf 89' lang='lat' dir='ltr'>quod</span> <span class='ocrx_word' id='word_1_402' title='bbox 1497 3483 1675 3538; x_wconf 86' lang='lat' dir='ltr'>publice</span> <span class='ocrx_word' id='word_1_403' title='bbox 1727 3486 1947 3528; x_wconf 78' lang='lat' dir='ltr'>decretum</span> <span class='ocrx_word' id='word_1_404' title='bbox 2000 3486 2043 3523; x_wconf 82' lang='lat' dir='ltr'>et</span> 
     </span>
     <span class='ocr_line' id='line_1_67' title="bbox 1176 3540 2042 3599; baseline -0.007 -12"><span class='ocrx_word' id='word_1_405' title='bbox 1176 3545 1462 3599; x_wconf 85' lang='lat' dir='ltr'>propositum.</span> <span class='ocrx_word' id='word_1_406' title='bbox 1498 3544 1628 3597; x_wconf 72' lang='lat' dir='ltr'>fimum</span> <span class='ocrx_word' id='word_1_407' title='bbox 1649 3544 1851 3599; x_wconf 82' lang='lat' dir='ltr'>intellige</span> <span class='ocrx_word' id='word_1_408' title='bbox 1871 3540 1923 3583; x_wconf 83' lang='lat' dir='ltr'>ad</span> <span class='ocrx_word' id='word_1_409' title='bbox 1950 3547 2042 3583; x_wconf 83' lang='lat' dir='ltr'>sta-</span> 
     </span>
     <span class='ocr_line' id='line_1_68' title="bbox 1177 3599 2042 3649; baseline -0.002 -3"><span class='ocrx_word' id='word_1_410' title='bbox 1177 3611 1295 3649; x_wconf 83' lang='lat' dir='ltr'>tuam</span> <span class='ocrx_word' id='word_1_411' title='bbox 1326 3603 1552 3647; x_wconf 82' lang='lat' dir='ltr'>loricatam</span> <span class='ocrx_word' id='word_1_412' title='bbox 1584 3603 1674 3645; x_wconf 82' lang='lat' dir='ltr'>divi</span> <span class='ocrx_word' id='word_1_413' title='bbox 1702 3602 1827 3647; x_wconf 87' lang='lat' dir='ltr'>Iulii:</span> <span class='ocrx_word' id='word_1_414' title='bbox 1875 3599 2042 3646; x_wconf 82' lang='lat' dir='ltr'>Plinius</span> 
     </span>
     <span class='ocr_line' id='line_1_69' title="bbox 1177 3660 1687 3720; baseline -0.012 -12"><span class='ocrx_word' id='word_1_415' title='bbox 1177 3662 1314 3720; x_wconf 86' lang='lat' dir='ltr'>Epist.</span> <span class='ocrx_word' id='word_1_416' title='bbox 1352 3660 1448 3708; x_wconf 84' lang='lat' dir='ltr'>VIII</span> <span class='ocrx_word' id='word_1_417' title='bbox 1478 3661 1507 3706; x_wconf 85' lang='lat'>6</span> <span class='ocrx_word' id='word_1_418' title='bbox 1539 3662 1583 3713; x_wconf 81' lang='lat'>§.</span> <span class='ocrx_word' id='word_1_419' title='bbox 1621 3662 1687 3704; x_wconf 85' lang='lat'>13.</span> 
     </span>
    </p>
   </div>
  </div>
 </body>
</html>
