2280 4004
262 303 288 332 a
320 291 367 333 G.
401 292 472 336 66.
860 291 1025 335 LIBER
1055 292 1171 335 xvl.
1235 292 1340 335 CAP.
1376 294 1566 338 21—22.
2002 298 2088 337 333

263 434 608 486 adversarium
649 433 969 498 ostenderet,
1032 434 1250 484 triennio
1287 448 1390 484 non
1429 434 1669 505 introisse
1716 434 1937 498 curiam3
1987 451 2086 486 nu-

262 525 595 590 perrimeque,
643 539 753 574 cum
791 524 854 574 ad
896 525 1213 576 coercendos
1251 525 1471 577 Silanum
1512 530 1560 575 et
1585 527 1817 576 Veterem
1858 527 2092 577 certatim

264 619 681 677 concurreretur,
742 615 951 679 privatis
1005 615 1168 679 potius
1228 614 1483 665 clientium
1531 617 1754 682 negotiis
1804 616 2088 668 vacavisse.

262 704 618 756 Secessionem
656 705 754 754 iam
792 704 841 754 id
882 709 931 755 et
970 710 1135 769 partes
1175 710 1240 769 et,
1278 705 1322 755 si
1360 705 1492 756 idem
1530 706 1668 755 multi
1707 706 1942 771 audeant,
1981 706 2094 757 bel-

266 794 365 845 lum
407 809 538 845 esse.
605 793 689 845 ‘Ut
736 795 988 859 quondam
1028 794 1203 845 Gaium
1244 795 1530 847 Caesarem’
1568 797 1729 862 inquit
1768 793 1837 848 ‘et
1870 798 2131 848 Marcums

264 886 524 950 Catonem,
568 886 635 936 ita
674 900 809 936 nunc
844 891 910 950 te,
940 886 1093 950 Ner0,
1128 886 1499 952 Thraseamque
1536 887 1683 938 avida
1724 888 2094 941 discordiarum

271 977 449 1027 civitas
487 977 722 1042 loquitur.
797 977 859 1027 Et
894 976 1044 1027 habet
1080 982 1361 1029 sectatores
1396 978 1475 1028 vel
1507 979 1673 1043 potius
1714 979 1972 1043 satelliteS,
2013 978 2095 1045 qui

263 1068 490 1128 nondum
551 1067 917 1118 contumaciam
963 1068 1325 1119 sententiarum
1364 1059 1473 1119 ¹‘sed
1530 1069 1749 1119 habitum
1808 1069 2096 1135 vultumque

269 1159 376 1209 eius
399 1163 674 1222 sectantur,
716 1158 872 1224 rigidi
908 1163 957 1209 et
995 1159 1182 1223 tristeS,
1223 1174 1321 1225 quo
1353 1160 1443 1210 tibi
1481 1160 1740 1211 lasciviam
1768 1138 2090 1227 exprobrent.

259 1249 388 1300 Huic
423 1249 511 1299 uni
550 1248 868 1300 incolumitas
909 1254 992 1299 tua
1035 1250 1145 1300 sine
1183 1265 1320 1314 cura,
1367 1256 1502 1302 artes
1530 1253 1640 1302 sine
1678 1253 1888 1303 honore.
1962 1253 2090 1303 Pro-
2113 1272 2159 1307 io

261 1355 437 1406 speras
492 1340 733 1405 principis
781 1354 865 1390 res
921 1340 1138 1405 spernit:
1196 1341 1412 1392 etiamne
1463 1342 1679 1392 luctibus
1729 1348 1777 1392 et
1823 1343 2084 1394 doloribus

262 1446 364 1481 non
401 1430 648 1481 satiatur?
701 1430 940 1480 Eiusdem
964 1430 1116 1480 animi
1139 1435 1216 1481 est
1238 1431 1518 1496 Poppaeam
1550 1433 1715 1483 divam
1736 1448 1837 1482 non
1866 1433 2095 1497 credere,

264 1522 406 1573 cuius
457 1522 509 1571 in
560 1526 671 1572 acta
721 1521 824 1571 divi
861 1522 1078 1588 Augusti
1118 1526 1167 1572 et
1201 1522 1303 1572 divi
1343 1523 1454 1573 Iulii
1493 1538 1596 1574 non
1636 1524 1820 1575 iurare.
1898 1523 2100 1589 Spernit

264 1613 561 1679 religioneS,
599 1613 816 1678 abrogat
854 1612 1012 1679 leges.
1075 1612 1264 1663 Diurna
1303 1613 1472 1678 populi
1507 1615 1719 1665 Romani
1754 1630 1845 1679 per
1879 1615 2093 1680 provin-

270 1703 392 1768 cias,
432 1718 524 1768 per
563 1703 816 1754 exercitus
855 1703 1077 1753 curatius
1101 1703 1353 1770 leguntur,
1391 1710 1444 1754 ut
1469 1710 1710 1755 noscatur
1735 1705 1851 1771 quid
1876 1704 2160 1758 Thraseam

1295 1830 1337 1872 3.
1382 1831 1606 1872 uocauisse
1652 1829 1732 1873 Ma.
1829 1831 1895 1872 -5,
1931 1831 1980 1872 G.
2015 1829 2094 1872 Ma.

937 1888 978 1930 6.
1023 1888 1168 1930 tenebo
1202 1887 1293 1928 Ma:
1336 1896 1374 1930 te
1416 1904 1520 1930 nero
1570 1890 1618 1931 G.

382 1830 421 1869 1.
454 1829 671 1870 introisset
700 1826 792 1870 Ma:
826 1827 1008 1870 emend.
1047 1829 1091 1869 in
1125 1827 1172 1870 G.

261 1902 343 1930 ees.
369 1886 450 1929 Ma.
596 1888 657 1929 M.
703 1886 782 1929 Ma.
1786 1889 2097 1944 Thraseamque

263 1947 427 1989 editor:
461 1946 527 1988 Ma
559 1946 789 1999 fflraseam,
822 1945 856 1987 G
894 1946 1096 1999 Thrasea,
1131 1946 1396 1989 Puteolanus
1428 1957 1466 1990 et
1491 1949 1735 1990 Thraseam.
1819 1948 1861 1990 8.
1893 1948 1992 1990 volt.
2021 1949 2094 1991 Or.

263 2006 304 2050 9.
343 2006 453 2061 quod
481 2006 542 2047 ibi
570 2004 659 2047 Ma:
694 2005 863 2048 emend.
898 2005 1150 2048 Rhenanus.

1082 2067 1147 2107 11.
1181 2068 1394 2121 respernit
1425 2065 1514 2118 Ma,
1557 2082 1625 2109 res
1657 2067 1818 2123 spernit
1852 2066 1899 2108 G.
2025 2069 2093 2111 12.

682 2125 749 2167 13.
783 2123 893 2178 Any.
931 2137 1027 2164 cum
1061 2123 1138 2166 lin.
1176 2123 1254 2166 Ma.

754 2183 787 2223 P
815 2185 856 2224 R
888 2195 986 2224 cum
1018 2183 1094 2226 lin.
1130 2182 1208 2226 Ma.

262 2067 354 2108 sine
386 2072 516 2118 artes,
552 2067 687 2107 ceteri
722 2067 815 2106 sine
847 2073 955 2106 arte.

260 2139 467 2181 poppeam
506 2122 584 2166 Ma.

264 2191 506 2226 correctum
537 2184 582 2225 in
616 2183 663 2225 G.

365 2299 554 2340 iuvantis
607 2297 790 2339 Cilicum
846 2297 1034 2352 le9atos2
1089 2311 1131 2339 v.

257 2357 357 2400 XIII
389 2359 462 2401 33.

349 2415 455 2471 Cap.
488 2419 559 2461 22.
610 2417 748 2457 vitare
785 2415 1014 2456 Thraseam
1044 2414 1133 2456 sol-

258 2477 395 2519 lemne
415 2477 480 2517 ius
496 2475 752 2517 iurandum.-
788 2474 829 2516 h.
850 2488 889 2517 e.
914 2474 1134 2516 abstinere

258 2550 283 2577 a
316 2534 502 2576 consilio
533 2540 709 2576 senatus
735 2546 787 2575 eo
822 2539 1019 2588 tempore
1052 2533 1134 2574 ha-

257 2595 352 2636 beri
391 2594 540 2635 solito.
603 2594 854 2636 Habebatur
898 2599 1042 2634 autem
1076 2593 1135 2634 ΙΙΙ

257 2666 394 2695 nonas
454 2653 689 2694 Ianuarias.
757 2651 854 2694 vid.
913 2651 1133 2694 Plutarch.

259 2713 351 2755 cic.
386 2726 423 2754 c.
451 2715 504 2757 2·
537 2715 761 2769 τεχθῆναι
800 2712 848 2755 δὲ
881 2716 1135 2770 Κικέρωνα

257 2773 717 2842 λέγουσιν-ημέρᾳ
741 2775 868 2829 mim
892 2775 984 2814 τῶν
1013 2775 1133 2816 νέων

257 2831 529 2882 καλανδῶν,
581 2834 632 2875 ἐν
663 2848 685 2883 ν
723 2832 806 2872 νῦν
839 2831 884 2873 οἱ
916 2830 1138 2887 ἄρχοντες

259 2889 481 2946 εὔχονται
529 2894 605 2933 καὶ
651 2890 857 2934 θύουσιν
903 2889 1017 2945 ὑπὲρ
1054 2892 1134 2931 τοῦ

262 2949 502 3017 ἡγεμόνος.
566 2948 611 2991 Si
666 2947 822 2988 absens
871 2953 962 2988 erat
1010 2937 1133 3001 prin-

259 3021 388 3063 ceps,
436 3009 530 3062 ipse
563 3019 640 3062 per
672 3005 900 3060 epistolam
937 3008 981 3047 in
1016 3006 1134 3048 curia

258 3067 524 3109 recitandam
585 3066 817 3108 sollemnia
879 3066 1132 3119 incipientis

258 3128 359 3168 anni
393 3127 618 3180 apprecari
649 3124 842 3166 solebat.
876 3123 932 3165 lv
969 3125 1037 3167 70.
1084 3124 1130 3165 In

258 3187 498 3240 provinciis
553 3184 755 3240 legiones
807 3195 922 3225 novo
982 3196 1127 3224 sacra--

258 3251 406 3291 mento
437 3256 515 3298 pro
548 3244 810 3297 imperatore
836 3242 1034 3283 kalendis
1059 3243 1131 3283 la-

258 3305 421 3344 nuariis
456 3302 764 3358 adigebantur:
798 3301 848 3342 H.
882 3300 992 3343 155.
1045 3302 1130 3343 Res

259 3363 453 3416 profecta
496 3367 562 3403 est
604 3374 627 3401 a
664 3361 903 3401 triumviris
946 3361 989 3400 in
1036 3366 1131 3401 acta

259 3422 348 3463 divi
380 3419 477 3462 Iulii
510 3420 752 3461 iurantibus
785 3425 827 3460 et
858 3418 967 3460 alios
999 3430 1131 3460 sena..

258 3486 376 3522 tores
427 3485 474 3520 ut
535 3479 728 3520 iurarent
776 3477 1131 3531 impellentibus;

259 3537 607 3582 DioxLV1128:
641 3539 692 3583 ἔν
714 3550 759 3580 τε
785 3534 878 3593 γὰρ
904 3537 1129 3609 τῇπρώιῃ

260 3601 340 3643 τοῦ
363 3601 492 3646 ὲτους
521 3596 674 3670 ἡμέρα
708 3554 841 3640 adiel
861 3608 904 3638 τε
937 3595 1132 3653 ὤμοσαν

260 3662 338 3702 καὶ
374 3659 481 3706 τοῦς
509 3654 671 3705 ἄλλους
701 3653 932 3716 ὥρκωσαν
970 3660 1131 3713 βέβαια

1269 2008 1335 2050 10.
1370 2009 1462 2048 sine
1495 2022 1615 2061 cura,
1649 2015 1765 2048 artes
1795 2006 1994 2060 Lipsius:
2026 2007 2096 2050 Ma

1361 2126 1441 2167 iuli
1472 2124 1549 2167 Ma.
1676 2127 1744 2168 14.
1779 2125 1967 2181 leqiones
1998 2125 2095 2168 Ma:

1220 2305 1405 2357 νομιεῖν
1435 2298 1591 2342 πάντα
1622 2294 1675 2341 τὰ
1712 2299 1785 2342 ὑπ’
1818 2298 1999 2343 ἐκείνου
2016 2314 2096 2357 γε-

1220 2359 1413 2416 νόμενα.
1455 2358 1538 2399 Dio
1567 2357 1653 2399 LIX
1675 2359 1747 2401 24.
1867 2373 2096 2414 nuncupa..

1220 2418 1402 2459 tionibus
1432 2424 1623 2458 votorum
1641 2431 1729 2457 non
1751 2417 1912 2468 adesse,
1945 2432 2096 2472 quam-

1218 2477 1555 2532 vispraeditum:
1571 2477 1918 2530 nuncupationes
1933 2478 2095 2531 quippe

1219 2537 1394 2577 nonnisi
1413 2549 1437 2577 a
1470 2535 1771 2576 sacerdotibus
1789 2536 2096 2590 suscipieban-

1220 2601 1313 2648 tur3
1358 2608 1399 2637 v.
1433 2595 1491 2635 IV
1528 2595 1595 2637 17.
1659 2595 1838 2637 Sueton.
1888 2595 1987 2637 Ner.
2021 2595 2093 2638 46.

1308 2661 1371 2707 te,
1414 2654 1555 2705 Nero,
1610 2653 1947 2708 Thraseamque:
1999 2666 2093 2695 cum

1220 2718 1295 2754 aut
1326 2727 1403 2767 que
1432 2712 1688 2767 particulam
1722 2719 1819 2768 post
1867 2713 2095 2754 Thraseam

1219 2778 1293 2813 aut
1335 2780 1373 2813 et
1420 2779 1522 2813 ante
1563 2773 1605 2812 in
1652 2771 1718 2813 Ma
1760 2772 1946 2813 deletam
1997 2785 2094 2814 esse

1219 2837 1439 2884 appareat,
1475 2843 1558 2886 ego
1591 2832 1708 2884 prius
1740 2831 1977 2872 remedium
2013 2830 2093 2872 ad-

1220 2889 1367 2942 hibui,
1418 2895 1515 2944 post
1571 2891 1733 2931 Gaium.
1775 2891 2005 2931 Caesarem
2056 2897 2094 2932 et

1220 2949 1417 2990 Marcum
1448 2949 1653 2990 Catonem
1683 2951 1821 3005 magis
1855 2955 2092 2990 consenta-

1217 3020 1345 3048 neum
1386 3013 1598 3062 perpetuo
1621 3009 1876 3050 variationis
1895 3009 2090 3049 amatori.

1218 3066 1421 3108 Ueterum
1468 3073 1514 3106 ut
1559 3081 1635 3120 que
1683 3067 1815 3108 facile
1868 3067 2091 3108 absorberi

1217 3128 1356 3178 potuit
1387 3132 1486 3166 ante
1519 3138 1616 3167 voc.
1651 3126 1794 3177 avida,
1828 3126 1890 3166 sic
1917 3133 1954 3166 et
1977 3137 2090 3181 quo-

1218 3197 1302 3238 que
1334 3190 1433 3226 ante
1466 3196 1625 3225 nomen
1658 3186 1874 3237 incipiens
1907 3197 1931 3225 a
1966 3192 1980 3225 t
2013 3184 2090 3225 lit-

1217 3249 1323 3284 tera.
1433 3249 1663 3284 sectatores
1692 3243 1758 3283 vel
1787 3244 1924 3297 potius
1955 3242 2089 3284 satel-

1217 3301 1335 3343 lites:
1367 3308 1628 3342 sectatorum
1652 3314 1806 3342 nomen
1843 3314 1937 3342 cum
1962 3302 2089 3342 nimis

1217 3360 1458 3402 honorifice
1491 3361 1574 3402 dici
1610 3361 1662 3402 de
1695 3362 1844 3402 amicis
1875 3359 2089 3402 Thraseae

1218 3418 1500 3460 Cossutianus
1519 3433 1565 3461 sc
1582 3419 1759 3461 credere
1779 3419 2088 3472 simulavisset,

1216 3480 1312 3532 ipse
1344 3491 1391 3519 se
1432 3480 1656 3534 corrigens
1698 3478 1844 3519 intulit
1884 3478 2088 3520 satellites

1219 3538 1606 3594 (Leibtrabanten),
1621 3544 1666 3577 ut
1684 3538 1857 3578 nomine
1870 3537 2088 3580 invidioso

1216 3603 1374 3638 metum
1406 3597 1567 3638 Neroni
1600 3599 1830 3638 incuteret.

1304 3656 1574 3698 incolumitas
1605 3664 1679 3699 tua
1707 3657 1797 3699 sine
1821 3668 1943 3710 eura,
1972 3662 2088 3699 artes
