2280 4004
241 277 331 320 2118
1014 268 1306 313 ANNALIVM
1818 283 1858 314 a.
1890 280 1934 314 u.
1966 265 2067 315 776.

240 423 416 487 Neque
454 420 626 486 dispar
662 417 792 484 apud
832 416 967 469 Coos
1011 416 1299 483 antiquitas,
1342 421 1392 468 et
1427 415 1708 468 accedebat
1739 416 1970 468 meritum
2007 432 2071 469 ex

241 514 384 565 loco:
422 527 538 562 nam
581 511 720 560 cives
760 510 1019 561 Romanos
1055 508 1241 575 templo
1268 508 1562 575 Aesculapii
1598 507 1918 573 induxerant,
1957 523 2071 560 cum

243 605 386 656 iussu
433 602 574 668 regis
608 600 908 652 Mithridatis
956 599 1346 668 apudthcunctas
1383 600 1542 651 Asiae
1586 599 1776 651 insulas
1827 604 1876 650 et
1917 599 2071 651 urbes

243 694 636 746 trucidarentur.
745 691 912 743 Variis
963 672 1151 743 dehinc
1206 696 1256 742 et
1301 691 1504 758 saepius
1561 691 1728 743 inritis
1783 695 2072 757 praetorum

173 785 522 871 squestibus,
558 789 816 850 postremo
842 784 1034 836 Caesar
1074 783 1137 835 dc
1168 783 1487 835 immodestia
1521 783 1822 835 histrionum
1857 782 2072 834 rettulit:

0 861 157 912 ΔΝΜ
188 906 189 915 =
243 878 398 930 multa
427 877 489 928 ab
528 876 590 927 iis
627 878 679 926 in
714 876 970 942 publicum
1006 875 1269 940 seditiose,
1297 875 1448 927 foeda
1484 891 1576 942 per
1613 875 1791 926 domos
1815 873 2073 940 temptari3

246 971 432 1022 Oscum
475 968 730 1034 quondam
766 968 1040 1032 ludicrum,
1089 967 1380 1030 levissimae
1428 967 1558 1034 apud
1605 967 1809 1034 vulgum
1846 965 2076 1018 oblecta-

244 1060 417 1123 tioniS,
461 1074 523 1110 eo
561 1059 868 1126 flagitiorum
907 1064 956 1110 et
991 1059 1174 1110 virium
1212 1059 1418 1110 venisse
1456 1063 1510 1109 ut
1545 1058 1845 1110 auctoritate
1882 1061 2076 1124 patrum

249 1150 592 1202 coercendum
630 1151 709 1202 sit.
783 1150 1058 1226 PQum
1094 1150 1567 1227 hiQELQSRAEQEQ·

187 1253 235 1289 ιο
390 1242 526 1293 Idem
566 1256 727 1292 annus
765 1242 864 1292 alio
904 1221 1278 1308 quo'ffiiffiuetu
1315 1243 1587 1294 Caesarem
1626 1242 1826 1306 adficit,
1865 1235 2076 1293 alterum
2096 1247 2163 1298 15

249 1350 313 1384 ex
364 1333 581 1400 geminis
615 1334 768 1384 Drusi
816 1333 991 1385 liberis
1046 1334 1419 1401 extInguendO,
1482 1348 1647 1400 neque
1700 1333 1865 1384 minus
1914 1336 2078 1384 morte

249 1425 415 1476 amici.
490 1426 537 1476 Is
570 1425 661 1476 suit
683 1425 904 1476 Lucilius
931 1427 1154 1493 LonguS,
1195 1426 1415 1476 omnium
1454 1425 1526 1476 illi
1552 1425 1768 1476 tristium
1802 1424 2082 1476 laetorum-

250 1530 347 1581 que
388 1516 588 1580 sociuS,
648 1531 879 1582 unusque
927 1533 955 1568 e
998 1517 1319 1568 senatoribus
1369 1516 1851 1590 RQfflsecessus
1890 1529 2079 1566 comes.

250 1607 340 1670 Ita,
384 1621 682 1672 quamquam
720 1622 855 1658 novo
893 1607 1110 1672 homini,
1154 1607 1443 1659 censorium
1480 1607 1647 1673 funUS,
1691 1607 1912 1676 effigiem
1949 1607 2081 1674 apud

188 1704 235 1741 ¹⁵
251 1698 416 1751 smum
460 1698 677 1764 Augusti
716 1699 916 1765 publica
955 1700 1171 1766 pecunia
1210 1705 1379 1766 patres
1420 1700 1729 1764 decrevere,
1785 1699 1917 1766 apud
1954 1713 2081 1765 quos

251 1790 505 1840 etiamtum
547 1795 726 1842 cuncta
770 1791 1144 1854 tractabantur,
1193 1791 1322 1842 adeo
1361 1796 1415 1841 ut
1451 1795 1769 1875 procurator
1779 1790 1946 1869 Asiae
1980 1790 2084 1841 Lu-

253 1880 398 1931 cilius
438 1881 613 1948 Capito
649 1888 923 1934 accusante
961 1883 1227 1949 provincia
1266 1898 1471 1934 causam
1509 1883 1708 1948 dixerit,
1749 1897 1931 1951 magna
1970 1898 2080 1935 cum

253 1974 645 2028 adseveratione
681 1975 927 2041 principis
957 1990 1061 2026 non
1099 1991 1157 2027 se
1184 1975 1260 2027 ius
1300 1975 1397 2027 nisi
1433 1975 1484 2026 in
1512 1975 1721 2027 servitia
1757 1979 1807 2026 et
1839 1975 2082 2042 pecunias

372 2123 413 2164 5.
449 2128 611 2176 quaest.
637 2120 691 2162 M.
753 2122 857 2163 inm.
878 2121 932 2163 M.
995 2122 1035 2163 7.
1071 2134 1116 2161 os
1150 2135 1243 2163 cum
1278 2121 1328 2164 M.
1396 2121 1603 2164 levissime
1629 2123 1684 2166 Μ.

251 2181 518 2235 supplevere
540 2179 759 2222 Victorius
794 2187 837 2222 et
869 2180 1056 2235 LipsiuS.
1149 2180 1191 2223 9.
1227 2180 1324 2222 dum
1354 2181 1409 2224 M.

252 2248 355 2296 aput
373 2240 425 2283 M.
496 2241 562 2283 17.
597 2240 767 2282 dia-erat
785 2240 839 2282 M.
908 2240 976 2282 18.
1005 2240 1192 2296 pecunia
1223 2240 1277 2282 M.

1761 2124 1804 2165 8.
1837 2129 1885 2165 ut
1915 2135 1985 2164 om
2018 2124 2082 2167 Mt

1494 2182 1561 2226 10.
1596 2183 1742 2226 malim
1771 2182 1948 2240 adfecit.
2015 2184 2082 2230 15.

253 2364 514 2416 pronomine
547 2362 751 2404 relativo.
811 2362 949 2404 Unum
977 2377 1129 2405 exem-

254 2422 373 2476 plum
409 2434 494 2476 quo
520 2421 681 2475 duplex
711 2434 951 2476 pronomen
972 2424 1131 2464 ascivit

257 2487 324 2523 est
357 2480 413 2520 Vl
443 2480 500 2532 8,
534 2494 637 2522 nam
666 2495 719 2522 ea
755 2488 1013 2537 tempestate,
1048 2496 1131 2538 qua

257 2541 410 2581 Seiani
442 2541 678 2581 amicitiam
699 2541 832 2581 ceteri
861 2541 974 2596 salso
998 2556 1130 2583 exue-

256 2606 383 2648 rant,
435 2611 562 2638 ausus
606 2606 693 2649 est,
756 2612 843 2639 non
890 2605 1033 2641 tamen
1088 2602 1130 2641 in

259 2658 486 2698 enuntiato
508 2657 784 2709 secundario,
807 2659 937 2712 quale
959 2666 1025 2700 est
1048 2659 1131 2700 hoc

259 2721 479 2766 nostrum,
524 2715 600 2756 sed
646 2717 689 2756 in
730 2718 976 2759 sententiae
1017 2718 1132 2760 haud

259 2775 491 2830 pendentis
524 2775 667 2816 initio.

349 2849 443 2875 cum
497 2835 614 2875 iussu
667 2835 781 2889 repis
838 2836 1128 2878 Mithridatist

259 2907 301 2934 v.
340 2892 538 2933 Velleius
572 2893 609 2933 11
646 2893 713 2945 18,
741 2894 890 2936 Livius
911 2895 1026 2950 Epit.
1059 2896 1129 2939 78.

259 2952 484 3006 Appianus
518 2952 823 2994 Mithridaticis
855 2957 914 2997 22
946 2961 989 2996 et
1021 2958 1092 2999 23.

349 3010 480 3066 foeda
511 3025 592 3066 per
635 3011 802 3053 domos.-
841 3020 940 3053 sunt
979 3015 1130 3056 domus

261 3069 524 3112 familiarum
558 3069 815 3124 illustrium
850 3072 907 3114 cf.
943 3073 995 3114 ad
1022 3073 1127 3115 173.

351 3129 506 3170 Oscum
536 3130 748 3184 quondam
779 3130 1016 3173 ludicrum:
1058 3132 1129 3173 lu-

262 3186 426 3230 dicrum
450 3188 503 3230 ab
523 3187 647 3231 Oscis
667 3189 855 3232 Atellam
868 3189 1131 3246 Campaniae

263 3248 412 3293 urbem
440 3248 735 3290 incolentibus
758 3249 861 3291 olim
885 3263 908 3291 a
928 3250 1132 3293 Romanis

262 3313 491 3364 acceptum
552 3311 760 3363 temporis
823 3309 1008 3351 decursu
1075 3312 1130 3352 ita

263 3367 532 3406 immutatum
567 3373 646 3419 est,
681 3374 727 3408 ut
760 3374 904 3410 aetate
934 3369 1132 3412 Caesaris

261 3425 448 3479 Augusti
476 3428 837 3478 pantotnimorum
871 3441 938 3469 ars
973 3436 1015 3469 et
1051 3429 1132 3470 de-

264 3482 394 3524 liciae
427 3483 528 3524 inde
564 3486 796 3528 orirzentm
840 3485 907 3528 Cf.
932 3488 984 3529 ad
1018 3488 1033 3529 Ι
1059 3489 1129 3531 ι4.

263 3540 418 3583 Errant
436 3543 509 3597 qui
533 3542 702 3584 tabulas
723 3545 948 3597 Atellanas
968 3547 1130 3589 Romae

265 3595 401 3639 editas
440 3599 595 3655 lingua
645 3600 754 3644 Osca
805 3606 988 3661 scriptas
1033 3620 1130 3650 esse

265 3655 472 3712 credunt,
515 3660 740 3703 Strabonis
773 3663 870 3705 loco
903 3677 1129 3719 perperam

1214 2363 1444 2405 intellecto
1478 2363 1667 2419 decepti.
1732 2364 1813 2407 llle
1851 2366 2013 2421 quippe
2047 2367 2084 2408 V
2123 2371 2131 2415 l

1214 2424 1241 2465 3
1281 2423 1309 2465 6
1344 2435 1444 2479 pag
1489 2424 1604 2466 233:
1646 2423 1771 2467 ἴδιον
1817 2424 1869 2469 δέ
1903 2440 1947 2467 τι
1989 2434 2087 2476 τοῖς

1207 2482 1399 2531 Ὃσκοις
1440 2487 1519 2525 καὶ,
1570 2498 1629 2538 τῳ
1687 2483 1780 2527 τῶν
1826 2479 2129 2529 ..idaeum

1217 2542 1345 2586 ἔθνει
1396 2545 1668 2599 συμβέβηκε·
1717 2546 1811 2587 τῶν
1849 2543 1942 2616 μὲν
1988 2543 2084 2601 γὰρ

1208 2601 1388 2643 Ὄσκων
1421 2600 1751 2645 ἐκλελοιπότωι
1784 2602 1808 2655 ἡ
1844 2599 2086 2652 διάλεκτος

1218 2659 1454 2714 (intelligit
1486 2659 1680 2716 linguam
1713 2660 1908 2703 Latinam
1946 2668 2113 2732 voca-3¹

1215 2718 1330 2759 bulis
1382 2718 1506 2760 Oscis
1562 2719 1818 2775 quibusdam
1881 2721 2113 2778 mixtam)

1213 2780 1349 2837 ιιένει
1381 2773 1515 2835 παρὰ
1551 2787 1648 2827 τοῖς
1673 2779 1943 2838 Ῥωιιαίοις,
1965 2762 2117 2824 (ὅσιεὶ

1215 2841 1293 2880 καὶ
1306 2837 1549 2896 noctium«
1565 2844 1957 2895 σκηνοβαιεῖσθαι
1968 2840 2082 2884 κατά

1217 2913 1322 2941 τινα
1366 2895 1534 2952 ἆγῶια
1578 2897 1781 2957 πάτριον
1818 2903 1895 2943 καὶ
1935 2915 2091 2960 μιμο-

1217 2958 1483 3012 λογεῒσθαι.
2089 2934 2129 3017 J

1301 3015 1404 3070 Cap.
1442 3017 1509 3058 15.
1574 3015 1744 3069 adficit:
1779 3028 1984 3070 praesens
2013 3016 2086 3058 hi·-

1216 3075 1422 3115 storicum
1456 3075 1497 3115 in
1532 3073 1616 3115 hoc
1648 3080 1799 3117 tenore
1823 3076 2085 3117 narrationis

1217 3133 1392 3174 minime
1413 3134 1681 3189 assurgentis
1707 3147 1791 3174 non
1809 3135 1913 3175 satis
1937 3140 2084 3190 aptum

1216 3192 1402 3234 videtur.
1469 3193 1540 3234 Sic
1573 3198 1673 3234 ante
1707 3198 1773 3234 est
1795 3195 1898 3250 (14)
1921 3194 1958 3235 is
1979 3208 2085 3250 quo-

1218 3266 1295 3306 que
1317 3265 1457 3292 aureus
1482 3278 1536 3283 --
1570 3251 1729 3304 habuit,
1765 3258 1809 3294 et
1829 3252 1961 3307 paulo
1987 3259 2086 3308 post

1219 3310 1321 3367 (16)
1356 3311 1429 3352 sub
1461 3311 1572 3353 idem
1610 3318 1767 3367 tempus
1799 3339 1855 3346 -—
1888 3312 2084 3354 disseram

1219 3370 1399 3411 Caesar.
1470 3370 1575 3412 Inde
1629 3372 1758 3412 etiam
1816 3371 1887 3412 hic
1946 3371 2083 3412 fuisse

1217 3429 1376 3484 adfecit
1427 3443 1450 3470 a
1501 3429 1593 3471 veri
1655 3429 1939 3471 similitudine
1995 3439 2083 3469 non

1218 3487 1436 3531 abhorret.
1569 3489 1752 3531 alterum
1802 3502 1855 3529 esc
1902 3488 2082 3542 qeminis

1218 3547 1352 3589 Drusi
1382 3547 1552 3590 liberis:
1596 3548 1652 3589 cf.
1683 3548 1736 3588 ad
1766 3546 1804 3587 lt
1835 3544 1907 3588 84.

1308 3608 1547 3649 censo-rium
1567 3610 1719 3663 funus:
1752 3611 1818 3647 est
1834 3604 1964 3646 funus
1980 3604 2079 3649 duci

1213 3664 1390 3708 solitum
1425 3667 1487 3708 eis
1520 3667 1593 3722 qui
1631 3665 1808 3710 summis
1840 3663 2081 3708 honoribus
