<?xml version="1.0" encoding="UTF-8"?>
<!DOCTYPE html PUBLIC "-//W3C//DTD XHTML 1.0 Transitional//EN"
    "http://www.w3.org/TR/xhtml1/DTD/xhtml1-transitional.dtd">
<html xmlns="http://www.w3.org/1999/xhtml" xml:lang="en" lang="en">
 <head>
  <title>
</title>
<meta http-equiv="Content-Type" content="text/html;charset=utf-8" />
  <meta name='ocr-system' content='tesseract 3.04.00' />
  <meta name='ocr-capabilities' content='ocr_page ocr_carea ocr_par ocr_line ocrx_word'/>
</head>
<body>
  <div class='ocr_page' id='page_1' title='image "./operaadcodicesan01taciuoft_0796.png"; bbox 0 0 2280 4004; ppageno 0'>
   <div class='ocr_carea' id='block_1_1' title="bbox 673 934 1673 1001">
    <p class='ocr_par' dir='ltr' id='par_1_1' title="bbox 673 934 1673 1001">
     <span class='ocr_line' id='line_1_1' title="bbox 673 934 1673 1001; baseline 0.005 -8"><span class='ocrx_word' id='word_1_1' title='bbox 673 934 1260 998; x_wconf 89' lang='lat' dir='ltr'><strong>ADDITAMENTVM</strong></span> <span class='ocrx_word' id='word_1_2' title='bbox 1308 938 1407 997; x_wconf 89' lang='lat' dir='ltr'>AD</span> <span class='ocrx_word' id='word_1_3' title='bbox 1450 939 1528 998; x_wconf 93' lang='lat' dir='ltr'>XI</span> <span class='ocrx_word' id='word_1_4' title='bbox 1573 936 1673 1001; x_wconf 72' lang='grc'>24.</span> 
     </span>
    </p>
   </div>
   <div class='ocr_carea' id='block_1_2' title="bbox 263 1095 2093 1305">
    <p class='ocr_par' dir='ltr' id='par_1_2' title="bbox 263 1095 2093 1305">
     <span class='ocr_line' id='line_1_2' title="bbox 263 1095 2093 1170; baseline 0.006 -23"><span class='ocrx_word' id='word_1_5' title='bbox 263 1095 539 1149; x_wconf 75' lang='lat' dir='ltr'><strong>CLAVDH</strong></span> <span class='ocrx_word' id='word_1_6' title='bbox 561 1099 1030 1155; x_wconf 80' lang='lat' dir='ltr'><strong>IMPERATOR-IS</strong></span> <span class='ocrx_word' id='word_1_7' title='bbox 1053 1103 1420 1157; x_wconf 81' lang='lat' dir='ltr'><strong>ORATIONIS</strong></span> <span class='ocrx_word' id='word_1_8' title='bbox 1442 1107 1627 1170; x_wconf 79' lang='lat' dir='ltr'><strong>QVAE</strong></span> <span class='ocrx_word' id='word_1_9' title='bbox 1649 1106 2093 1169; x_wconf 75' lang='lat' dir='ltr'><strong>SVPERSVNT2.</strong></span> 
     </span>
     <span class='ocr_line' id='line_1_3' title="bbox 1015 1252 1347 1305; baseline 0 -1"><span class='ocrx_word' id='word_1_10' title='bbox 1015 1252 1273 1305; x_wconf 84' lang='lat' dir='ltr'><strong>TABVLA</strong></span> <span class='ocrx_word' id='word_1_11' title='bbox 1312 1254 1347 1305; x_wconf 93' lang='lat'>1.</span> 
     </span>
    </p>
   </div>
   <div class='ocr_carea' id='block_1_3' title="bbox 260 1365 2098 1525">
    <p class='ocr_par' dir='ltr' id='par_1_3' title="bbox 260 1348 2098 1525">
     <span class='ocr_line' id='line_1_4' title="bbox 260 1365 2097 1439; baseline 0.005 -29"><span class='ocrx_word' id='word_1_12' title='bbox 260 1375 372 1411; x_wconf 89' lang='lat' dir='ltr'>mae</span> <span class='ocrx_word' id='word_1_13' title='bbox 418 1375 587 1412; x_wconf 89' lang='lat' dir='ltr'>rerum</span> <span class='ocrx_word' id='word_1_14' title='bbox 639 1367 784 1417; x_wconf 86' lang='lat' dir='ltr'>nostr</span> <span class='ocrx_word' id='word_1_15' title='bbox 877 1404 887 1415; x_wconf 90' lang='lat'><strong>.</strong></span> <span class='ocrx_word' id='word_1_16' title='bbox 930 1403 941 1415; x_wconf 92' lang='lat'><strong>.</strong></span> <span class='ocrx_word' id='word_1_17' title='bbox 983 1403 994 1415; x_wconf 89' lang='lat'><strong>.</strong></span> <span class='ocrx_word' id='word_1_18' title='bbox 1030 1365 1094 1416; x_wconf 91' lang='lat' dir='ltr'>sii</span> <span class='ocrx_word' id='word_1_19' title='bbox 1137 1404 1529 1416; x_wconf 92' lang='grc'><strong>........</strong></span> <span class='ocrx_word' id='word_1_20' title='bbox 1604 1366 1849 1432; x_wconf 83' lang='lat' dir='ltr'>Equidem</span> <span class='ocrx_word' id='word_1_21' title='bbox 1886 1368 2097 1439; x_wconf 84' lang='lat' dir='ltr'>primam</span> 
     </span>
     <span class='ocr_line' id='line_1_5' title="bbox 262 1451 2098 1525; baseline 0.005 -25"><span class='ocrx_word' id='word_1_22' title='bbox 262 1451 483 1502; x_wconf 90' lang='lat' dir='ltr'>omnium</span> <span class='ocrx_word' id='word_1_23' title='bbox 517 1452 652 1503; x_wconf 91' lang='lat' dir='ltr'>illam</span> <span class='ocrx_word' id='word_1_24' title='bbox 692 1455 1056 1522; x_wconf 83' lang='lat' dir='ltr'>cogitationem</span> <span class='ocrx_word' id='word_1_25' title='bbox 1108 1456 1395 1521; x_wconf 89' lang='lat' dir='ltr'>hominum,</span> <span class='ocrx_word' id='word_1_26' title='bbox 1450 1471 1598 1522; x_wconf 86' lang='lat' dir='ltr'>quam</span> <span class='ocrx_word' id='word_1_27' title='bbox 1638 1458 1854 1513; x_wconf 82' lang='lat' dir='ltr'>maxime</span> <span class='ocrx_word' id='word_1_28' title='bbox 1887 1459 2098 1525; x_wconf 85' lang='lat' dir='ltr'>primam</span> 
     </span>
    </p>
   </div>
   <div class='ocr_carea' id='block_1_4' title="bbox 248 1544 2103 2069">
    <p class='ocr_par' dir='ltr' id='par_1_4' title="bbox 248 1544 2103 2069">
     <span class='ocr_line' id='line_1_6' title="bbox 261 1544 2098 1614; baseline 0.005 -22"><span class='ocrx_word' id='word_1_29' title='bbox 261 1556 589 1596; x_wconf 83' lang='lat' dir='ltr'>occursuram</span> <span class='ocrx_word' id='word_1_30' title='bbox 622 1544 741 1598; x_wconf 88' lang='lat' dir='ltr'>mihi</span> <span class='ocrx_word' id='word_1_31' title='bbox 781 1546 1056 1612; x_wconf 89' lang='lat' dir='ltr'>provide0,</span> <span class='ocrx_word' id='word_1_32' title='bbox 1112 1547 1387 1613; x_wconf 87' lang='lat' dir='ltr'>deprecor,</span> <span class='ocrx_word' id='word_1_33' title='bbox 1438 1563 1503 1598; x_wconf 90' lang='lat' dir='ltr'>ne</span> <span class='ocrx_word' id='word_1_34' title='bbox 1551 1549 1694 1614; x_wconf 86' lang='lat' dir='ltr'>quasi</span> <span class='ocrx_word' id='word_1_35' title='bbox 1730 1563 1915 1603; x_wconf 86' lang='lat' dir='ltr'>novam</span> <span class='ocrx_word' id='word_1_36' title='bbox 1949 1550 2098 1603; x_wconf 88' lang='lat' dir='ltr'>istam</span> 
     </span>
     <span class='ocr_line' id='line_1_7' title="bbox 248 1633 2099 1706; baseline 0.006 -24"><span class='ocrx_word' id='word_1_37' title='bbox 248 1647 366 1695; x_wconf 7' lang='lat' dir='ltr'>,rem</span> <span class='ocrx_word' id='word_1_38' title='bbox 405 1633 659 1686; x_wconf 85' lang='lat' dir='ltr'>introduci</span> <span class='ocrx_word' id='word_1_39' title='bbox 695 1636 1099 1702; x_wconf 77' lang='lat' dir='ltr'>exhorrescatis,</span> <span class='ocrx_word' id='word_1_40' title='bbox 1153 1638 1244 1688; x_wconf 90' lang='lat' dir='ltr'>sed</span> <span class='ocrx_word' id='word_1_41' title='bbox 1298 1638 1381 1689; x_wconf 92' lang='lat' dir='ltr'>illa</span> <span class='ocrx_word' id='word_1_42' title='bbox 1429 1639 1594 1704; x_wconf 91' lang='lat' dir='ltr'>potius</span> <span class='ocrx_word' id='word_1_43' title='bbox 1632 1640 1896 1706; x_wconf 81' lang='lat' dir='ltr'>cogitetis,</span> <span class='ocrx_word' id='word_1_44' title='bbox 1951 1654 2099 1706; x_wconf 87' lang='lat' dir='ltr'>quam</span> 
     </span>
     <span class='ocr_line' id='line_1_8' title="bbox 260 1724 2100 1797; baseline 0.004 -22"><span class='ocrx_word' id='word_1_45' title='bbox 260 1724 410 1776; x_wconf 89' lang='lat' dir='ltr'>multa</span> <span class='ocrx_word' id='word_1_46' title='bbox 447 1726 498 1776; x_wconf 92' lang='lat' dir='ltr'>in</span> <span class='ocrx_word' id='word_1_47' title='bbox 539 1726 635 1778; x_wconf 88' lang='lat' dir='ltr'>hac</span> <span class='ocrx_word' id='word_1_48' title='bbox 672 1728 875 1782; x_wconf 91' lang='lat' dir='ltr'>civitate</span> <span class='ocrx_word' id='word_1_49' title='bbox 912 1734 1097 1781; x_wconf 89' lang='lat' dir='ltr'>novata</span> <span class='ocrx_word' id='word_1_50' title='bbox 1136 1730 1251 1793; x_wconf 90' lang='lat' dir='ltr'>sint,</span> <span class='ocrx_word' id='word_1_51' title='bbox 1296 1735 1345 1780; x_wconf 90' lang='lat' dir='ltr'>et</span> <span class='ocrx_word' id='word_1_52' title='bbox 1375 1730 1574 1795; x_wconf 91' lang='lat' dir='ltr'>quidem</span> <span class='ocrx_word' id='word_1_53' title='bbox 1610 1731 1775 1783; x_wconf 90' lang='lat' dir='ltr'>statim</span> <span class='ocrx_word' id='word_1_54' title='bbox 1808 1731 1870 1783; x_wconf 85' lang='lat' dir='ltr'>ab</span> <span class='ocrx_word' id='word_1_55' title='bbox 1898 1731 2100 1797; x_wconf 85' lang='lat' dir='ltr'>origine</span> 
     </span>
     <span class='ocr_line' id='line_1_9' title="bbox 260 1818 2099 1890; baseline 0.002 -21"><span class='ocrx_word' id='word_1_56' title='bbox 260 1818 400 1869; x_wconf 89' lang='lat' dir='ltr'>urbis</span> <span class='ocrx_word' id='word_1_57' title='bbox 438 1824 673 1883; x_wconf 89' lang='lat' dir='ltr'>nostrae,</span> <span class='ocrx_word' id='word_1_58' title='bbox 724 1820 774 1869; x_wconf 91' lang='lat' dir='ltr'>in</span> <span class='ocrx_word' id='word_1_59' title='bbox 829 1825 950 1885; x_wconf 89' lang='lat' dir='ltr'>quot</span> <span class='ocrx_word' id='word_1_60' title='bbox 1005 1820 1195 1871; x_wconf 90' lang='lat' dir='ltr'>formas</span> <span class='ocrx_word' id='word_1_61' title='bbox 1247 1825 1505 1886; x_wconf 90' lang='lat' dir='ltr'>statusque</span> <span class='ocrx_word' id='word_1_62' title='bbox 1546 1835 1629 1872; x_wconf 91' lang='lat' dir='ltr'>res</span> <span class='ocrx_word' id='word_1_63' title='bbox 1671 1821 1872 1890; x_wconf 88' lang='lat' dir='ltr'>publica</span> <span class='ocrx_word' id='word_1_64' title='bbox 1924 1825 2099 1872; x_wconf 86' lang='lat' dir='ltr'>nostra</span> 
     </span>
     <span class='ocr_line' id='line_1_10' title="bbox 264 1909 2102 1978; baseline 0.002 -19"><span class='ocrx_word' id='word_1_65' title='bbox 264 1909 466 1959; x_wconf 90' lang='lat' dir='ltr'>diducta</span> <span class='ocrx_word' id='word_1_66' title='bbox 505 1910 584 1961; x_wconf 89' lang='lat' dir='ltr'>sit.</span> <span class='ocrx_word' id='word_1_67' title='bbox 647 1911 913 1972; x_wconf 83' lang='lat' dir='ltr'>Quondam</span> <span class='ocrx_word' id='word_1_68' title='bbox 953 1926 1107 1978; x_wconf 78' lang='lat' dir='ltr'>reges</span> <span class='ocrx_word' id='word_1_69' title='bbox 1144 1911 1274 1963; x_wconf 87' lang='lat' dir='ltr'>hanc</span> <span class='ocrx_word' id='word_1_70' title='bbox 1312 1916 1521 1962; x_wconf 87' lang='lat' dir='ltr'>tenuere</span> <span class='ocrx_word' id='word_1_71' title='bbox 1558 1911 1735 1962; x_wconf 90' lang='lat' dir='ltr'>urbem</span> <span class='ocrx_word' id='word_1_72' title='bbox 1749 1928 1763 1974; x_wconf 81' lang='lat'><em>3</em></span> <span class='ocrx_word' id='word_1_73' title='bbox 1802 1927 1899 1962; x_wconf 87' lang='lat' dir='ltr'>nec</span> <span class='ocrx_word' id='word_1_74' title='bbox 1934 1916 2102 1963; x_wconf 79' lang='lat' dir='ltr'>tamen</span> 
     </span>
     <span class='ocr_line' id='line_1_11' title="bbox 264 2001 2103 2069; baseline 0.001 -18"><span class='ocrx_word' id='word_1_75' title='bbox 264 2001 558 2052; x_wconf 85' lang='lat' dir='ltr'>domesticis</span> <span class='ocrx_word' id='word_1_76' title='bbox 609 2003 996 2053; x_wconf 89' lang='lat' dir='ltr'>successoribus</span> <span class='ocrx_word' id='word_1_77' title='bbox 1048 2013 1158 2053; x_wconf 87' lang='lat' dir='ltr'>eam</span> <span class='ocrx_word' id='word_1_78' title='bbox 1205 2003 1409 2053; x_wconf 88' lang='lat' dir='ltr'>tradere</span> <span class='ocrx_word' id='word_1_79' title='bbox 1446 2002 1673 2069; x_wconf 86' lang='lat' dir='ltr'>contigit.</span> <span class='ocrx_word' id='word_1_80' title='bbox 1750 2001 2103 2067; x_wconf 87' lang='lat' dir='ltr'>Supervenere</span> 
     </span>
    </p>
   </div>
   <div class='ocr_carea' id='block_1_5' title="bbox 267 2091 2177 2157">
    <p class='ocr_par' dir='ltr' id='par_1_5' title="bbox 267 2091 2177 2157">
     <span class='ocr_line' id='line_1_12' title="bbox 267 2091 2177 2157; baseline -0.001 -14"><span class='ocrx_word' id='word_1_81' title='bbox 267 2092 420 2143; x_wconf 89' lang='lat' dir='ltr'>alieni</span> <span class='ocrx_word' id='word_1_82' title='bbox 492 2097 540 2142; x_wconf 90' lang='lat' dir='ltr'>et</span> <span class='ocrx_word' id='word_1_83' title='bbox 609 2092 810 2157; x_wconf 89' lang='lat' dir='ltr'>quidam</span> <span class='ocrx_word' id='word_1_84' title='bbox 873 2093 1097 2156; x_wconf 79' lang='lat' dir='ltr'>externi,</span> <span class='ocrx_word' id='word_1_85' title='bbox 1164 2097 1217 2141; x_wconf 94' lang='lat' dir='ltr'>ut</span> <span class='ocrx_word' id='word_1_86' title='bbox 1283 2093 1441 2143; x_wconf 87' lang='lat' dir='ltr'>Numa</span> <span class='ocrx_word' id='word_1_87' title='bbox 1511 2092 1724 2144; x_wconf 90' lang='lat' dir='ltr'>Romulo</span> <span class='ocrx_word' id='word_1_88' title='bbox 1795 2091 2104 2143; x_wconf 86' lang='lat' dir='ltr'>successerit</span> <span class='ocrx_word' id='word_1_89' title='bbox 2172 2116 2177 2128; x_wconf 30' lang='grc' dir='ltr'>’Δ</span> 
     </span>
    </p>
   </div>
   <div class='ocr_carea' id='block_1_6' title="bbox 259 2183 2106 3063">
    <p class='ocr_par' dir='ltr' id='par_1_6' title="bbox 259 2183 2106 3063">
     <span class='ocr_line' id='line_1_13' title="bbox 267 2183 2096 2249; baseline -0.001 -15"><span class='ocrx_word' id='word_1_90' title='bbox 267 2199 330 2234; x_wconf 90' lang='lat' dir='ltr'>ex</span> <span class='ocrx_word' id='word_1_91' title='bbox 391 2183 592 2234; x_wconf 91' lang='lat' dir='ltr'>Sabinis</span> <span class='ocrx_word' id='word_1_92' title='bbox 657 2184 895 2248; x_wconf 88' lang='lat' dir='ltr'>veniens,</span> <span class='ocrx_word' id='word_1_93' title='bbox 966 2185 1164 2234; x_wconf 87' lang='lat' dir='ltr'>vicinus</span> <span class='ocrx_word' id='word_1_94' title='bbox 1238 2183 1439 2249; x_wconf 88' lang='lat' dir='ltr'>quidem</span> <span class='ocrx_word' id='word_1_95' title='bbox 1501 2183 1593 2234; x_wconf 92' lang='lat' dir='ltr'>sed</span> <span class='ocrx_word' id='word_1_96' title='bbox 1650 2188 1769 2233; x_wconf 90' lang='lat' dir='ltr'>tunc</span> <span class='ocrx_word' id='word_1_97' title='bbox 1839 2187 2096 2246; x_wconf 77' lang='lat' dir='ltr'>externUS,</span> 
     </span>
     <span class='ocr_line' id='line_1_14' title="bbox 263 2274 2102 2340; baseline -0.001 -17"><span class='ocrx_word' id='word_1_98' title='bbox 263 2278 319 2323; x_wconf 92' lang='lat' dir='ltr'>ut</span> <span class='ocrx_word' id='word_1_99' title='bbox 385 2274 532 2324; x_wconf 89' lang='lat' dir='ltr'>Anco</span> <span class='ocrx_word' id='word_1_100' title='bbox 594 2275 786 2325; x_wconf 91' lang='lat' dir='ltr'>Marcio</span> <span class='ocrx_word' id='word_1_101' title='bbox 855 2275 1057 2325; x_wconf 84' lang='lat' dir='ltr'>Priscus</span> <span class='ocrx_word' id='word_1_102' title='bbox 1121 2275 1437 2340; x_wconf 86' lang='lat' dir='ltr'>Tarquinius.</span> <span class='ocrx_word' id='word_1_103' title='bbox 1529 2274 1738 2339; x_wconf 88' lang='lat' dir='ltr'>Propter</span> <span class='ocrx_word' id='word_1_104' title='bbox 1807 2277 2102 2323; x_wconf 86' lang='lat' dir='ltr'>temeratum</span> 
     </span>
     <span class='ocr_line' id='line_1_15' title="bbox 265 2365 2102 2431; baseline 0 -18"><span class='ocrx_word' id='word_1_105' title='bbox 265 2365 601 2430; x_wconf 85' lang='lat' dir='ltr'>sanguinem,</span> <span class='ocrx_word' id='word_1_106' title='bbox 677 2366 812 2431; x_wconf 89' lang='lat' dir='ltr'>quod</span> <span class='ocrx_word' id='word_1_107' title='bbox 867 2372 1010 2431; x_wconf 89' lang='lat' dir='ltr'>patre</span> <span class='ocrx_word' id='word_1_108' title='bbox 1066 2366 1336 2416; x_wconf 89' lang='lat' dir='ltr'>Demarato</span> <span class='ocrx_word' id='word_1_109' title='bbox 1410 2365 1670 2416; x_wconf 89' lang='lat' dir='ltr'>Corinthio</span> <span class='ocrx_word' id='word_1_110' title='bbox 1710 2369 1855 2415; x_wconf 84' lang='lat' dir='ltr'>nat-us</span> <span class='ocrx_word' id='word_1_111' title='bbox 1903 2369 2011 2414; x_wconf 86' lang='lat' dir='ltr'>erat</span> <span class='ocrx_word' id='word_1_112' title='bbox 2053 2367 2102 2414; x_wconf 89' lang='lat' dir='ltr'>et</span> 
     </span>
     <span class='ocr_line' id='line_1_16' title="bbox 265 2455 2105 2524; baseline 0 -18"><span class='ocrx_word' id='word_1_113' title='bbox 265 2456 618 2521; x_wconf 85' lang='lat' dir='ltr'>Tarquiniensi</span> <span class='ocrx_word' id='word_1_114' title='bbox 672 2462 831 2508; x_wconf 88' lang='lat' dir='ltr'>matre</span> <span class='ocrx_word' id='word_1_115' title='bbox 881 2472 1136 2524; x_wconf 84' lang='lat' dir='ltr'>generosa</span> <span class='ocrx_word' id='word_1_116' title='bbox 1198 2457 1287 2508; x_wconf 90' lang='lat' dir='ltr'>sed</span> <span class='ocrx_word' id='word_1_117' title='bbox 1340 2457 1511 2522; x_wconf 90' lang='lat' dir='ltr'>inopi,</span> <span class='ocrx_word' id='word_1_118' title='bbox 1565 2461 1619 2506; x_wconf 93' lang='lat' dir='ltr'>ut</span> <span class='ocrx_word' id='word_1_119' title='bbox 1673 2471 1801 2521; x_wconf 90' lang='lat' dir='ltr'>quae</span> <span class='ocrx_word' id='word_1_120' title='bbox 1848 2455 1936 2505; x_wconf 91' lang='lat' dir='ltr'>tali</span> <span class='ocrx_word' id='word_1_121' title='bbox 1992 2470 2105 2506; x_wconf 91' lang='lat' dir='ltr'>ma-</span> 
     </span>
     <span class='ocr_line' id='line_1_17' title="bbox 259 2539 2106 2612; baseline 0.001 -17"><span class='ocrx_word' id='word_1_122' title='bbox 259 2546 357 2596; x_wconf 90' lang='lat' dir='ltr'>rito</span> <span class='ocrx_word' id='word_1_123' title='bbox 420 2562 634 2598; x_wconf 89' lang='lat' dir='ltr'>necesse</span> <span class='ocrx_word' id='word_1_124' title='bbox 698 2539 928 2599; x_wconf 88' lang='lat' dir='ltr'>habuerit</span> <span class='ocrx_word' id='word_1_125' title='bbox 989 2549 1348 2611; x_wconf 83' lang='lat' dir='ltr'>succumbere,</span> <span class='ocrx_word' id='word_1_126' title='bbox 1413 2563 1524 2597; x_wconf 92' lang='lat' dir='ltr'>cum</span> <span class='ocrx_word' id='word_1_127' title='bbox 1578 2547 1714 2597; x_wconf 86' lang='lat' dir='ltr'>domi</span> <span class='ocrx_word' id='word_1_128' title='bbox 1774 2545 2106 2612; x_wconf 82' lang='lat' dir='ltr'>repelleretur</span> 
     </span>
     <span class='ocr_line' id='line_1_18' title="bbox 265 2637 2104 2704; baseline 0 -18"><span class='ocrx_word' id='word_1_129' title='bbox 265 2652 292 2686; x_wconf 92' lang='lat' dir='ltr'>a</span> <span class='ocrx_word' id='word_1_130' title='bbox 342 2637 583 2702; x_wconf 84' lang='lat' dir='ltr'>gerendis</span> <span class='ocrx_word' id='word_1_131' title='bbox 634 2639 945 2703; x_wconf 84' lang='lat' dir='ltr'>honoribus,</span> <span class='ocrx_word' id='word_1_132' title='bbox 998 2644 1264 2704; x_wconf 86' lang='lat' dir='ltr'>postquam</span> <span class='ocrx_word' id='word_1_133' title='bbox 1314 2641 1521 2690; x_wconf 89' lang='lat' dir='ltr'>Romam</span> <span class='ocrx_word' id='word_1_134' title='bbox 1571 2637 1834 2702; x_wconf 84' lang='lat' dir='ltr'>migravit,</span> <span class='ocrx_word' id='word_1_135' title='bbox 1891 2651 2104 2703; x_wconf 85' lang='lat' dir='ltr'>regnum</span> 
     </span>
     <span class='ocr_line' id='line_1_19' title="bbox 264 2725 2104 2794; baseline 0.001 -19"><span class='ocrx_word' id='word_1_136' title='bbox 264 2725 476 2792; x_wconf 89' lang='lat' dir='ltr'>adeptus</span> <span class='ocrx_word' id='word_1_137' title='bbox 520 2734 611 2778; x_wconf 90' lang='lat' dir='ltr'>est.</span> <span class='ocrx_word' id='word_1_138' title='bbox 677 2730 804 2780; x_wconf 90' lang='lat' dir='ltr'>Huic</span> <span class='ocrx_word' id='word_1_139' title='bbox 843 2744 1043 2794; x_wconf 90' lang='lat' dir='ltr'>quoque</span> <span class='ocrx_word' id='word_1_140' title='bbox 1082 2734 1131 2779; x_wconf 91' lang='lat' dir='ltr'>et</span> <span class='ocrx_word' id='word_1_141' title='bbox 1169 2729 1270 2778; x_wconf 90' lang='lat' dir='ltr'>filio</span> <span class='ocrx_word' id='word_1_142' title='bbox 1310 2728 1547 2793; x_wconf 88' lang='lat' dir='ltr'>nepotive</span> <span class='ocrx_word' id='word_1_143' title='bbox 1590 2730 1698 2777; x_wconf 89' lang='lat' dir='ltr'>eius</span> <span class='ocrx_word' id='word_1_144' title='bbox 1737 2731 1879 2788; x_wconf 86' lang='lat' dir='ltr'>(nam</span> <span class='ocrx_word' id='word_1_145' title='bbox 1920 2731 1969 2778; x_wconf 93' lang='lat' dir='ltr'>et</span> <span class='ocrx_word' id='word_1_146' title='bbox 2006 2726 2104 2776; x_wconf 92' lang='lat' dir='ltr'>hoc</span> 
     </span>
     <span class='ocr_line' id='line_1_20' title="bbox 264 2816 2104 2884; baseline -0.001 -16"><span class='ocrx_word' id='word_1_147' title='bbox 264 2819 396 2869; x_wconf 86' lang='lat' dir='ltr'>inter</span> <span class='ocrx_word' id='word_1_148' title='bbox 432 2824 667 2870; x_wconf 88' lang='lat' dir='ltr'>auctores</span> <span class='ocrx_word' id='word_1_149' title='bbox 709 2820 990 2884; x_wconf 85' lang='lat' dir='ltr'>discrepat)</span> <span class='ocrx_word' id='word_1_150' title='bbox 1034 2819 1252 2868; x_wconf 86' lang='lat' dir='ltr'>insertus</span> <span class='ocrx_word' id='word_1_151' title='bbox 1300 2818 1506 2869; x_wconf 90' lang='lat' dir='ltr'>Servius</span> <span class='ocrx_word' id='word_1_152' title='bbox 1543 2816 1758 2879; x_wconf 86' lang='lat' dir='ltr'>Tullius,</span> <span class='ocrx_word' id='word_1_153' title='bbox 1818 2816 1861 2867; x_wconf 91' lang='lat' dir='ltr'>si</span> <span class='ocrx_word' id='word_1_154' title='bbox 1898 2820 2104 2866; x_wconf 87' lang='lat' dir='ltr'>nostros</span> 
     </span>
     <span class='ocr_line' id='line_1_21' title="bbox 265 2906 2104 2974; baseline -0.002 -13"><span class='ocrx_word' id='word_1_155' title='bbox 265 2910 548 2974; x_wconf 88' lang='lat' dir='ltr'>sequimur,</span> <span class='ocrx_word' id='word_1_156' title='bbox 590 2910 784 2974; x_wconf 89' lang='lat' dir='ltr'>captiva</span> <span class='ocrx_word' id='word_1_157' title='bbox 824 2916 969 2959; x_wconf 87' lang='lat' dir='ltr'>natus</span> <span class='ocrx_word' id='word_1_158' title='bbox 1015 2911 1257 2972; x_wconf 84' lang='lat' dir='ltr'>Ocresia,</span> <span class='ocrx_word' id='word_1_159' title='bbox 1304 2909 1346 2958; x_wconf 91' lang='lat' dir='ltr'>si</span> <span class='ocrx_word' id='word_1_160' title='bbox 1384 2908 1608 2971; x_wconf 85' lang='lat' dir='ltr'>TuscOS,</span> <span class='ocrx_word' id='word_1_161' title='bbox 1666 2906 1805 2958; x_wconf 86' lang='lat' dir='ltr'>Caeli</span> <span class='ocrx_word' id='word_1_162' title='bbox 1851 2907 2104 2972; x_wconf 90' lang='lat' dir='ltr'>quondam</span> 
     </span>
     <span class='ocr_line' id='line_1_22' title="bbox 267 2999 2102 3063; baseline -0.002 -12"><span class='ocrx_word' id='word_1_163' title='bbox 267 3001 530 3051; x_wconf 88' lang='lat' dir='ltr'>Vivennae</span> <span class='ocrx_word' id='word_1_164' title='bbox 594 3000 786 3050; x_wconf 85' lang='lat' dir='ltr'>sodalis</span> <span class='ocrx_word' id='word_1_165' title='bbox 842 3000 1164 3050; x_wconf 88' lang='lat' dir='ltr'>fidelissimus</span> <span class='ocrx_word' id='word_1_166' title='bbox 1221 2999 1485 3063; x_wconf 89' lang='lat' dir='ltr'>omnisque</span> <span class='ocrx_word' id='word_1_167' title='bbox 1545 2999 1653 3049; x_wconf 91' lang='lat' dir='ltr'>eius</span> <span class='ocrx_word' id='word_1_168' title='bbox 1707 3012 1855 3048; x_wconf 90' lang='lat' dir='ltr'>casus</span> <span class='ocrx_word' id='word_1_169' title='bbox 1913 3011 2102 3048; x_wconf 89' lang='lat' dir='ltr'>comes.</span> 
     </span>
    </p>
   </div>
   <div class='ocr_carea' id='block_1_7' title="bbox 268 3156 2107 3690">
    <p class='ocr_par' dir='ltr' id='par_1_7' title="bbox 268 3156 2107 3690">
     <span class='ocr_line' id='line_1_23' title="bbox 358 3156 2107 3215; baseline -0.003 -11"><span class='ocrx_word' id='word_1_170' title='bbox 358 3165 397 3204; x_wconf 89' lang='lat'>1.</span> <span class='ocrx_word' id='word_1_171' title='bbox 433 3161 622 3203; x_wconf 85' lang='lat' dir='ltr'>Tabulae</span> <span class='ocrx_word' id='word_1_172' title='bbox 655 3175 820 3203; x_wconf 86' lang='lat' dir='ltr'>aeneae</span> <span class='ocrx_word' id='word_1_173' title='bbox 854 3161 993 3212; x_wconf 86' lang='lat' dir='ltr'>duae,</span> <span class='ocrx_word' id='word_1_174' title='bbox 1027 3173 1137 3214; x_wconf 89' lang='lat' dir='ltr'>quae</span> <span class='ocrx_word' id='word_1_175' title='bbox 1229 3159 1429 3215; x_wconf 87' lang='lat' dir='ltr'>Friburgi</span> <span class='ocrx_word' id='word_1_176' title='bbox 1473 3158 1543 3199; x_wconf 89' lang='lat' dir='ltr'>Br.</span> <span class='ocrx_word' id='word_1_177' title='bbox 1584 3158 1709 3200; x_wconf 84' lang='lat'>¹833.</span> <span class='ocrx_word' id='word_1_178' title='bbox 1748 3159 1790 3199; x_wconf 76' lang='lat'>4.</span> <span class='ocrx_word' id='word_1_179' title='bbox 1855 3156 2107 3211; x_wconf 82' lang='lat' dir='ltr'>Scripturae</span> 
     </span>
     <span class='ocr_line' id='line_1_24' title="bbox 269 3216 2106 3273; baseline -0.003 -10"><span class='ocrx_word' id='word_1_180' title='bbox 269 3223 495 3263; x_wconf 88' lang='lat' dir='ltr'>continent</span> <span class='ocrx_word' id='word_1_181' title='bbox 529 3221 697 3262; x_wconf 84' lang='lat' dir='ltr'>Claudii</span> <span class='ocrx_word' id='word_1_182' title='bbox 742 3220 939 3262; x_wconf 84' lang='lat' dir='ltr'>Caesaris</span> <span class='ocrx_word' id='word_1_183' title='bbox 977 3220 1143 3260; x_wconf 82' lang='lat' dir='ltr'>oratio-</span> <span class='ocrx_word' id='word_1_184' title='bbox 1230 3219 1517 3259; x_wconf 84' lang='lat' dir='ltr'>inconstantis</span> <span class='ocrx_word' id='word_1_185' title='bbox 1541 3216 1741 3270; x_wconf 82' lang='lat' dir='ltr'>exempla</span> <span class='ocrx_word' id='word_1_186' title='bbox 1760 3216 1828 3257; x_wconf 85' lang='lat' dir='ltr'>rei</span> <span class='ocrx_word' id='word_1_187' title='bbox 1844 3230 1888 3273; x_wconf 84' lang='lat' dir='ltr'>p.</span> <span class='ocrx_word' id='word_1_188' title='bbox 1913 3222 1956 3258; x_wconf 83' lang='lat' dir='ltr'>et</span> <span class='ocrx_word' id='word_1_189' title='bbox 1981 3217 2106 3272; x_wconf 68' lang='lat' dir='ltr'>reip„</span> 
     </span>
     <span class='ocr_line' id='line_1_25' title="bbox 268 3277 2107 3335; baseline -0.003 -14"><span class='ocrx_word' id='word_1_190' title='bbox 268 3294 365 3322; x_wconf 85' lang='lat' dir='ltr'>nem</span> <span class='ocrx_word' id='word_1_191' title='bbox 406 3281 459 3322; x_wconf 89' lang='lat' dir='ltr'>de</span> <span class='ocrx_word' id='word_1_192' title='bbox 493 3282 672 3321; x_wconf 83' lang='lat' dir='ltr'>civitate</span> <span class='ocrx_word' id='word_1_193' title='bbox 696 3280 829 3321; x_wconf 88' lang='lat' dir='ltr'>Gallis</span> <span class='ocrx_word' id='word_1_194' title='bbox 848 3280 1000 3331; x_wconf 88' lang='lat' dir='ltr'>danda,</span> <span class='ocrx_word' id='word_1_195' title='bbox 1024 3279 1143 3335; x_wconf 58' lang='lat' dir='ltr'>[Alg-</span> <span class='ocrx_word' id='word_1_196' title='bbox 1229 3279 1382 3332; x_wconf 78' lang='lat' dir='ltr'>imperi</span> <span class='ocrx_word' id='word_1_197' title='bbox 1431 3284 1473 3317; x_wconf 92' lang='lat' dir='ltr'>et</span> <span class='ocrx_word' id='word_1_198' title='bbox 1525 3277 1696 3331; x_wconf 76' lang='lat' dir='ltr'>imperii</span> <span class='ocrx_word' id='word_1_199' title='bbox 1747 3288 1799 3317; x_wconf 91' lang='lat' dir='ltr'>ex</span> <span class='ocrx_word' id='word_1_200' title='bbox 1852 3277 1947 3329; x_wconf 91' lang='lat' dir='ltr'>ipso</span> <span class='ocrx_word' id='word_1_201' title='bbox 2005 3287 2107 3316; x_wconf 84' lang='lat' dir='ltr'>aere</span> 
     </span>
     <span class='ocr_line' id='line_1_26' title="bbox 270 3333 2105 3390; baseline -0.003 -10"><span class='ocrx_word' id='word_1_202' title='bbox 270 3340 372 3390; x_wconf 84' lang='lat' dir='ltr'>duni</span> <span class='ocrx_word' id='word_1_203' title='bbox 409 3346 557 3381; x_wconf 86' lang='lat' dir='ltr'>erutae</span> <span class='ocrx_word' id='word_1_204' title='bbox 589 3346 687 3380; x_wconf 87' lang='lat' dir='ltr'>sunt</span> <span class='ocrx_word' id='word_1_205' title='bbox 721 3340 771 3379; x_wconf 90' lang='lat' dir='ltr'>ad</span> <span class='ocrx_word' id='word_1_206' title='bbox 805 3340 915 3380; x_wconf 86' lang='lat' dir='ltr'>latus</span> <span class='ocrx_word' id='word_1_207' title='bbox 950 3339 1069 3379; x_wconf 85' lang='lat' dir='ltr'>aedis</span> <span class='ocrx_word' id='word_1_208' title='bbox 1101 3338 1141 3377; x_wconf 92' lang='lat' dir='ltr'>S.</span> <span class='ocrx_word' id='word_1_209' title='bbox 1230 3339 1366 3390; x_wconf 84' lang='lat' dir='ltr'>petita</span> <span class='ocrx_word' id='word_1_210' title='bbox 1400 3342 1512 3376; x_wconf 85' lang='lat' dir='ltr'>sunt.</span> <span class='ocrx_word' id='word_1_211' title='bbox 1564 3335 1725 3376; x_wconf 83' lang='lat' dir='ltr'>Eodem</span> <span class='ocrx_word' id='word_1_212' title='bbox 1753 3337 1943 3388; x_wconf 86' lang='lat' dir='ltr'>pertinet</span> <span class='ocrx_word' id='word_1_213' title='bbox 1967 3333 2105 3386; x_wconf 81' lang='lat' dir='ltr'>Caeli,</span> 
     </span>
     <span class='ocr_line' id='line_1_27' title="bbox 269 3390 2104 3451; baseline -0.004 -11"><span class='ocrx_word' id='word_1_214' title='bbox 269 3390 515 3440; x_wconf 63' lang='lat' dir='ltr'>“sebastiani</span> <span class='ocrx_word' id='word_1_215' title='bbox 576 3412 613 3440; x_wconf 89' lang='lat' dir='ltr'>a.</span> <span class='ocrx_word' id='word_1_216' title='bbox 680 3398 804 3440; x_wconf 76' lang='lat'>1529.</span> <span class='ocrx_word' id='word_1_217' title='bbox 879 3397 1009 3451; x_wconf 57' lang='lat' dir='ltr'>&#39;l‘ypis</span> <span class='ocrx_word' id='word_1_218' title='bbox 1066 3410 1145 3437; x_wconf 82' lang='lat' dir='ltr'>ex-</span> <span class='ocrx_word' id='word_1_219' title='bbox 1230 3398 1300 3450; x_wconf 89' lang='lat' dir='ltr'>qui</span> <span class='ocrx_word' id='word_1_220' title='bbox 1338 3402 1402 3436; x_wconf 88' lang='lat' dir='ltr'>est</span> <span class='ocrx_word' id='word_1_221' title='bbox 1437 3396 1659 3451; x_wconf 84' lang='lat' dir='ltr'>genitivus</span> <span class='ocrx_word' id='word_1_222' title='bbox 1693 3393 1880 3433; x_wconf 84' lang='lat' dir='ltr'>nominis</span> <span class='ocrx_word' id='word_1_223' title='bbox 1917 3393 2104 3444; x_wconf 78' lang='lat' dir='ltr'>Caelius,</span> 
     </span>
     <span class='ocr_line' id='line_1_28' title="bbox 272 3452 2105 3511; baseline -0.004 -14"><span class='ocrx_word' id='word_1_224' title='bbox 272 3470 471 3511; x_wconf 81' lang='lat' dir='ltr'>pressere</span> <span class='ocrx_word' id='word_1_225' title='bbox 505 3458 676 3510; x_wconf 86' lang='lat' dir='ltr'>Lipsius</span> <span class='ocrx_word' id='word_1_226' title='bbox 710 3463 752 3497; x_wconf 90' lang='lat' dir='ltr'>et</span> <span class='ocrx_word' id='word_1_227' title='bbox 773 3457 1013 3503; x_wconf 73' lang='lat' dir='ltr'>Broterius,</span> <span class='ocrx_word' id='word_1_228' title='bbox 1035 3456 1146 3495; x_wconf 84' lang='lat' dir='ltr'>Gru-</span> <span class='ocrx_word' id='word_1_229' title='bbox 1231 3461 1276 3494; x_wconf 88' lang='lat' dir='ltr'>ut</span> <span class='ocrx_word' id='word_1_230' title='bbox 1309 3454 1446 3509; x_wconf 81' lang='lat' dir='ltr'>liquet</span> <span class='ocrx_word' id='word_1_231' title='bbox 1489 3468 1542 3494; x_wconf 82' lang='lat' dir='ltr'>ex</span> <span class='ocrx_word' id='word_1_232' title='bbox 1584 3454 1781 3507; x_wconf 69' lang='lat' dir='ltr'>proximo</span> <span class='ocrx_word' id='word_1_233' title='bbox 1827 3466 1854 3493; x_wconf 82' lang='lat' dir='ltr'>a</span> <span class='ocrx_word' id='word_1_234' title='bbox 1897 3452 2001 3492; x_wconf 83' lang='lat' dir='ltr'>duce</span> <span class='ocrx_word' id='word_1_235' title='bbox 2032 3464 2105 3491; x_wconf 83' lang='lat' dir='ltr'>suo</span> 
     </span>
     <span class='ocr_line' id='line_1_29' title="bbox 270 3508 2107 3571; baseline -0.004 -15"><span class='ocrx_word' id='word_1_236' title='bbox 270 3523 389 3557; x_wconf 74' lang='lat' dir='ltr'>ierus</span> <span class='ocrx_word' id='word_1_237' title='bbox 413 3530 453 3571; x_wconf 89' lang='lat' dir='ltr'>p.</span> <span class='ocrx_word' id='word_1_238' title='bbox 482 3518 583 3568; x_wconf 79' lang='lat'>502,</span> <span class='ocrx_word' id='word_1_239' title='bbox 617 3517 850 3557; x_wconf 79' lang='lat' dir='ltr'>Menetrier</span> <span class='ocrx_word' id='word_1_240' title='bbox 884 3517 924 3555; x_wconf 88' lang='lat' dir='ltr'>in</span> <span class='ocrx_word' id='word_1_241' title='bbox 972 3516 1147 3555; x_wconf 79' lang='lat' dir='ltr'>histoire</span> <span class='ocrx_word' id='word_1_242' title='bbox 1232 3514 1403 3563; x_wconf 74' lang='lat' dir='ltr'>Caelio,</span> <span class='ocrx_word' id='word_1_243' title='bbox 1445 3524 1531 3552; x_wconf 89' lang='lat' dir='ltr'>non</span> <span class='ocrx_word' id='word_1_244' title='bbox 1576 3526 1600 3553; x_wconf 84' lang='lat' dir='ltr'>a</span> <span class='ocrx_word' id='word_1_245' title='bbox 1635 3512 1763 3552; x_wconf 76' lang='lat' dir='ltr'>Caele</span> <span class='ocrx_word' id='word_1_246' title='bbox 1806 3512 1983 3565; x_wconf 84' lang='lat' dir='ltr'>antique</span> <span class='ocrx_word' id='word_1_247' title='bbox 2014 3508 2107 3549; x_wconf 82' lang='lat' dir='ltr'>for-</span> 
     </span>
     <span class='ocr_line' id='line_1_30' title="bbox 274 3566 2107 3629; baseline -0.005 -14"><span class='ocrx_word' id='word_1_248' title='bbox 274 3574 323 3615; x_wconf 80' lang='lat' dir='ltr'>de</span> <span class='ocrx_word' id='word_1_249' title='bbox 363 3573 406 3614; x_wconf 83' lang='lat' dir='ltr'>la</span> <span class='ocrx_word' id='word_1_250' title='bbox 448 3574 546 3616; x_wconf 72' lang='lat' dir='ltr'>ville</span> <span class='ocrx_word' id='word_1_251' title='bbox 590 3575 639 3615; x_wconf 79' lang='lat' dir='ltr'>de</span> <span class='ocrx_word' id='word_1_252' title='bbox 684 3573 801 3629; x_wconf 80' lang='lat' dir='ltr'>Lyon</span> <span class='ocrx_word' id='word_1_253' title='bbox 846 3574 988 3628; x_wconf 67' lang='lat' dir='ltr'>(hyon</span> <span class='ocrx_word' id='word_1_254' title='bbox 1038 3573 1147 3615; x_wconf 77' lang='lat'>1696</span> <span class='ocrx_word' id='word_1_255' title='bbox 1233 3577 1397 3618; x_wconf 76' lang='lat' dir='ltr'>matus,</span> <span class='ocrx_word' id='word_1_256' title='bbox 1447 3583 1558 3626; x_wconf 85' lang='lat' dir='ltr'>quae</span> <span class='ocrx_word' id='word_1_257' title='bbox 1603 3570 1831 3613; x_wconf 81' lang='lat' dir='ltr'>Niebuhrii</span> <span class='ocrx_word' id='word_1_258' title='bbox 1887 3566 2107 3610; x_wconf 82' lang='lat' dir='ltr'>sententia</span> 
     </span>
     <span class='ocr_line' id='line_1_31' title="bbox 274 3623 2102 3690; baseline -0.005 -12"><span class='ocrx_word' id='word_1_259' title='bbox 274 3630 395 3690; x_wconf 64' lang='lat' dir='ltr'>soh),</span> <span class='ocrx_word' id='word_1_260' title='bbox 445 3632 491 3674; x_wconf 83' lang='lat' dir='ltr'>C.</span> <span class='ocrx_word' id='word_1_261' title='bbox 542 3631 636 3675; x_wconf 85' lang='lat' dir='ltr'>Zell</span> <span class='ocrx_word' id='word_1_262' title='bbox 690 3645 784 3674; x_wconf 83' lang='lat' dir='ltr'>cum</span> <span class='ocrx_word' id='word_1_263' title='bbox 835 3631 1146 3675; x_wconf 82' lang='lat' dir='ltr'>commentario</span> <span class='ocrx_word' id='word_1_264' title='bbox 1233 3630 1323 3681; x_wconf 85' lang='lat' dir='ltr'>suit</span> <span class='ocrx_word' id='word_1_265' title='bbox 1348 3632 1389 3673; x_wconf 87' lang='lat' dir='ltr'>in</span> <span class='ocrx_word' id='word_1_266' title='bbox 1426 3629 1474 3672; x_wconf 87' lang='lat' dir='ltr'>ll.</span> <span class='ocrx_word' id='word_1_267' title='bbox 1514 3630 1562 3672; x_wconf 74' lang='grc' dir='ltr'>Β.</span> <span class='ocrx_word' id='word_1_268' title='bbox 1597 3634 1626 3671; x_wconf 82' lang='lat' dir='ltr'>t.</span> <span class='ocrx_word' id='word_1_269' title='bbox 1663 3628 1678 3671; x_wconf 88' lang='grc' dir='ltr'>Ι</span> <span class='ocrx_word' id='word_1_270' title='bbox 1710 3640 1752 3683; x_wconf 87' lang='lat' dir='ltr'>p.</span> <span class='ocrx_word' id='word_1_271' title='bbox 1786 3628 1873 3673; x_wconf 80' lang='lat'>422</span> <span class='ocrx_word' id='word_1_272' title='bbox 1905 3623 1972 3669; x_wconf 83' lang='lat' dir='ltr'>ed.</span> <span class='ocrx_word' id='word_1_273' title='bbox 2004 3627 2102 3668; x_wconf 82' lang='lat' dir='ltr'>tert.</span> 
     </span>
    </p>
   </div>
  </div>
 </body>
</html>
