2280 4004
199 313 226 345 a
255 299 306 347 G.
342 300 421 363 54
446 362 451 364 Π
815 302 980 355 LIBER
1010 301 1121 354 xm.
1185 302 1294 348 GAr.
1327 301 1458 350 2—3.

1932 300 2021 348 111

198 446 481 503 liberalium
518 464 718 518 quoque
762 450 944 504 artium
985 451 1426 516 commemoratiO,
1465 454 1515 503 et
1548 448 1674 505 nihil
1707 453 1920 516 regente
1958 462 2020 501 eo

199 541 342 592 triste
381 542 457 594 rei
491 542 725 608 publicae
761 543 823 594 ab
855 543 1078 596 externis
1101 543 1373 607 accidisse,
1401 542 1577 608 pronis
1614 539 1796 595 animis
1832 539 2023 593 audita.-

198 631 468 699 Postquam
509 634 574 685 ad
622 634 994 700 providentiam
1033 633 1432 699 sapientiamque
1467 633 1635 698 flexit,
1691 645 1842 684 nemo
1895 630 2023 682 risui

200 726 511 789 temperare,
584 739 882 791 quamquam
935 724 1098 775 oratio
1152 739 1180 774 a
1233 725 1430 779 Seneca
1487 723 1765 790 composita
1819 721 2025 774 multum

203 815 361 866 cultus
398 815 698 882 praeferret,
738 820 792 866 ut
829 816 922 867 fuit
956 816 1027 866 illi
1066 816 1179 868 viro
1215 815 1474 883 ingenium
1508 829 1773 867 amoenum
1811 818 1861 866 et
1893 818 2065 869 tem-‘s

199 906 339 971 poris
393 907 502 958 eius
569 906 775 958 auribus
839 906 1289 958 accommodatum.
1396 905 1724 958 Adnotabant
1771 906 2023 970 senioreS,

202 990 381 1062 quibus
420 997 637 1049 otiosum
675 1002 753 1049 est
787 1003 961 1064 vetera
1001 1003 1050 1049 et
1087 997 1375 1063 praesentia
1413 997 1750 1064 contendere,
1811 997 2026 1063 primum
2092 1038 2098 1041 .

202 1104 266 1145 ex
307 1089 370 1140 iis
427 1089 511 1155 qui
563 1104 734 1140 rerum
784 1090 929 1155 potiti
981 1094 1153 1140 essent
1199 1089 1454 1140 Neronem
1508 1088 1706 1146 alienae
1756 1087 2029 1141 facundiae

202 1179 423 1246 eguisse.
492 1179 620 1231 Nam
670 1179 887 1230 dictator
936 1180 1129 1231 Caesar
1169 1180 1375 1230 summis
1433 1179 1722 1231 oratoribus
1773 1178 1997 1230 aemulus
2012 1194 2027 1242 3

203 1274 253 1321 et
279 1269 512 1338 Augusto
547 1274 777 1337 prompta
817 1286 877 1321 ac
916 1271 1192 1336 profluens,
1235 1284 1464 1336 quaeque
1501 1270 1708 1322 deceret
1730 1269 2026 1336 principem,
2044 1292 2094 1330 ω

203 1361 493 1428 eloquentia
531 1362 639 1415 fuit.
714 1361 943 1413 Tiberius
982 1365 1139 1413 artem
1191 1375 1390 1427 quoque
1432 1361 1676 1427 callebat,
1736 1375 1834 1428 qua
1872 1359 2030 1412 verba

203 1452 542 1519 expenderet,
603 1457 706 1504 tum
751 1452 950 1504 validus
1003 1453 1270 1517 sensibus,
1333 1456 1416 1502 aut
1465 1451 1697 1504 consulto
1723 1451 2028 1518 ,ambiguus

202 1543 364 1595 Etiam
403 1543 496 1594 Gai
537 1543 774 1597 Caesaris
818 1543 1015 1594 turbata
1053 1558 1196 1594 mens
1243 1543 1344 1594 vim
1387 1543 1591 1596 dicendi
1635 1558 1741 1594 non
1788 1543 2028 1609 corrupit.

201 1635 307 1686 Nec
343 1634 395 1684 in
434 1633 663 1700 Claudi0,
703 1634 936 1700 quotiens
974 1633 1213 1686 meditata
1254 1634 1559 1699 dissereret,
1599 1634 1907 1702 elegantiam
1941 1649 2032 1685 re·-

203 1725 449 1791 quireres.
521 1725 658 1777 Nero
712 1725 990 1791 puerilibus
1040 1725 1206 1776 statim
1259 1726 1404 1777 annis
1455 1725 1681 1776 vividum
1722 1726 1941 1777 animum
1978 1724 2096 1785 inu

207 1816 304 1868 alia
346 1817 586 1883 detorsit,
641 1816 842 1868 caelare
877 1817 1117 1885 pingere,
1182 1821 1359 1868 cantus
1401 1821 1486 1868 aut
1519 1817 1750 1884 regimen
1787 1831 2032 1883 equorum

207 1923 482 1972 exercere3
553 1911 604 1960 et
659 1907 932 1975 aliquando
989 1907 1296 1960 carminibus
1364 1907 1651 1976 pangendis
1707 1908 1880 1960 inesse
1934 1906 2034 1960 sibi

207 1998 454 2052 elementa
490 1998 756 2052 doctrinae
792 1998 1107 2051 ostendebat.

331 2167 369 2209 1.
401 2164 539 2208 nichil
567 2163 648 2208 Ma.
719 2167 762 2210 2.
789 2164 962 2223 puplice
993 2162 1074 2208 Ma.
1145 2164 1186 2207 5.
1220 2178 1417 2206 amenum
1447 2161 1528 2207 Ma.
1597 2164 1640 2207 8.
1675 2163 1741 2206 his
1771 2161 1862 2206 Ma:
1898 2162 1931 2205 G
1961 2163 2030 2204 iis.
2097 2207 2103 2217 η

209 2225 250 2269 9.
286 2239 410 2268 cesar
439 2223 519 2268 Ma.
609 2224 768 2267 emulus
800 2224 878 2267 Ma.
962 2225 1030 2268 10.
1057 2238 1246 2280 quaeque
1279 2223 1446 2266 editor:
1482 2221 1585 2266 GMa
1618 2237 1740 2278 quae,
1770 2223 1810 2264 A
1841 2230 1880 2265 et
1912 2236 2036 2278 quae.

212 2288 280 2328 12.
316 2292 390 2327 aut
420 2283 506 2337 Ma,
555 2299 610 2327 ac
641 2284 690 2327 (i.
785 2285 853 2328 13.
890 2284 939 2326 C.
978 2282 1055 2327 Ma.
1153 2285 1219 2326 14.
1265 2283 1575 2326 disserereutur
1605 2281 1697 2325 Ma:
1731 2282 1765 2324 G
1796 2283 2038 2326 dissereret.

213 2346 281 2388 15.
317 2345 381 2387 Ne
407 2358 490 2403 pro
525 2347 628 2401 (per
659 2342 946 2402 notam),Ma.
1044 2343 1114 2387 16.
1149 2342 1292 2386 celare
1324 2342 1406 2388 Ma.
1502 2343 1571 2386 18.
1615 2343 1809 2385 doctrine
1839 2340 1920 2386 Ma.

210 2501 310 2543 talis
345 2501 600 2557 eloquentia
633 2506 778 2556 potest
808 2513 906 2544 esse
938 2506 982 2542 et
1012 2506 1084 2542 ta-

1167 2499 1382 2541 turbatam
1402 2497 1657 2541 valetudine
1685 2503 1876 2540 mentem
1901 2499 2040 2554 (Sue-

210 2575 307 2602 men
344 2562 584 2616 principem
619 2560 694 2603 vel
725 2562 914 2603 maxime
945 2560 1084 2602 dede-

1167 2565 1257 2601 ton.
1298 2557 1440 2615 Calig.
1475 2558 1548 2602 50.
1605 2557 1802 2600 Iuvenal.
1839 2557 1896 2599 Vl
1927 2558 2037 2615 614)

211 2634 330 2662 cere.
394 2622 545 2676 ltaque
609 2621 737 2662 tertia
800 2620 1082 2676 eloquentiae

210 2681 397 2736 Augusti
438 2681 576 2722 virtus
621 2686 924 2733 enumeratur,
968 2692 1082 2735 quae

213 2741 357 2793 posita
388 2741 431 2781 in
473 2739 632 2781 decore
663 2739 922 2794 principali3
967 2738 1083 2794 quod

211 2805 257 2839 ut
286 2798 379 2840 fieri
406 2800 544 2853 possit
571 2798 787 2852 particula
813 2798 1084 2841 desideratur

212 2864 286 2898 aut
319 2866 359 2900 et
391 2864 463 2899 aut
496 2871 589 2911 que.
651 2857 844 2900 Alteram
878 2857 1080 2912 praetuli,

214 2922 299 2957 tum
343 2918 445 2971 quia
486 2928 564 2969 pro
607 2929 741 2979 queq5
787 2916 920 2958 facile
975 2929 1083 2971 quae

213 2976 417 3016 substitui
459 2981 652 3028 poterat,
694 2981 783 3016 tum
826 2975 941 3030 quod
985 2981 1084 3030 post

215 3033 456 3090 singularia
473 3033 638 3089 aliquid
662 3034 872 3091 generale
894 3034 1085 3078 libenter

213 3106 291 3147 per
331 3107 410 3147 que
450 3095 716 3147 annectitur-3
759 3093 875 3136 conf.
919 3093 955 3140 11
990 3093 1077 3137 54:

212 3154 344 3207 ἐρίων
378 3153 496 3195 adito
538 3151 642 3205 llio,
692 3166 879 3207 quaeque
922 3153 981 3194 ibi
1022 3178 1078 3185 -

213 3213 476 3254 veneranda.
531 3210 588 3253 111
614 3212 696 3254 45:
728 3225 967 3254 memorare
1001 3226 1079 3253 ve-

216 3279 325 3312 teres
374 3270 595 3312 Gallorum
646 3271 835 3326 glorias,
892 3284 1080 3326 quaeque

217 3330 422 3372 Romanis
454 3329 637 3371 adversa
665 3329 919 3375 intulissent.
981 3327 1081 3370 Xlll

215 3390 297 3431 49:
332 3389 381 3430 de
418 3388 524 3430 bello
558 3395 632 3429 aut
658 3402 783 3444 pace,
817 3388 867 3429 de
887 3389 1081 3443 vectiqu-

216 3448 323 3490 Iibus
370 3454 408 3489 et
459 3447 648 3503 le9ibus,
699 3448 924 3501 quibusque
981 3446 1082 3488 aliis

218 3509 415 3550 Romana
447 3507 733 3548 continentur.
800 3505 866 3547 De
893 3506 1082 3562 Augusti

219 3566 469 3622 eloquentia
519 3565 574 3607 cf.
610 3567 787 3607 Sueton.
821 3566 935 3621 Aug.
967 3565 1084 3607 84—

218 3624 289 3668 86.
325 3625 490 3668 Gellius
523 3625 559 3666 X
591 3624 662 3677 24,
695 3624 774 3668 XV
808 3625 847 3667 7.

309 3685 481 3729 turbata
514 3698 632 3729 mens
664 3709 719 3717 —
749 3697 838 3728 non
870 3684 1086 3742 corrupit:

1168 2619 1245 2661 Gai
1285 2619 1504 2670 meminit,
1558 2617 1674 2672 quod
1715 2618 1789 2673 qui
1834 2623 2040 2659 tenentur

1168 2692 1234 2731 ea,
1259 2689 1536 2733 corrumpere
1559 2676 1855 2733 eloquentiam
1878 2677 2038 2718 solent.

1165 2738 1232 2780 De
1265 2737 1343 2779 Gai
1377 2739 1630 2793 eloquentia
1669 2749 1712 2778 v.
1748 2736 1927 2779 Sueton.
1965 2736 2036 2779 53.

1167 2797 1417 2840 Orationem
1452 2797 1546 2840 eius
1567 2797 1706 2850 perite
1729 2796 1922 2836 imitatur
1952 2795 2037 2836 Dio

1165 2856 1257 2898 LlX
1291 2856 1358 2899 16.
1482 2857 1672 2909 quotiens
1713 2855 1916 2896 medicata
1947 2855 2038 2896 dis-

1166 2923 1355 2958 sereret.-
1390 2915 1607 2957 aberratio
1641 2914 1979 2966 dissererentur,
2013 2927 2039 2955 a

1167 2976 1340 3017 sincero
1374 2974 1511 3016 Taciti
1553 2973 1656 3016 stilo
1690 2986 1816 3029 quam
1848 2974 2036 3014 maxime

1169 3034 1329 3086 aliena,
1365 3047 1418 3075 ex
1452 3033 1570 3075 linea
1598 3034 1790 3076 caudave
1823 3035 1867 3074 in
1900 3045 2039 3075 voca..

1166 3093 1259 3135 buli
1292 3093 1421 3134 finem
1455 3106 1558 3134 casu
1590 3092 1712 3133 illata
1747 3091 1866 3133 ducit
1897 3092 2038 3146 origi-

1163 3165 1278 3194 nem.
1330 3151 1587 3205 Exemplum
1616 3150 1850 3192 meditatae
1871 3152 2039 3191 oratio-

1163 3212 1231 3252 nis
1261 3209 1431 3251 Claudii
1450 3209 1620 3250 Tacitus
1649 3211 1865 3262 expressit
1885 3208 1941 3249 XI
1965 3207 2038 3251 24.

1256 3268 1431 3309 caelare
1458 3268 1665 3323 pingere.-
1711 3280 1796 3308 non
1831 3273 1930 3309 sunt
1963 3268 2035 3307 in-

1165 3326 1322 3368 finitivi
1355 3326 1552 3368 historici
1585 3328 1658 3381 qui
1690 3332 1927 3380 vocantur,
1961 3325 2040 3368 sed

1167 3386 1358 3439 pendent
1403 3399 1457 3427 ex
1498 3385 1586 3426 illis
1627 3386 1816 3426 animum
1854 3387 1901 3427 iu
1947 3385 2040 3426 alia

1169 3446 1357 3487 detorsit.
1401 3443 1610 3485 Tollenda
1643 3446 1777 3500 igitur
1804 3446 1940 3485 maior
1968 3443 2039 3485 di·-

1169 3505 1346 3545 stinctio
1399 3509 1500 3545 ante
1554 3502 1664 3544 haec
1717 3503 1852 3545 verba
1902 3503 2039 3558 vulgo

1170 3565 1326 3616 posita,
1354 3567 1396 3603 et
1415 3568 1628 3604 commate
1643 3563 2039 3618 interpungendum

1173 3628 1279 3663 erat.
1337 3620 1403 3664 Cf.
1437 3621 1489 3663 ad
1513 3620 1569 3666 XI
1593 3622 1634 3664 6.
1679 3622 1743 3664 De
1778 3620 2040 3668 carminibufl

1170 3680 1355 3724 Neronis
1390 3693 1433 3724 v.
1467 3679 1564 3724 xlv
1600 3680 1666 3725 16.
