2280 4004
156 1309 225 1358 10
241 1300 537 1367 quibusdam
576 1300 628 1350 in
667 1301 908 1353 Scaurum
951 1300 1174 1351 tristibus
1227 1302 1377 1351 notiS.

249 257 277 297 a
307 245 354 290 e.
388 248 462 293 32.
848 246 1008 292 mesa
1044 245 1115 290 v1.
1149 224 1289 291 ‘cm
1323 246 1483 292 9—10.

1982 252 2070 296 325

246 407 394 444 manu
446 392 632 444 ferrum
682 391 1050 458 temptavisset,
1115 391 1305 459 obligat
1356 406 1542 455 venas3
1599 397 1934 459 precatusque
1977 408 2069 461 per

247 481 530 547 codicillos,
571 482 744 534 immiti
781 483 1047 549 rescriptO,
1089 498 1244 534 venas
1281 482 1504 533 resolvit.
1579 483 1871 536 Acervatim
1907 501 1970 536 ex
2004 500 2065 536 eo

244 572 438 626 Annius
482 572 665 636 Pollio,
724 573 916 638 Appius
968 573 1198 637 Silanus,
1249 574 1442 626 Scauro
1490 574 1745 625 Mamerco
1806 573 1953 625 simul
2006 592 2067 626 ac

243 663 431 717 Sabino
475 662 712 726 Calvisio,
755 662 1029 713 maiestatis
1068 662 1399 728 postulantur,
1443 668 1493 714 et
1521 663 1814 716 Vinicianus
1852 665 2065 716 Pollioni

242 754 370 820 patri
409 753 751 817 adiciebatur,
793 752 915 804 clari
952 768 1148 821 genus,
1191 758 1240 805 et
1276 753 1476 819 quidam
1518 756 1725 807 summis
1765 755 2102 812 honoribus.s

243 846 761 910 Contremuerantque
801 850 969 910 patres
1014 849 1155 906 (nam
1193 849 1374 910 quotus
1414 845 1625 912 quisque
1674 847 1943 899 adfinitatis
1982 853 2066 899 aut
2141 895 2143 897 ,

241 936 492 998 amicitiae
530 940 602 986 tot
637 934 917 987 inlustrium
958 935 1181 986 virorum
1222 951 1403 1001 expers
1440 941 1630 1002 erare),
1672 939 1723 988 ni
1762 938 1938 990 Celsus
1977 954 2067 990 ur-

240 1028 403 1080 banae
440 1026 664 1078 cohortis
702 1027 959 1090 tribunus,
1022 1031 1122 1077 tum
1160 1026 1292 1078 inter
1332 1027 1557 1092 indiceS,
1611 1029 1826 1095 Appium
1863 1035 1913 1081 et
1947 1030 2066 1081 Cal-

239 1119 419 1171 visium
467 1117 746 1169 discrimini
802 1118 1089 1169 exemisset.
1183 1118 1373 1169 Caesar
1413 1118 1654 1171 Pollionis
1709 1137 1770 1172 ac
1806 1120 2061 1173 Viniciani

239 1209 516 1276 Scaurique
543 1225 764 1273 causam,
803 1214 856 1260 ut
884 1209 992 1275 ipse
1030 1224 1140 1259 cum
1181 1214 1360 1260 senatu
1389 1216 1644 1275 nosceret,
1685 1211 1892 1276 distulit,
1935 1213 2065 1265 datis
2086 1234 2132 1270 ιο

1466 1302 1541 1353 Ne
1594 1302 1813 1353 feminae
1864 1303 2067 1368 quidem

241 1397 445 1445 exortes
493 1391 721 1458 periculi.
820 1391 947 1452 Quia
1000 1390 1329 1457 occupandae
1373 1392 1448 1443 rei
1498 1391 1731 1457 publicae
1783 1393 1928 1460 argui
1965 1408 2068 1445 non

238 1486 487 1551 poterant,
526 1481 590 1532 ob
629 1480 864 1532 lacrimas
899 1481 1287 1545 incusabantur3
1326 1487 1606 1557 necataque
1647 1487 1724 1533 est
1760 1498 1886 1534 anus
1917 1483 2067 1549 Vitia,

239 1571 603 1653 Qfiemini
645 1576 835 1651 mater,
893 1571 1025 1637 quod
1079 1571 1164 1621 lilii
1214 1552 1411 1622 nece‘irs
1443 1571 1683 1623 flevisset.
1758 1573 1898 1624 Haec
1937 1574 2067 1640 apud

241 1667 484 1716 senatum.
558 1662 664 1714 Nec
717 1676 866 1713 secus
906 1662 1036 1727 apud
1075 1661 1352 1728 principem
1391 1662 1714 1714 Vescularius
1754 1663 1964 1714 Flaccus
2008 1680 2134 1716 acis

240 1755 392 1808 Iulius
416 1754 638 1806 Marinus
670 1753 732 1804 ad
770 1757 980 1804 mortem
1017 1758 1250 1820 aguntur,
1286 1770 1314 1804 e
1341 1754 1696 1826 vetustissimis
1729 1754 2066 1818 familiarium,

240 1845 469 1900 Rhodum
500 1844 670 1897 ‘secuti
713 1849 762 1895 et
800 1843 931 1910 apud
969 1843 1190 1909 Capreas
1245 1843 1519 1908 individui,
1561 1844 1886 1895 Vescularius
1941 1845 2071 1896 insi-

243 1936 437 1988 diarum
489 1935 540 1985 in
588 1934 829 1986 Libonem
880 1933 1245 1985 internuntius:
1311 1934 1506 1986 Marino
1563 1935 1808 2000 participe
1856 1935 2068 1987 Seianus

242 2026 463 2079 Curtium
520 2025 738 2076 Atticum
801 2029 1141 2090 oppresserat.
1254 2026 1364 2086 Quo
1430 2025 1610 2076 laetius
1663 2030 1924 2091 acceptum
1977 2040 2068 2079 sua

243 2116 470 2183 exempla
510 2115 559 2166 in
598 2114 916 2166 consultores
951 2114 1214 2166 recidisse.
2087 2134 2137 2170 20

364 2266 401 2306 1.
437 2264 687 2305 laudavisset
721 2264 773 2306 M.
882 2262 1040 2319 obligat
1075 2276 1202 2304 venas
1232 2261 1458 2304 Baiterus:
1493 2261 1690 2316 obleyatn
1722 2275 1854 2303 uenas
1887 2262 1960 2314 M,
1994 2261 2071 2303 ol>-

244 2324 392 2380 liyavit
426 2336 555 2364 venas
588 2322 843 2365 Beroaldus.
931 2330 1164 2378 pontusque
1227 2335 1323 2362 cum
1356 2321 1432 2362 lin.
1466 2319 1520 2361 M.
1599 2323 1642 2364 2.
1675 2321 1842 2362 ionrniui
1873 2321 1935 2362 M:
1971 2333 2071 2362 cor-

243 2383 358 2425 rexit
390 2381 641 2424 Rhenanus.
751 2383 792 2425 4.
829 2381 1008 2423 claulsio
1043 2381 1106 2422 M:
1142 2381 1331 2422 correxit-
1362 2378 1618 2421 Beroaldus.
1739 2379 1988 2421 Vinicianus
2017 2380 2071 2429 Μ,

243 2454 343 2485 mox
377 2442 601 2483 niciniani.
696 2442 737 2483 5.
772 2440 1024 2482 adit-ebatur
1056 2440 1110 2481 Μ.
1203 2439 1245 2482 6.
1280 2445 1626 2481 concremuerunt
1658 2452 1766 2492 quae
1797 2439 1852 2480 Μ.
1914 2438 1957 2480 8.
1993 2452 2072 2479 ca-

245 2501 415 2543 liusiam
445 2501 499 2543 Μ.
596 2502 662 2542 12.
696 2500 797 2554 quia
828 2500 1049 2541 Muretus:
1082 2499 1119 2540 M
1154 2512 1251 2552 qua.
1341 2499 1411 2541 14.
1442 2497 1553 2553 supin?
1583 2498 1638 2539 M.
1717 2504 1820 2553 apul
1850 2497 1905 2539 Μ.
2002 2498 2068 2539 15.

245 2567 344 2616 aput
377 2559 432 2601 M.
527 2557 707 2600 Flaccus
738 2559 955 2601 Pichena:
988 2559 1027 2600 M
1060 2557 1239 2599 Atticus.
1378 2556 1444 2599 16.
1479 2563 1699 2598 atvnortem
1730 2556 1784 2598 M.
1875 2555 2071 2611 familia-

247 2634 356 2720 Ζιὲειέιε
370 2618 423 2660 M.
520 2619 585 2660 17.
619 2626 719 2674 aput
751 2618 806 2660 M.
873 2617 941 2660 18.
971 2617 1197 2674 participis
1230 2616 1282 2659 Μ.
1380 2616 1451 2659 20.
1491 2616 1693 2658 recidisse
1725 2615 1780 2666 M,
1812 2627 1899 2657 non
1930 2615 2072 2657 recci-

249 2799 325 2840 XV
362 2799 432 2841 56.
549 2797 709 2853 Appius
749 2798 950 2839 Silanus:
990 2811 1030 2839 v.
1065 2798 1118 2838 ad
1204 2796 1392 2848 'l'acitus‚
1419 2796 1541 2849 utlll
1576 2798 1643 2840 16.
1689 2795 1874 2839 Omnino
1897 2808 1947 2837 ea
1972 2807 2074 2850 par-

250 2857 410 2900 X129.
483 2856 733 2898 Vinicianus
765 2857 995 2909 adoptatus
1029 2863 1120 2898 erat
1206 2855 1339 2897 ticula
1387 2857 1494 2897 satis
1541 2856 1670 2898 exilis
1712 2856 1929 2910 principio
1972 2855 2073 2900 novi

252 2915 305 2957 ab
350 2915 492 2956 Annio
542 2914 756 2956 Pollione.
858 2914 955 2968 Ipse
1002 2915 1121 2957 vitae

1206 2915 1418 2957 enuntiati
1441 2928 1587 2969 parum
1609 2917 1831 2957 convenit.
1894 2913 1942 2956 ln
1967 2912 2074 2955 sub-

254 2974 382 3014 linem
436 2974 604 3014 invenit
646 2973 752 3014 inita
796 2974 1121 3027 conspiratione

1206 2979 1417 3029 sequente
1448 2974 1581 3016 Viciae
1613 2976 1789 3016 nomine
1820 2973 1975 3015 vitium
2006 2972 2075 3014 la-

254 3035 298 3074 in
317 3030 540 3074 Claudium
568 3033 833 3086 principem:
858 3032 938 3074 Dio
959 3032 1027 3073 Lx
1053 3033 1119 3074 15.

336 3091 382 3132 in
405 3092 617 3132 Scaurum
642 3091 828 3133 tristibus
849 3094 984 3133 nolis.-
1020 3104 1121 3145 per-

256 3149 393 3190 nicies
416 3151 509 3191 eius
535 3155 702 3192 narrata
734 3148 786 3190 Vl
819 3150 875 3193 29
900 3151 981 3192 iam
1010 3163 1121 3206 quo-

257 3208 481 3249 dammodo
514 3209 804 3250 annuntiatur.

343 3323 445 3378 Cap.
486 3327 553 3367 10.
607 3327 707 3379 quia
723 3351 766 3359 —
787 3327 914 3380 aryui
936 3339 1021 3366 uon
1042 3340 1123 3381 pv-

257 3390 427 3426 lerant:
482 3382 756 3425 vocabulum.
795 3384 891 3425 libri
940 3382 1122 3426 Medicei

257 3457 340 3498 qua
373 3456 427 3483 ex
459 3442 717 3496 compendio
746 3454 970 3497 perperam
999 3454 1126 3483 reso-

260 3503 350 3544 luto
375 3507 519 3543 natum
542 3501 728 3543 videtur.
792 3500 835 3542 ld
869 3502 940 3556 qui
964 3500 1123 3542 defen-

249 3562 390 3614 siunt,
425 3574 501 3616 pro
540 3567 743 3616 quatenus
776 3560 1012 3614 accipiunt,
1045 3558 1120 3601 sed

262 3618 347 3665 hoc
365 3622 628 3680 ipsum‚.non
650 3633 748 3678 qua,
780 3620 953 3677 saepius
975 3619 1122 3677 posuit

1207 3039 1300 3074 tere
1335 3033 1559 3086 suspicor;
1606 3033 1790 3075 fortasse
1823 3033 1905 3073 fuit
1940 3031 2072 3083 Fufia.

1291 3091 1561 3132 Vescularius
1586 3091 1794 3132 Flaccus.-
1822 3101 1971 3130 verum
1992 3089 2074 3128 viri

1209 3162 1452 3204 cognomen
1492 3150 1673 3190 Flaccus
1713 3149 1749 3190 ll
1793 3148 1849 3191 28
1891 3146 2074 3187 relatum

1209 3214 1301 3249 cst:
1339 3220 1452 3247 nunc
1486 3207 1686 3248 librarius
1720 3206 1817 3247 libri
1840 3204 1878 3245 M
1911 3204 2076 3245 Atticus

1207 3266 1407 3319 scripsit,
1457 3265 1598 3306 oculis
1635 3266 1727 3306 eius
1774 3261 2077 3304 aberrantibus

1209 3324 1260 3365 ad
1310 3323 1502 3364 Curtium
1550 3323 1735 3364 Atticum
1794 3320 1924 3375 paulo
1980 3326 2077 3374 post

1211 3383 1491 3422 nominatum.
1637 3382 1830 3422 Curtium
1861 3379 2077 3421 Atticum.-

1212 3441 1294 3482 suit
1312 3441 1354 3480 in
1375 3438 1556 3480 cohorte
1573 3438 1731 3481 Tiberii
1761 3437 2077 3492 proficiscentis

1211 3514 1262 3539 ex
1298 3498 1403 3539 urbe
1433 3497 1485 3539 ad
1506 3497 1720 3552 Capreas:
1754 3496 1811 3539 lV
1844 3496 1915 3539 58.
1962 3495 2078 3537 Mor-

1209 3564 1294 3600 tem
1321 3558 1414 3600 eius
1449 3558 1489 3598 in
1520 3563 1669 3614 quinto
1704 3557 1813 3600 libro
1840 3556 1908 3598 hic
1930 3559 2077 3598 noster

1198 3623 1416 3665 *executus
1426 3622 1440 3643 ’”
1448 3623 1557 3660 erat.
