2280 4004
253 291 346 334 aas
1023 289 1314 334 ANNAleu
1396 344 1403 351 ¹

1713 308 1753 338 a.
1787 306 1832 337 u.
1862 294 2066 341 816-17
2074 328 2087 342 .

256 431 541 498 anteposuit
599 431 730 496 apud
791 430 998 482 circum.
1073 432 1298 499 Namque
1351 433 1415 484 ad
1473 450 1583 486 eam
1633 434 1766 488 diem
1822 436 2088 490 indiscreti

252 521 462 586 inibant,
503 522 618 586 quia
656 521 738 570 lex
765 522 952 572 Roscia
990 522 1114 573 nihil
1152 523 1251 574 nisi
1291 524 1355 575 de
1391 527 1794 591 quattuordecim
1821 523 2086 582 ordinibus

253 613 436 664 sanxit.
511 612 810 676 Spectacula
844 612 1183 679 gladiatorum
1220 615 1354 666 idem
1388 631 1549 668 annus
1595 617 1799 684 habuit,
1836 620 1947 687 pari
1976 635 2088 672 rna-

253 702 544 769 guilicentia
581 718 642 753 ac
680 702 869 767 priora.
930 704 1031 756 Sed
1058 705 1355 784 feminarum
1389 707 1671 761 inlustrium
1697 715 2089 809 senatorumque

215 792 422 858 splures
460 807 551 857 per
589 807 794 844 arenam
835 794 1026 845 foedati
1061 779 1192 847 siint.

394 882 520 935 Gaio
570 883 824 935 Laecanio
862 886 1036 937 Marco
1071 887 1267 938 Licinio
1308 887 1601 940 consulibus
1650 889 1853 941 acriore
1889 889 1943 941 in
1981 890 2176 954 dies33

254 973 490 1039 cupidine
562 973 866 1040 adigebatur
917 977 1052 1028 Nero
1106 978 1425 1043 promiscuas
1485 993 1667 1030 scenas
1722 980 2091 1046 frequentandi.

250 1065 374 1116 Nam
412 1064 576 1116 adhuc
614 1080 706 1130 per
730 1065 932 1116 domum
962 1072 1046 1117 aut
1071 1067 1248 1119 hortos
1281 1070 1556 1133 cecinerat,
1597 1070 1917 1123 Iuvenalibus
1939 1071 2090 1137 ludis,

254 1168 381 1219 quos
434 1160 487 1205 ut
533 1170 709 1220 parum
764 1156 994 1208 celebres
1048 1162 1097 1208 et
1143 1163 1315 1209 tantae
1360 1160 1478 1210 voci
1523 1165 1768 1227 angustos
1803 1161 2090 1227 spernebat.

192 1246 364 1298 ioNon
417 1251 583 1298 tamen
628 1249 818 1299 Romae
877 1248 1104 1314 incipere
1159 1264 1310 1300 ausus
1353 1250 1617 1316 Neapolim
1656 1252 1801 1318 quasi
1840 1253 2088 1304 Graecam

251 1337 429 1388 urbem
469 1337 684 1404 delegit:
724 1338 843 1390 inde
882 1339 1076 1391 initium
1114 1340 1226 1391 fore
1264 1346 1317 1391 ut
1351 1346 1704 1408 transgressus
1742 1342 1795 1393 in
1825 1341 2088 1410 Achaiam,

251 1428 586 1494 insignesque
624 1434 672 1479 et
713 1429 987 1495 antiquitus
1026 1445 1200 1482 sacras
1230 1445 1450 1483 coronas
1474 1431 1701 1498 adeptuS,
1741 1432 1937 1485 maiore
1958 1433 2090 1486 fama

252 1519 416 1570 studia
458 1520 642 1570 civium
679 1520 903 1572 eliceret.
977 1521 1116 1589 Ergo
1153 1527 1467 1574 contractum
1500 1523 1866 1589 oppidanorum
1889 1513 2092 1592 vulgus,

253 1615 303 1661 et
340 1624 466 1675 quos
505 1626 534 1662 e
561 1612 805 1676 proximis
842 1612 1058 1663 coloniis
1085 1617 1135 1663 et
1158 1613 1442 1680 municipiis
1465 1614 1573 1665 eius
1608 1614 1687 1666 rei
1715 1615 1848 1667 fama
1881 1615 2093 1681 civerat,

186 1710 231 1746 1⁵
255 1701 438 1766 quique
489 1701 762 1753 Caesarem
812 1718 905 1769 per
960 1703 1208 1755 honorem
1275 1709 1360 1756 aut
1410 1705 1584 1756 varios
1641 1720 1763 1757 usus
1818 1711 2094 1771 sectantur,

372 1836 413 1876 2.
448 1833 586 1875 nichil
615 1833 696 1878 Ma.
818 1838 859 1879 3.
895 1838 1066 1879 sancxit
1097 1837 1176 1881 Ma.
1290 1838 1333 1881 4.
1366 1838 1430 1881 ill.
1465 1837 1536 1881 Or.
1601 1839 1642 1882 5.
1675 1838 1814 1894 fedati
1847 1836 1928 1882 Ma.
2042 1837 2090 1881 6.

258 1892 308 1934 G.
345 1891 425 1934 Ma.
534 1893 755 1936 Laecanio
786 1894 873 1946 Ma,
918 1896 1113 1938 Lea-anio
1148 1897 1196 1940 G.
1303 1897 1361 1939 M.
1395 1895 1476 1940 Ma.
1587 1912 1672 1940 cos.
1709 1897 1790 1940 Ma.
1913 1898 1955 1941 7.
1983 1911 2096 1954 pro-

255 1952 440 1993 miscuas
473 1951 515 1993 h.
550 1952 579 1994 l.
613 1952 695 1996 Ma.
794 1955 837 1997 8.
874 1957 1123 1999 caecinerat
1157 1956 1233 1998 Ma.
1340 1956 1607 1998 iuvenalibus
1638 1955 1719 2010 Ma,
1751 1956 2011 2000 iuuenilibus
2043 1955 2094 1999 G.

257 2010 298 2053 9.
332 2018 449 2052 tante
473 2009 553 2053 Ma.
680 2014 747 2055 11.
782 2017 1062 2070 transyressis
1096 2015 1219 2058 GMa:
1258 2015 1533 2058 emendatum
1564 2016 1610 2058 in
1645 2014 1731 2059 CR.
1845 2016 1915 2059 13.
1947 2014 2096 2072 vulqus

257 2069 337 2114 Ma
402 2071 470 2116 14.
506 2072 669 2115 civerat
705 2071 821 2129 GMa,
855 2075 1077 2118 acciverat
1106 2075 1156 2118 B.

257 2191 336 2232 καὶ
365 2180 480 2231 κατὰ
514 2188 644 2247 σφᾶς
667 2207 729 2239 ως
759 2190 964 2245 ἕκαστοι,
998 2192 1048 2236 τό
1081 2205 1127 2235 τε

256 2249 476 2303 βουλεῦον
522 2253 598 2291 καὶ
643 2242 693 2293 τὸ
738 2250 940 2294 ἱππεῦον
987 2255 1066 2295 καὶ
1104 2251 1126 2295 ὅ

260 2306 437 2381 ὅμιλος,
465 2307 550 2366 ἀφ’
570 2298 712 2367 οὗπερ
735 2309 852 2354 τοῦτ’
878 2313 1125 2368 ἐνοιιίσθη,

262 2366 314 2410 οὐ
344 2371 509 2425 μέντοι
554 2372 633 2411 καὶ
678 2374 940 2443 τεταγιιένα
985 2376 1128 2442 σφίσι

258 2430 415 2484 χωρία
449 2428 771 2473 ἀπεδέδεικτο·
823 2423 935 2473 ἀλλὰ
969 2429 1069 2474 τότε
1105 2430 1126 2474 ὂ

261 2486 495 2532 Κλαύδιος
537 2487 615 2540 τήν
662 2500 706 2530 τε
752 2488 898 2546 ἕδραν
930 2505 1011 2543 την
1046 2490 1129 2531 νῦν

263 2542 411 2590 οὖσαν
443 2554 538 2594 τοῖς
580 2549 853 2601 βουλευταῖς
889 2547 1128 2605 ἅπεκρινε,

260 2609 338 2646 καὶ
374 2609 570 2661 προσέτι
604 2614 701 2654 τοῖς
733 2608 946 2650 ἐθελουσι
990 2609 1132 2665 σφῶν

260 2663 462 2718 ἑτέρωθί
492 2680 583 2707 που
619 2669 696 2707 καὶ
730 2667 780 2709 ἔν
819 2681 875 2722 γε
924 2667 1134 2725 ἰδιωτικῇ

260 2723 422 2775 ἐσθῆτι
455 2724 729 2766 &encaustae
765 2726 1004 2780 ἐπέτρεψε.
1068 2711 1133 2766 De

259 2782 433 2823 Neione
494 2784 686 2837 equiturn
749 2783 846 2825 loca
901 2790 1134 2837 sepaiante

261 2842 440 2884 Sueton.
482 2843 561 2883 11.
596 2843 857 2884 circensibus
888 2842 986 2883 loca
1006 2843 1135 2896 equiti

259 2908 425 2942 secreta
469 2915 497 2941 (ι
547 2903 699 2942 celeris
745 2903 904 2943 tribuit.
970 2901 1135 2942 Plinius

260 2959 311 3001 N.
350 2960 400 3000 H.
435 2959 529 3000 VIII
559 2961 610 3002 7:
657 2961 821 3002 Caesar
863 2962 1048 3002 dictator
1080 2986 1136 2992 -

262 3019 422 3074 euripis
463 3032 645 3060 arenam
687 3020 986 3071 circumdedit3
1037 3033 1137 3073 quos

264 3078 380 3120 Nero
411 3079 612 3134 princeps
648 3078 835 3131 sustulit,
883 3080 1012 3133 equiti
1041 3078 1139 3119 loca

264 3137 439 3179 addens.

351 3196 421 3237 lem
459 3197 645 3239 Roscia.-
691 3198 744 3239 de
786 3198 868 3238 hac
910 3196 1012 3252 lege
1051 3195 1138 3237 lata

264 3269 302 3297 a.
337 3255 421 3297 687
447 3256 568 3298 =67
605 3270 628 3298 a
661 3256 705 3299 L.
741 3257 899 3298 Roscio
921 3256 1137 3297 Asconius

264 3315 308 3354 in
341 3314 647 3356 Cornelianam
682 3330 721 3370 p.
758 3316 838 3358 78:
876 3316 924 3357 L.
960 3316 1139 3357 Roscius

267 3374 373 3414 Ocho
409 3375 579 3415 biennio
613 3382 712 3416 ante
761 3375 1051 3428 confirmavit,
1093 3376 1140 3416 in

266 3433 431 3473 theatro
463 3441 507 3473 ut
541 3435 745 3487 equitibus
775 3435 981 3476 Romanis
1014 3440 1140 3487 quat-

265 3492 499 3532 tuo-idecv'm
532 3493 703 3533 ordines
735 3493 958 3548 spectandi
995 3493 1141 3547 qratia

267 3551 489 3591 darentur.
531 3551 653 3593 Adde
676 3550 766 3592 Cic.
798 3551 984 3605 Philipp.
1010 3550 1046 3592 11
1072 3551 1138 3603 18,

267 3609 319 3647 ad
351 3609 438 3651 Att.
481 3608 607 3652 1119
639 3612 680 3652 3.
748 3611 892 3651 lIoiat.
936 3609 1073 3663 Epod.
1108 3611 1137 3652 4

271 3666 454 3718 15-16,
489 3666 627 3721 Epist.
661 3667 677 3709 1
715 3668 731 3708 1
768 3667 957 3712 62-67,
1003 3669 1135 3711 luve-

1211 2190 1300 2232 nal.
1335 2189 1394 2232 111
1431 2190 1529 2243 159,
1564 2189 1663 2232 XIV
1694 2191 1797 2233 324.
1845 2188 1943 2232 Liv.
1972 2189 2093 2244 Epic.

1211 2251 1283 2294 99.
1329 2249 1529 2291 Velleius
1546 2249 1585 2293 11
1605 2251 1678 2292 32.
1712 2249 1797 2291 Dio
1810 2247 1989 2291 XXXVI
2018 2249 2092 2294 25.

1299 2309 1559 2364 feminarum
1612 2307 1858 2350 inlustrium
1911 2315 2091 2350 senato-

1213 2382 1412 2423 rumque:
1447 2370 1545 2410 ‘cur
1580 2369 1816 2421 invertitis,
1851 2367 2098 2411 censores?

1213 2428 1308 2470 Non
1352 2429 1491 2481 enim,
1543 2427 1759 2483 inquiunt’
1811 2426 2094 2483 (Rhenanam

1215 2487 1322 2528 dicit
1355 2488 1578 2543 corrigere
1603 2491 1885 2543 tentantem),
1916 2485 2094 2540 ‘proba-

1216 2546 1305 2587 bile
1327 2546 1512 2587 feminas
1531 2545 1814 2588 descendisse
1838 2546 1882 2586 in
1900 2557 2093 2587 arenam.

1215 2605 1326 2645 Boni
1360 2606 1464 2657 viri,
1502 2618 1629 2660 quam
1662 2605 1777 2646 benc
1814 2605 2011 2646 sentiunt
2042 2603 2097 2646 de

1217 2676 1352 2715 sexu,
1413 2676 1497 2718 quo
1551 2663 1663 2705 nihil
1704 2663 1952 2717 abruptius,
2000 2675 2099 2705 cum

1215 2723 1352 2763 semel
1388 2722 1558 2764 frenum
1579 2723 1772 2764 excussit
1795 2723 1984 2778 ingeniti
2011 2734 2098 2776 pu-

1217 2781 1360 2822 doris!
1410 2782 1494 2823 Sed
1536 2781 1694 2823 discite
1729 2787 1774 2822 et
1805 2781 1972 2823 credite
2004 2781 2098 2835 pri-

1216 2841 1318 2892 scis,
1353 2853 1440 2882 non
1472 2842 1515 2881 in
1542 2853 1722 2882 caveam
1740 2839 1886 2882 solum
1912 2839 2099 2882 feminas

1216 2901 1408 2952 venisse,
1432 2899 1510 2941 sed
1536 2900 1580 2940 in
1599 2913 1788 2942 arenam.
1837 2898 2092 2941 Iuvenalem

1217 2961 1370 3000 omitto
1405 2960 1558 3012 Satyra
1589 2960 1617 3002 6
1653 2959 1737 3001 255
1762 2972 1826 3014 sq.
1859 2958 2097 3000 Suetonius

1219 3032 1324 3059 ecce
1357 3019 1401 3058 in
1443 3018 1567 3059 Dom.
1601 3021 1656 3060 4:
1703 3018 1951 3059 venationes
1998 3017 2100 3073 yla-

1219 3078 1486 3131 diatoresque
1520 3083 1559 3117 et
1589 3077 1782 3118 noctibus
1823 3077 1882 3118 ad
1911 3076 2097 3131 lychnu-

1222 3135 1322 3177 chos
1354 3136 1491 3188 dedit3
1524 3149 1606 3176 nec
1636 3136 1828 3177 virorum
1860 3135 1983 3178 modo
2011 3149 2097 3191 pu-

1217 3209 1340 3250 ynas‚
1372 3195 1446 3236 sed
1479 3202 1517 3235 et
1547 3195 1821 3248 seminarum.
1855 3193 1911 3236 Et
1935 3194 2099 3238 Statius

1219 3254 1272 3294 de
1304 3255 1457 3295 iisdem
1488 3253 1600 3295 ludis
1636 3254 1742 3295 Silv.
1777 3253 1795 3295 Ι
1829 3254 1857 3296 6
1889 3255 1980 3297 53:
2013 3260 2099 3296 stat

1218 3327 1342 3354 sexus
1374 3313 1493 3354 rudis
1522 3314 1764 3368 insciusque
1794 3313 1920 3368 ferri,
1955 3320 1995 3354 et
2014 3326 2100 3368 pu-

1218 3386 1326 3428 ynas
1352 3374 1467 3427 capit
1481 3372 1696 3427 improbus
1722 3371 1882 3415 viriles.
1932 3371 2098 3414 Credas

1220 3432 1277 3472 ad
1314 3431 1491 3472 Tanaim
1521 3433 1741 3485 ferumque
1769 3430 1939 3473 Phasim
1966 3430 2100 3472 Tltcr-

1224 3490 1518 3531 modontiacas
1551 3490 1694 3531 calere
1715 3497 1890 3532 turmas.
1948 3488 2099 3530 Adeo-

1221 3562 1305 3604 que
1353 3550 1396 3590 id
1443 3562 1592 3591 verum
1646 3555 1689 3590 et
1750 3549 1999 3605 vulgatum,
2054 3552 2101 3587 ut

1223 3610 1387 3651 Severo
1442 3610 1682 3662 imperante
1737 3606 1977 3649 cavendum
2036 3605 2102 3647 Sc

1222 3667 1356 3709 fuerit
1395 3670 1558 3727 μηκέτι
1606 3666 1845 3726 μηδεμίαν
1893 3671 2094 3724 γυναῖκα
