2280 4004
274 303 361 345 324
1038 299 1330 343 ANNALIVM
1733 315 1774 346 a.
1806 314 1850 346 u.
1883 300 2104 350 818419.

272 442 588 507 pestilentiae
629 435 1043 505 depopulabatur,
1083 440 1219 491 nulla
1245 440 1374 492 caeli
1410 441 1710 507 intemperie
1751 457 1882 508 quae
1917 458 2106 495 occur-

273 538 411 584 reret
452 532 629 583 oculis.
705 531 805 583 Sed
845 531 1023 582 domus
1067 532 1368 597 corporibus
1409 533 1686 598 exanimis,
1737 533 1919 587 itinera
1955 534 2107 587 sune-

271 623 412 674 ribus
453 621 848 686 complebantur.
922 623 1035 673 Non
1075 637 1256 686 sexuS,
1319 637 1421 674 non
1461 629 1600 675 aetas
1649 624 1876 690 periculo
1923 640 2101 677 vacua.

271 712 486 765 Servitia
521 713 734 777 perinde
770 718 820 764 et
846 713 1067 780 ingenua
1098 714 1271 780 plebes
1308 716 1486 781 raptim
1527 715 1772 783 extingui,
1807 716 1940 768 inter
1977 731 2107 767 con·-

233 801 441 868 5iugum
486 808 535 853 et
571 803 846 853 liberorum
885 787 1245 870 lamentas'qui
1281 805 1398 856 dum
1434 806 1700 871 adsident,
1743 806 1858 857 dum
1897 806 2102 872 deflent,

270 909 425 958 saepe
473 895 653 945 eodem
696 909 827 961 rogo
871 896 1239 947 cremabantur.
1315 896 1548 962 Equitum
1587 903 1980 963 senatorumque
2020 898 2105 948 in-

268 985 473 1049 teritUS‚
538 987 764 1051 quamvis
803 987 1110 1052 promiscui,
1168 987 1332 1038 minus
1373 987 1568 1039 flebiles
1621 994 1794 1053 erant,
1850 993 2100 1055 tamquam

270 1077 521 1127 communi
556 1077 860 1129 mortalitate
899 1079 1162 1130 saevitiam
1198 1079 1443 1145 principis
1478 1080 1852 1145 praevenirent.
1930 1095 1934 1097 ⁴

407 1167 601 1220 Eodem
654 1184 786 1220 anno
846 1169 1074 1221 delectus
1122 1185 1215 1236 per
1270 1170 1478 1222 Galliam
1526 1171 1911 1223 Narbonensem
1958 1169 2104 1222 Afri-

206 1275 252 1311 ¹0
278 1252 494 1324 camque
533 1264 581 1310 et
619 1259 794 1310 Asiam
835 1260 990 1310 habiti
1029 1266 1143 1311 sunt
1195 1261 1486 1327 supplendis
1535 1262 1749 1328 Illyricis
1792 1249 2099 1329 legionibuS,

267 1365 332 1400 ex
369 1350 550 1414 quibus
589 1354 755 1401 aetate
790 1355 874 1401 aut
909 1351 1201 1402 valetudine
1239 1351 1362 1402 fessi
1401 1357 1720 1403 sacramento
1757 1351 2101 1403 solvebantur.

267 1440 473 1491 Cladem
489 1441 880 1507 Lugdunensem
911 1442 1220 1509 quadragies
1249 1443 1485 1494 sestertio
1520 1443 1712 1494 solatus
1741 1447 1817 1494 est
1845 1442 2099 1508 princeps,

263 1536 317 1581 ut
351 1532 537 1588 amissa
576 1532 690 1583 urbi
729 1539 1062 1598 reponerent3
1100 1548 1245 1599 quam
1284 1535 1551 1600 pecuniam
1578 1534 1946 1601 Lugdunenses
1977 1538 2100 1584 ante

266 1622 554 1674 obtulerant
590 1625 731 1675 urbis
775 1625 993 1676 casibus

201 1732 247 1768 ¹5
406 1714 532 1765 Gaio
587 1716 830 1768 Suetonio
883 1716 1039 1767 Lucio
1088 1716 1324 1767 Telesino
1381 1716 1674 1768 consulibus
1713 1716 1961 1768 Antistius
1998 1716 2183 1771 Sc-14

262 1803 463 1868 sianUS,
505 1806 743 1857 factitatis
782 1807 833 1856 in
867 1807 1120 1857 Neronem
1161 1807 1469 1857 carminibus
1511 1808 1780 1873 probrosis
1819 1807 2004 1872 exili0,
2044 1811 2100 1860 ut

263 1895 394 1960 dixi,
450 1897 714 1962 multatuS,
748 1903 1013 1963 postquam
1053 1899 1104 1949 id
1145 1899 1355 1950 honoris
1395 1899 1648 1950 indicibus
1686 1905 1886 1966 tamque
1921 1915 2100 1966 prom-

259 1992 394 2053 ptum
433 1988 495 2039 ad
535 1989 720 2040 caedes
754 1989 1031 2056 principem
1075 1991 1290 2057 accepit,
1334 1991 1532 2057 inquies
1572 1992 1739 2042 animo
1782 1995 1830 2042 et
1857 1991 2100 2043 occasio-

381 2195 419 2237 1.
453 2200 649 2235 occurret
681 2192 796 2235 GMa.
893 2196 934 2238 5.
971 2210 1055 2238 ass.
1091 2195 1162 2238 Or.
1257 2198 1297 2240 7.
1331 2205 1446 2253 tanq.
1481 2196 1561 2240 Ma.
1653 2197 1695 2240 8.
1728 2198 1849 2240 seuit.
1885 2197 1989 2256 M³·.‘
2051 2199 2094 2243 9.

258 2250 434 2294 dilectus
467 2251 546 2294 Ma.
638 2254 706 2296 10.
741 2267 889 2308 asyam
924 2254 1013 2296 Mal
1099 2256 1271 2298 illiricis
1304 2255 1382 2299 Ma.
1482 2259 1549 2299 11.
1586 2256 1829 2299 valetudine
1860 2257 1940 2311 Ma,
1972 2258 2093 2302 valit.

258 2310 305 2353 G.
404 2313 471 2355 12.
505 2314 707 2354 sea-tertio
741 2311 821 2355 Ma.
937 2314 1004 2358 14.
1036 2316 1153 2357 urbis
1185 2315 1340 2357 Furia:
1374 2316 1439 2357 Ma
1473 2317 1619 2370 turbis,
1654 2316 1687 2358 G
1723 2323 1766 2358 et
1797 2316 1872 2360 alii
1902 2318 2094 2361 turbidis.

260 2371 328 2412 15.
366 2371 415 2413 G.
449 2370 529 2413 Ma.
638 2373 684 2413 L.
720 2372 799 2414 Ma.
905 2388 988 2416 cos.
1023 2373 1106 2418 Ma.
1214 2376 1280 2418 17.
1325 2377 1486 2430 tanqua
1521 2375 1610 2418 Ma:
1645 2382 1886 2418 correctum
1919 2378 1963 2419 in
1995 2377 2094 2420 aliis
2164 2383 2176 2387 “

258 2429 382 2472 codd.
481 2430 548 2473 18.
585 2432 706 2473 cedes
738 2430 818 2474 Ma.

256 2603 438 2655 primum
471 2604 518 2643 ui
550 2616 603 2644 ex
647 2610 739 2645 arte
771 2604 1027 2646 solvendum
1067 2611 1133 2647 est

256 2662 300 2701 in
329 2676 384 2712 m,
419 2675 440 2701 e
463 2662 507 2701 in
540 2676 603 2713 oe,
629 2668 675 2702 ut
695 2663 767 2704 fiat
798 2666 983 2715 moenia,
1017 2664 1132 2706 unde

256 2733 384 2774 porro
417 2726 537 2774 patet
568 2733 645 2775 pro
679 2723 777 2763 urbi
805 2723 1131 2764 rescribendum

257 2792 356 2821 esse
387 2780 519 2821 urbis.
594 2779 721 2822 Conf.
763 2781 861 2823 Xlll
907 2783 987 2824 57:
1031 2796 1134 2823 nam

253 2839 374 2894 iqnes
415 2846 535 2880 terra
575 2840 678 2881 editi
712 2840 838 2882 villas
878 2855 987 2882 arva
1017 2843 1133 2883 vicos

249 2899 410 2953 passim
442 2899 752 2954 corripiebant,
799 2901 1132 2955 serebanturque

252 2958 300 2998 in
344 2958 441 3012 ipsa
493 2958 690 2999 conditae
751 2973 888 3015 nuper
936 2960 1131 3002 coloniae

251 3029 436 3057 moenia.

339 3075 462 3116 nulla
495 3074 607 3117 caeli
630 3077 881 3132 intemperie
913 3091 1020 3132 quae
1053 3092 1129 3120 oc-

253 3142 447 3176 curreret
480 3135 638 3177 oculis.-
682 3136 792 3177 caeli
826 3138 1128 3191 intemperiem

253 3193 393 3235 oculis
462 3207 549 3235 non
619 3194 941 3238 observabilem
989 3197 1127 3238 morbi

252 3265 425 3294 causam
458 3253 594 3296 fuisse
625 3255 844 3310 significat
875 3256 1004 3313 (ohne
1035 3258 1129 3298 eine

250 3312 606 3355 wahrnekmbare
639 3315 824 3370 Slo‘runy
869 3316 1129 3358 kosmischer

253 3371 504 3429 Zustcinde).
629 3373 796 3415 domus:
829 3375 947 3416 cons.
981 3381 1127 3418 annot.

250 3429 303 3470 ad
333 3429 350 3470 1
384 3431 453 3474 73.
652 3434 840 3486 quamvis
868 3436 1128 3489 promiscui.-

250 3490 448 3543 quamvis
471 3490 652 3543 perinde
676 3498 806 3548 atque
831 3495 964 3535 ceteri
987 3500 1126 3535 morte

248 3555 516 3600 raperentur.

1219 2612 1262 2648 et
1313 2607 1423 2648 alios
1471 2613 1514 2648 et
1544 2621 1613 2649 me
1657 2609 1797 2662 ipsum
1851 2607 1954 2651 olim
2005 2621 2092 2652 nou

1218 2677 1319 2706 usos
1365 2679 1462 2707 esse
1501 2668 1666 2720 optimo
1713 2666 1870 2709 Furiae
1911 2669 2092 2710 invento

1219 2725 1376 2778 (urbis)
1398 2731 1442 2766 et
1465 2725 1717 2766 adhaesisse
1740 2726 1946 2782 vulgatae
1976 2729 2091 2769 scri-

1217 2789 1369 2837 pturae
1427 2785 1634 2836 turbidis,
1699 2798 1812 2840 quae
1862 2785 2089 2829 obscuram

1217 2844 1479 2884 sententiam
1514 2844 1708 2897 praebet,
1742 2857 1837 2886 cum
1858 2844 1973 2887 desit
2003 2859 2089 2902 quo

1216 2902 1446 2944 referatur.
1511 2903 1636 2954 Quod
1656 2903 1785 2945 Furia
1817 2917 1869 2946 ex
1890 2906 2091 2962 vestigiis

1216 2961 1315 3003 libri
1335 2962 1520 3004 Medicei
1551 2962 1716 3016 elicuit,
1754 2974 1838 3018 ego
1860 2976 1976 3006 nunc
2009 2977 2090 3008 ex-

1215 3020 1454 3074 plicatione
1495 3022 1664 3063 tuebor.
1748 3021 1922 3064 Etenim
1970 3023 2089 3066 urbis

1216 3093 1341 3121 casus
1378 3080 1638 3122 denotantur
1678 3080 1741 3122 illi
1776 3094 1885 3136 quos
1916 3081 2088 3124 'Tacitus

1215 3141 1395 3193 copiose
1415 3139 1647 3195 descripsit
1665 3141 1741 3182 XV
1766 3140 1958 3194 38-45,
1983 3140 2026 3184 h.
2046 3156 2085 3185 e.

1215 3198 1332 3240 urbis
1393 3200 1642 3241 incendium
1703 3199 1770 3241 bis
1829 3202 2087 3244 saevissime

1214 3264 1453 3313 grassatum
1478 3265 1520 3300 et
1547 3260 1827 3313 pecuniarum
1851 3259 2088 3304 collatione

1214 3330 1236 3357 a
1264 3319 1504 3371 provinciis
1535 3325 1578 3360 et
1606 3320 1740 3360 sociis
1765 3319 1938 3373 populis
1972 3322 2088 3362 civi-

1216 3377 1466 3432 tatibusque
1494 3378 1645 3420 liberis
1667 3378 1864 3420 lenitum.
1900 3378 1966 3421 De
1990 3379 2088 3421 col-

1214 3435 1312 3477 latis
1342 3439 1540 3490 pecuniis
1573 3437 1675 3494 lege
1696 3437 1772 3478 XV
1804 3437 1885 3480 45:
1919 3439 2087 3480 interea

1212 3496 1487 3550 conferendis
1514 3498 1707 3551 pecuniis
1723 3503 1972 3551 pervastata
1990 3497 2081 3538 Ila-

1210 3554 1292 3606 lia,
1342 3556 1596 3610 provinciae
1650 3569 1848 3607 eversae,
1897 3557 2083 3610 sociique

338 3608 481 3649 eodem
523 3622 666 3650 anno.-
719 3610 835 3651 conf.
878 3617 1026 3653 annot.
1070 3611 1123 3653 ad
1203 3615 1352 3668 populi
1401 3622 1440 3655 et
1482 3628 1588 3668 quae
1645 3615 1877 3655 civitatium
1920 3613 2082 3656 liberae

247 3661 264 3703 1
301 3664 372 3707 53.
475 3668 593 3709 urbis
626 3669 819 3711 casibus:
852 3683 957 3712 sane
990 3673 1123 3712 miror

1206 3679 1430 3716 vocantur.
1474 3673 1591 3715 Tunc
1614 3674 1750 3730 igitur
1765 3672 2081 3728 Lugdunenses
