2280 4004
216 271 256 318 -ὶι
287 268 338 319 C.
370 274 445 319 59.
845 268 1010 315 LIBER
1037 262 1153 315 xiv.
1214 267 1322 314 GAP.
1360 269 1486 312 1—3.
1960 263 2047 310 1³75

230 420 377 474 simul
412 427 510 473 suo
545 417 772 487 periculo
813 423 862 470 et
896 418 1103 470 infamia
1138 415 1356 470 Neronis
1387 412 1541 467 anxia
1581 410 1804 464 deferret
1840 409 2049 477 pervul-

230 519 400 580 gatum
441 527 556 564 esse
593 514 838 563 incestum
873 510 1126 578 gloriante
1163 514 1353 572 matre,
1395 522 1491 558 nec
1525 505 1829 556 toleraturos
1866 501 2048 555 milites

229 604 432 671 profani
471 603 711 670 principis
746 602 1023 668 imperium.
1097 600 1280 651 Fabius
1316 598 1550 651 Rusticus
1597 610 1700 647 non
1738 594 2050 663 Agrippinae

231 695 323 747 sed
363 694 554 747 Neroni
596 692 813 759 cupitum
860 691 912 742 id
966 695 1241 754 memorat,
1304 688 1631 754 eiusdemque
1679 686 1890 738 libertae
1938 690 2051 738 astu

233 786 515 837 disiectum.
589 784 690 837 Sed
729 798 858 850 quae
896 782 1130 846 Cluvius,
1169 780 1349 832 eadem
1387 778 1544 830 ceteri
1582 793 1781 844 quoque
1815 781 2088 829 auctores⁵

229 877 532 944 prodidere,
593 880 642 927 et
677 875 808 926 fama
846 874 944 924 huc
975 873 1215 937 inclinat,
1254 886 1346 923 seu
1388 870 1624 936 concepit
1659 870 1824 920 animo
1861 873 2050 920 tantum

230 949 551 1019 immanitatis
589 966 895 1033 Agrippina,
961 979 1052 1016 seu
1091 962 1387 1015 credibilior
1424 976 1589 1012 novae
1625 960 1851 1011 lihidinis
1885 959 2053 1011 medi-

228 1062 352 1110 tatio
390 1060 442 1108 in
483 1074 542 1109 ea
586 1058 696 1108 visa
747 1060 853 1120 est,
915 1069 1043 1121 quae
1092 1053 1400 1120 puellaribus
1454 1052 1598 1103 annis
1658 1057 1880 1116 stuprum
1936 1065 2049 1101 cum

229 1149 420 1216 Lepido
459 1163 550 1214 spe
585 1146 948 1198 dominationis
997 1145 1295 1208 admiserat,
1355 1143 1464 1209 pari
1517 1141 1751 1207 cupidine
1785 1139 2051 1206 usquead

228 1240 368 1291 libita
395 1239 631 1291 Pallantis
663 1237 946 1304 provoluta,
985 1240 1035 1287 et
1073 1235 1297 1287 exercita
1329 1234 1392 1285 ad
1428 1248 1576 1284 omne
1611 1233 1852 1299 flagitium
1887 1231 2116 1298 patrui'r'o

178 1331 430 1397 3nuptiis.
505 1329 663 1396 Igitur
696 1329 832 1380 Nero
870 1327 1035 1378 vitare
1072 1331 1301 1378 secretos
1343 1325 1452 1376 eius
1493 1337 1830 1389 congressus,
1870 1321 2055 1373 absce-

232 1421 432 1473 dentem
490 1421 542 1469 in
590 1419 767 1469 hortos
816 1422 900 1468 aut
938 1415 1273 1468 Tusculanum
1317 1415 1399 1467 vel
1452 1414 1706 1465 Antiatem
1767 1412 1819 1462 in
1875 1426 2052 1480 agrum

229 1513 455 1578 laudare,
497 1511 632 1578 quod
668 1509 823 1561 otium
859 1512 1165 1575 capesseret.
1239 1508 1518 1571 Postrem0‚
1555 1505 1858 1570 ubicumque
1895 1502 2057 1556 habe—

347 1665 388 1709 7.
421 1666 524 1707 inm.
557 1661 637 1706 Ma.
729 1662 771 1706 9.
807 1661 1142 1704 dominitationis
1173 1658 1276 1703 Ma.-

1335 1661 1582 1702 ammiserat
1615 1659 1705 1703 Ma:
1741 1659 1774 1703 G
1806 1659 2054 1702 admiserat.

233 1727 302 1769 13.
337 1731 575 1781 capesseret
606 1723 837 1764 Heinsius:
872 1721 1045 1763 codices
1076 1721 1318 1762 lacesseret.
2028 1719 2033 1724 ”

1415 1720 1621 1775 αόἱεᾶᾳαε
1649 1718 1729 1763 Ma.

1184 1860 1471 1914 adulterium,
1514 1866 1557 1903 et
1599 1861 1765 1903 admitti
1807 1872 1968 1902 novum
2013 1865 2058 1902 et

1182 1921 1423 1973 insolitum,
1457 1920 1531 1962 ubi
1563 1927 1763 1976 uterque,
1797 1921 1865 1961 vir
1886 1933 1936 1961 ac
1954 1932 2054 1960 mu-

231 1867 417 1909 Primum
447 1864 550 1907 mali
584 1865 661 1906 fati
682 1862 892 1918 Lepidum
916 1861 1100 1904 intelle-

232 1929 322 1983 git,
368 1926 441 1981 qui
487 1937 582 1967 cum
617 1923 667 1975 Q.
703 1922 858 1964 Catulo
894 1921 1101 1963 dissensit

230 1992 329 2041 post
360 1985 524 2026 obitum
558 1984 708 2026 Sullae
749 1988 792 2024 et
823 1983 866 2023 in
903 1980 1100 2024 Sardinia

230 2047 385 2099 peri-it3
419 2043 603 2085 alterum
631 2043 705 2098 qui
733 2041 946 2083 triumvir.
993 2039 1100 2082 Ter-

229 2105 338 2145 tium
371 2104 444 2158 qui
469 2101 737 2156 conspiravit
771 2102 816 2141 in
839 2100 1099 2156 Augustum,

230 2163 351 2205 illius
384 2162 544 2215 filium3
579 2166 776 2216 quartum
809 2159 862 2201 de
895 2171 979 2214 quo
1012 2158 1098 2200 hic.

231 2221 316 2266 Sed
359 2234 435 2264 cur
476 2226 606 2275 poeta
646 2221 707 2260 ait
742 2218 963 2260 incestum
1007 2219 1102 2259 eius

231 2281 493 2323 adulterium
517 2293 612 2321 cum
622 2279 868 2334 Agrippina
888 2283 935 2318 >et
949 2276 1102 2318 Livia?

230 2339 334 2382 Ideo
367 2341 468 2395 quia
498 2340 678 2379 maritus
710 2336 933 2379 Drusillae
967 2335 1101 2389 Lepi-

232 2399 327 2453 dus,
358 2405 405 2441 et
439 2411 534 2439 cum
559 2397 803 2454 Agrippina
833 2396 966 2438 etiam
997 2408 1102 2436 san-

233 2460 369 2514 guine
400 2459 591 2499 iunctus.
656 2455 796 2497 Credo
828 2455 942 2496 enim
986 2453 1103 2494 hunc

232 2517 442 2572 Lepidum
474 2521 621 2557 natum
654 2526 709 2556 ex
735 2514 929 2556 Aemilio
951 2513 1102 2555 Paullo

231 2582 279 2618 <et
314 2576 426 2618 Iulia
469 2581 604 2629 nepte
634 2574 837 2630 Augusti.
900 2573 958 2613 At
993 2572 1104 2614 iulia

233 2648 357 2677 soror
387 2634 675 2690 Agrippinae,
709 2646 822 2688 quae
848 2637 985 2673 mater
1009 2630 1102 2672 Caii

234 2701 278 2737 et
309 2706 520 2736 sororum.
561 2693 673 2734 Hinc
697 2692 860 2734 clarum
875 2689 1104 2732 cul-Caius

234 2765 533 2796 successorem
576 2751 701 2793 illum
744 2751 919 2804 imperii
965 2749 1103 2790 desti-

235 2814 432 2864 naverit,
476 2817 520 2852 et
551 2812 851 2865 quinquennio
895 2810 1104 2849 maturius

237 2885 361 2927 quam
398 2883 476 2925 per
506 2868 646 2924 'leges
686 2870 985 2924 magistratum
1030 2880 1106 2908 ca-

239 2943 343 2985 pere
386 2929 604 2980 voluerit3
654 2927 771 2982 quod
815 2927 898 2969 Dio
931 2926 1106 2967 tradidit

235 2990 326 3031 LlX
352 2991 427 3032 22.
478 2987 581 3028 Erat
601 2988 716 3028 enim
738 2986 970 3042 sanguinis
994 2998 1107 3040 gen-

237 3050 381 3103 tisque
397 3049 640 3103 Augustae,
673 3047 768 3099 pari
793 3058 888 3086 cum
906 3042 1108 3099 Caligula

236 3107 388 3163 gradu.
452 3106 630 3147 Praeter
681 3117 776 3145 rem
835 3103 944 3145 haec
1002 3103 1106 3154 dixi,

237 3165 290 3207 ad
341 3165 543 3207 Suetonii
590 3164 887 3218 historiaeque
934 3160 1105 3203 lucem?

235 3224 431 3266 Lipsius.
473 3223 595 3275 Rem,
624 3223 747 3264 cuius
775 3233 891 3263 nunc
922 3221 1108 3262 strictim

237 3282 503 3324 mentionem
534 3282 677 3322 iniicit
703 3280 908 3333 Lipsius,
952 3280 1108 3332 copio-

240 3343 330 3383 sius
364 3342 407 3382 in
442 3340 602 3382 Gaiana
644 3339 828 3380 historia
865 3338 1108 3390 rettulerat,

241 3401 295 3442 de
328 3413 412 3455 qua
453 3399 510 3440 cf.
550 3404 654 3439 tom.
691 3397 710 3438 1
743 3410 785 3451 p.
822 3397 924 3439 367.
987 3395 1109 3436 Adde

241 3459 295 3501 de
329 3459 414 3500 hoc
438 3457 602 3511 Lepido
622 3457 875 3499 Suetonium
896 3453 1048 3496 Claud.
1065 3454 1107 3496 9.

348 3531 455 3573 quae
499 3541 555 3548 —
595 3523 786 3571 stuprum
824 3539 880 3547 --
923 3513 1109 3554 admise-

242 3583 338 3619 rat.-
373 3576 605 3619 admittitur
637 3574 810 3617 adulter
838 3572 912 3615 vel
936 3578 1110 3628 stupra-

247 3641 339 3692 tor,
384 3636 463 3682 sed
505 3635 777 3679 committitur
811 3639 1007 3690 stuprum
1036 3630 1110 3676 vel

1182 1979 1286 2032 lier,
1341 1986 1503 2022 certam
1563 1981 1618 2021 ob
1671 1993 1791 2034 spem
1837 1978 2053 2034 flagitium

1183 2041 1470 2081 committunt.
1533 2038 1730 2081 Admittit
1779 2038 1923 2080 scelus
1979 2038 2054 2093 qui

1183 2098 1235 2139 ab
1269 2098 1358 2139 alio
1395 2100 1671 2140 commissum
1722 2110 1809 2138 nou
1844 2097 2052 2151 >prohibet

1182 2156 1262 2200 sed
1293 2157 1386 2199 fieri
1418 2159 1654 2211 permittit,
1699 2156 1822 2198 velut
1865 2156 1965 2198 XIV
1996 2155 2056 2200 62

1178 2223 1276 2273 post
1321 2217 1551 2258 admissum
1595 2216 1755 2268 scelus,
1805 2215 1848 2256 h.
1893 2229 1931 2257 e.
1974 2214 2054 2257 ad-

1182 2277 1360 2317 missum
1406 2289 1431 2317 a
1472 2275 1677 2328 Nerone,
1735 2280 1946 2329 patratum
1999 2274 2053 2316 ab

1183 2336 1384 2378 Aniceto.
1429 2334 1514 2377 Sed
1539 2335 1710 2377 Tacitus
1743 2334 1942 2389 vulgaria
1972 2332 2056 2375 de-

1186 2395 1328 2436 vitans
1363 2394 1564 2435 consulto
1609 2395 1841 2437 admiserat
1882 2391 2057 2434 videtur

1186 2453 1395 2509 elegisse,
1429 2459 1475 2493 ut
1506 2454 1550 2494 in
1581 2453 1793 2510 flagitium
1834 2465 1858 2493 a
1890 2450 2055 2505 Lepido

1187 2515 1483 2568 excogitatum
1501 2518 1544 2554 et
1565 2512 1756 2554 oblatum
1780 2511 2057 2553 consensisse

1185 2571 1499 2627 Agrippinam,
1547 2571 1668 2613 nulla
1723 2570 1933 2623 libidine,
1979 2568 2058 2611 sed

1185 2643 1271 2671 una
1285 2630 1532 2671 dominandi
1554 2644 1632 2684 spe
1651 2634 1904 2684 permotam,
1924 2629 2055 2670 etiarn

1185 2690 1322 2730 verbo
1345 2690 1630 2745 significaret.
1681 2690 1722 2731 Si
1742 2689 1838 2743 quis
1856 2689 1900 2729 in
1918 2687 2058 2729 forma

1187 2749 1432 2789 ammiserat
1474 2749 1612 2790 latere
1655 2747 1888 2789 crediderit
1939 2759 2058 2789 com-

1185 2809 1386 2859 miserat,
1427 2809 1464 2848 is
1501 2807 1574 2848 ubi
1609 2806 1927 2860 comparaverit
1958 2804 2058 2848 XIV

1187 2867 1246 2909 62
1269 2867 1509 2907 ammissum
1541 2879 1617 2920 pro
1651 2866 1892 2917 adinissum,
1926 2864 1979 2906 ab
2006 2877 2059 2906 ea

1189 2925 1398 2979 opinione
1431 2925 1644 2967 desistere
1676 2937 1763 2966 non
1797 2923 2026 2965 dubitabit.

1262 2983 1368 3038 Cap.
1402 2985 1444 3026 3.
1496 2986 1604 3039 quod
1637 2986 1766 3026 otium
1795 2989 2055 3039 capesseret:

1186 3043 1368 3084 nimium
1401 3045 1619 3096 patienter
1652 3042 1793 3085 adhuc
1833 3043 2058 3084 tolerave-

1186 3108 1289 3142 runt
1322 3114 1509 3143 naevum
1559 3102 1838 3144 manifestum
1871 3102 2056 3141 lacesse..

1187 3167 1281 3212 ret,
1334 3173 1462 3214 quem
1510 3160 1599 3201 leni
1642 3159 1836 3200 remedio
1877 3159 2059 3200 detersit

1190 3219 1409 3260 Heinsius.
1474 3217 1704 3260 Lacessere
1738 3230 1832 3258 cum
1864 3219 1919 3259 sit
1948 3218 2058 3259 irri-

1189 3284 1284 3319 tare
1343 3278 1480 3317 otium
1549 3277 1768 3319 lacessere
1837 3277 1874 3318 is
1938 3281 2058 3317 reete

1190 3334 1384 3388 dicetur,
1430 3336 1501 3389 qui
1551 3338 1667 3377 rixas
1718 3340 1791 3376 aut
1839 3340 2059 3376 certamen

1193 3407 1320 3449 quam
1353 3407 1502 3447 pacem
1537 3401 1580 3436 et
1612 3396 1803 3449 quietem
1841 3394 2057 3436 maluerit.

1189 3452 1362 3494 'l‘acitus
1393 3455 1654 3494 contrarium
1682 3451 1829 3493 dicere
1854 3452 2054 3494 intendit.

1192 3511 1275 3563 Qui
1318 3517 1472 3565 putant
1504 3513 1680 3568 gravius
1720 3511 1899 3553 verbum
1933 3510 2059 3553 dele-

1192 3571 1311 3627 gisse
1345 3571 1578 3626 Neronem,
1609 3576 1657 3611 ut
1680 3571 1815 3611 otium
1843 3575 2059 3626 tamquam

1189 3643 1281 3674 rem
1331 3629 1551 3674 insolitam
1598 3630 1723 3673 matri
1775 3630 2059 3688 significaret,
