2280 4004
271 217 331 264 26
1029 224 1321 276 ANNALIVM
1845 247 1887 282 a.
1918 239 1967 282 ι’.
1996 233 2109 286 ⁶707.

270 375 448 434 pacem
475 366 796 433 sempiterna.
870 369 978 422 Nec
1015 370 1154 423 aliud
1184 372 1522 426 levamentum
1554 388 1704 442 quam
1741 375 1787 428 si
1811 378 1967 431 certis
2004 378 2100 432 sub

270 457 472 529 legibus
509 459 684 512 militia
721 459 949 526 iniretur,
983 467 1037 514 ut
1073 463 1303 531 singulos
1341 464 1582 518 denarios
1618 474 1892 540 mererent,
1925 476 2098 524 sextus

273 548 514 605 decumus
551 551 786 619 stipendii
823 567 985 604 annus
1023 553 1171 607 finem
1209 556 1459 621 adferret3
1497 573 1563 610 ne
1599 558 1732 612 ultra
1769 560 1863 614 sub
1899 561 2100 619 vexillis

270 643 580 708 tenerentur,
622 643 715 694 sed
752 642 915 695 isdem
948 644 1206 702 incastris
1231 647 1508 713 praemium
1540 651 1758 720 pecunia
1798 652 2108 711 solveretur.¹
2140 646 2205 712 ἡ(

232 733 350 787 sAn
385 734 668 802 praetorias
709 734 965 802 cohortes,
1004 742 1138 807 quae
1170 738 1319 794 binos
1356 740 1595 796 denarios
1622 744 1943 812 acceperint,
1969 759 2100 815 quae

266 829 383 893 post
418 825 643 879 sedecim
674 842 835 881 annos
862 829 1127 894 penatibus
1164 831 1270 883 suis
1292 832 1585 900 reddantur,
1623 816 2098 904 plus'periculorum

267 917 570 983 suscipere?
627 919 740 971 Non
775 920 1049 973 obtrectari
1088 938 1116 973 a
1154 937 1212 975 se
1238 923 1459 977 urbanas
1482 926 1753 983 excubias:
1792 929 1891 997 sibi
1929 935 2098 983 tamen

268 1008 399 1075 apud
433 1008 669 1061 horridas
706 1017 886 1079 gentes
929 1030 957 1066 e
993 1014 1340 1068 contuberniis
1375 1016 1573 1070 hostem
1611 1020 1785 1086 aspici.
1877 1020 2098 1074 Adstre-
2114 1027 2182 1076 18

265 1100 416 1166 pebat
451 1101 658 1169 vulguS,
717 1103 935 1158 diversis
973 1106 1344 1175 incitamentis,
1407 1109 1459 1161 hi
1495 1111 1765 1163 verberum
1803 1117 1976 1179 notaS,
2024 1113 2097 1165 illi

203 1199 251 1237 no
267 1192 518 1259 canitiem,
545 1193 745 1260 plurimi
764 1195 945 1249 detrita
970 1199 1191 1266 tegmina
1217 1205 1266 1252 et
1288 1201 1475 1254 nudum
1502 1217 1686 1271 corpus
1710 1205 2094 1273 exprobrantes.

262 1284 522 1336 Postremo
551 1301 626 1338 eo
654 1287 841 1341 furoris
879 1305 1070 1344 venere
1104 1296 1159 1344 ut
1192 1297 1295 1345 tres
1332 1293 1564 1363 legiones
1600 1296 1818 1349 miscere
1856 1297 1909 1348 in
1943 1313 2093 1351 unam

265 1378 583 1447 agitaverint.

658 1379 864 1446 Depulsi
906 1382 1267 1450 aemulatione,
1325 1386 1441 1452 quia
1486 1401 1609 1439 suae
1649 1388 1863 1456 quisque
1899 1389 2093 1460 legioni

265 1483 378 1520 eum
403 1469 650 1523 honorem
677 1473 1006 1540 quaerebant,
1043 1475 1142 1526 alio
1177 1482 1395 1542 vertunt,
1435 1484 1585 1546 atque
1619 1494 1719 1532 una
1759 1485 1864 1533 tres
1897 1482 2092 1549 aqu-ilas

265 1564 315 1611 et
347 1560 495 1630 signa
535 1563 820 1615 cohortium
860 1564 1046 1617 locant.

1121 1566 1277 1620 Simul
1332 1575 1618 1638 congerunt
1666 1572 1946 1639 caespiteS,
2000 1589 2096 1626 ex-

200 1654 432 1703 ¹⁵truunt
467 1653 702 1720 tribunal,
743 1671 840 1722 quo
878 1658 1042 1725 magis
1082 1660 1356 1726 conspicua
1401 1662 1553 1714 sedes
1589 1663 1736 1715 foret.

1809 1665 2098 1731 Properan-

261 1743 393 1802 tibus
433 1745 643 1803 Blaesus
688 1747 922 1817 advenit,
982 1749 1379 1821 increpabatque
1430 1769 1491 1809 ac
1545 1755 1798 1811 retinebat
1838 1756 2089 1824 singuloS,

327 1893 331 1895 “
382 1907 421 1948 1.
456 1904 564 1948 aliut
594 1907 648 1949 M.
713 1909 755 1951 3
790 1908 959 1964 neseiat
987 1911 1044 1952 M.

1118 1910 1158 1952 5.
1193 1911 1359 1966 accepit
1390 1909 1453 1951 Μ·
1487 1911 1739 1954 emendavit
1769 1912 2011 1955 Beroaldus
2043 1913 2089 1954 in

256 1976 345 2021 mg.
362 1965 417 2008 M.
441 1971 485 2007 et
517 1967 561 2008 in
586 1967 704 2019 edito
742 1968 960 2023 exemplo.
1023 1970 1065 2012 8.
1088 1969 1264 2026 aputM,
1298 1976 1345 2010 ut
1376 1969 1470 2012 fere
1502 1970 1682 2027 ubique.
1748 1973 1817 2016 14.
1851 1980 1980 2016 cestr.
2015 1971 2088 2016 Or.

340 2111 387 2146 ut
416 2103 627 2160 singulos
655 2106 858 2148 denarios
889 2114 1130 2149 mererent.-

255 2162 369 2205 infra
403 2167 466 2219 (c.
501 2165 581 2221 26)
623 2165 786 2208 milites
831 2167 1056 2221 postulant
1086 2175 1133 2210 ut

255 2223 458 2265 denarius
491 2225 690 2266 diurnum
719 2227 973 2283 stipendium
1002 2229 1130 2282 foret,

255 2288 299 2324 et
332 2283 462 2337 paulo
496 2290 598 2325 ante
631 2285 719 2326 dux
751 2285 982 2328 seditionis
1016 2300 1129 2341 que-

253 2348 345 2386 stus
389 2349 478 2395 est,
553 2345 673 2386 denis
711 2346 758 2393 in.
806 2345 916 2387 diem
966 2346 1130 2388 assibus

254 2403 442 2444 animam
457 2409 497 2445 et
509 2417 662 2459 corpus
676 2404 876 2462 (militis)
893 2406 1129 2449 aestimari.

253 2461 465 2504 Nimirum
499 2463 705 2519 quamdiu
737 2465 926 2522 singulis
958 2465 1131 2508 assibus

253 2521 383 2564 militi
402 2522 710 2564 numerabatur
733 2524 1015 2579 stipendium,
1051 2524 1131 2568 de-

256 2595 349 2623 cem
393 2594 513 2623 asses
571 2583 744 2639 integer
788 2583 991 2626 denarius
1030 2583 1131 2636 fuit,

255 2640 362 2683 licet
394 2641 597 2683 denarius
619 2641 671 2683 ab
705 2655 743 2685 a.
767 2643 851 2686 537
873 2656 962 2685 non
995 2643 1131 2685 denos

254 2713 374 2743 asses
415 2701 492 2742 sed
532 2701 669 2743 denos
721 2708 764 2744 et
812 2715 942 2744 senos
982 2704 1129 2760 pretio

255 2766 489 2816 aequaret:
523 2760 690 2803 Plinius
722 2761 899 2804 XXXIII
930 2764 1008 2806 13:
1039 2770 1134 2819 post

255 2819 500 2862 Hannibale
517 2829 711 2876 uryente,
728 2823 776 2874 Q.
794 2822 923 2864 Fabio
939 2823 1131 2865 Maximo

256 2878 481 2932 dictatore,
517 2895 632 2921 asses
653 2881 848 2923 unciales
878 2883 1000 2936 facti,
1029 2881 1132 2937 pla-

257 2939 423 2992 cuitquc
471 2940 696 2980 denarium
746 2940 929 2981 sedecim
970 2941 1133 2982 assibus

250 2999 506 3053 per-mutari.
578 2998 662 3039 Sed
695 2999 807 3040 idem
842 2999 973 3053 paulo
1005 3006 1133 3041 anti:

255 3057 302 3098 in
333 3057 517 3099 militari
548 3065 690 3099 tamen
720 3059 928 3116 stipendio
969 3072 1133 3113 semper

256 3115 462 3159 denarius
500 3131 582 3173 pro
628 3116 771 3158 decem
811 3118 976 3159 assibus
1009 3118 1132 3158 datus

257 3182 330 3217 est.
397 3177 480 3218 Sed
504 3182 787 3232 posteaquam
808 3177 945 3219 Iulius
971 3176 1132 3219 Caesar

257 3234 447 3278 militare
500 3235 764 3291 stipendium
817 3251 840 3278 a
888 3237 1032 3291 quinis
1086 3237 1130 3277 in

257 3293 371 3337 diem
404 3296 574 3339 assibus
591 3296 713 3337 alixit
744 3295 797 3337 ad
815 3296 967 3348 denos,
1000 3295 1132 3337 desiit

258 3359 383 3395 vetus
441 3355 518 3397 illa
580 3355 788 3411 stipendii
853 3355 1129 3409 computandi

257 3415 391 3465 ratio,
432 3415 652 3470 militique
698 3428 785 3456 non
827 3421 947 3456 certa
978 3414 1131 3455 multi-

257 3471 361 3514 tudo
394 3475 552 3513 assium
587 3474 662 3515 sed
693 3489 842 3516 novem
861 3476 987 3516 aurei
1018 3487 1132 3530 quo..

259 3532 418 3583 tannis,
455 3536 498 3573 et
530 3533 667 3574 tribus
691 3535 866 3588 quidem
899 3535 1131 3589 pensioni-

258 3590 354 3644 hus,
390 3593 605 3632 numerati
638 3600 761 3644 sunt,
804 3606 911 3648 quos
956 3594 1129 3635 tandem

259 3649 313 3693 ad
374 3650 593 3695 duodecim
655 3664 808 3696 aureos
871 3658 1131 3708 quattuorve

1206 3531 1393 3573 ‘eisdem'
1435 3539 1532 3574 erat

1207 3590 1390 3632 ‘eisdem'
1411 3592 1523 3634 male
1553 3590 1751 3641 sonabat,
1780 3589 1958 3644 opimius
1983 3588 2081 3631 ‘iis-

1215 2108 1346 2148 trium
1393 2118 1626 2149 aureorum
1673 2109 1911 2162 pensiones
1965 2111 2090 2153 auxit

1216 2167 1518 2209 Domitianus:
1553 2167 1790 2211 Suetonius
1809 2167 1996 2212 Caesare
2012 2170 2086 2224 26,

1218 2226 1467 2268 Domitiano
1502 2228 1543 2269 7.
1635 2226 1723 2268 lam
1754 2240 1915 2270 novem
1947 2231 2086 2282 aurei,

1216 2299 1407 2327 annuum
1432 2286 1592 2328 Tiberii
1619 2292 1763 2328 aetate
1779 2286 2043 2342 stipendium
2061 2302 2087 2330 a

1215 2343 1403 2388 Caesare
1435 2346 1539 2386 olim
1559 2347 1855 2399 constitutum,
1881 2359 1977 2388 cum
1998 2347 2087 2391 900

1211 2406 1438 2446 sestertios
1462 2404 1658 2446 efficiant
1689 2406 1786 2447 sive
1807 2405 1928 2450 3600
1946 2417 2085 2460 asses,

1211 2463 1339 2506 miles
1365 2463 1563 2520 quotidie
1584 2463 1738 2506 decem
1757 2478 1879 2508 asses
1896 2465 2084 2520 accepit,

1212 2522 1289 2565 sed
1322 2535 1397 2565 eos
1431 2536 1613 2580 quorum
1635 2523 1828 2566 sedecim
1858 2524 2085 2568 denarium

1213 2582 1443 2626 efficerent
1485 2588 1529 2625 et
1567 2589 1774 2638 quattuor
1815 2585 2083 2627 sestertium.

1214 2641 1349 2685 Vides
1383 2644 1541 2700 igitur,
1577 2642 1741 2696 lector,
1775 2643 1880 2698 quid
1910 2643 2085 2686 intersit

1210 2702 1326 2743 inter
1377 2702 1530 2744 decem
1576 2714 1698 2744 asses
1748 2708 1793 2744 et
1840 2701 2081 2756 denarium,

1211 2760 1428 2817 intelligis
1468 2762 1599 2802 etiam
1633 2762 1833 2804 Suetonii
1874 2761 1929 2804 de
1970 2761 2084 2805 Iulio

1212 2818 1400 2862 Caesare
1422 2820 1558 2862 verba
1578 2819 1813 2876 legionibus
1832 2821 2087 2877 stipendium

1210 2880 1258 2920 in
1282 2887 1534 2936 perpetuum
1557 2879 1804 2936 duplicavit,
1836 2892 1924 2922 nen
1949 2893 2087 2923 accu-

1211 2945 1306 2980 rate
1339 2938 1455 2981 dicta
1490 2951 1603 2981 esse.
1664 2939 1711 2982 Iu
1730 2939 1866 2994 Lipsii
1897 2939 1952 2982 ad
1983 2938 2027 2982 h.
2053 2939 2082 2982 l.

1213 3011 1399 3039 excursu
1438 3012 1539 3039 vera
1573 2997 1696 3040 falsis
1735 3000 1870 3041 mixta
1901 3005 2003 3041 sunt
2033 3011 2085 3041 ae

1212 3056 1462 3098 Waltherus
1497 3070 1665 3099 errores
1697 3058 1926 3112 Lipsianos
1958 3060 2086 3100 novis

1211 3128 1237 3158 a
1266 3127 1314 3157 se
1348 3115 1506 3157 additis
1538 3117 1674 3160 auxit.

1297 3175 1431 3216 isdem
1468 3176 1515 3216 in
1554 3175 1737 3218 castris:
1784 3175 1924 3219 forma
1950 3176 2086 3219 ‘isdem

1211 3232 1324 3275 duce
1356 3234 1469 3275 libro
1495 3235 1535 3277 Μ
1567 3234 1723 3276 nititur
1755 3240 1799 3277 et
1830 3235 1884 3278 ab
1917 3237 2084 3290 optimo

1210 3291 1459 3335 Latinitatis
1511 3300 1691 3336 auctore
1744 3295 2083 3337 commendatur.

1210 3352 1314 3392 Nam
1349 3352 1506 3395 Cicero
1560 3356 1603 3394 in
1651 3354 1835 3395 Oratore
1882 3356 1939 3397 47
1975 3355 2083 3396 157:

1205 3411 1335 3452 ‘idem
1367 3427 1539 3470 canipus
1571 3414 1717 3454 habet’
1751 3414 1888 3467 inquit
1911 3413 2084 3454 Ennius

1212 3478 1252 3512 et
1280 3472 1342 3512 ‘in
1383 3473 1545 3529 templis
1586 3471 1728 3514 isdem'
1766 3471 1990 3527 probavit:
2037 3478 2084 3512 at

1581 3533 1723 3574 ver-ius
1737 3562 1750 3583 ‚
1809 3543 1890 3571 neo
1940 3536 2083 3571 tomen

1212 3649 1331 3706 dem’,
1372 3650 1446 3693 ubi
1486 3649 1622 3706 vulgo
1667 3653 1867 3704 corrupte
1915 3647 2081 3706 legitur
