2280 4004
297 292 385 339 164
1060 289 1351 337 ANNALIVM
1865 309 1905 340 a.
1937 306 1982 342 u·.
2011 297 2116 343 811.

436 437 571 489 Reos
623 449 687 484 ex
732 431 998 498 provincia
1042 432 1250 499 Africa,
1314 435 1397 501 qui
1437 436 1801 502 proconsulare
1854 441 2202 509 imperiumsa

295 527 400 578 illic
438 525 736 588 habuerant,
774 522 1049 590 Sulpicium
1090 524 1409 578 Camerinum
1440 532 1489 580 et
1512 529 1836 596 Pomponium
1863 531 2118 585 Silvanum

296 616 515 668 absolvit
552 615 771 678 Caesar,
836 613 1155 666 Camerinum
1216 616 1463 670 adversus
1522 620 1748 686 privatos
1805 626 1855 673 et
1905 635 2115 689 paucOS,

295 705 542 758 saevitiae
567 705 730 772 magis
759 719 907 771 quam
936 710 1191 774 captarum
1217 709 1543 774 pecuniarum
1579 711 1790 763 crimina
1817 712 2117 767 obicientes,

252 796 552 853 sSilvanum
590 811 777 863 magna
813 796 891 847 vis
930 803 1283 862 accusatorum
1319 800 1736 868 circumsteterat,
1773 805 2120 872 poscebatque

293 890 488 954 tempus
529 886 911 939 evocandorum
955 888 1184 939 testium:
1237 904 1357 942 reus
1396 890 1534 943 illico
1574 892 1780 944 defendi
1817 895 2116 961 postulabat.

291 978 558 1045 Valuitque
614 979 891 1044 pecuniosa
932 978 1149 1031 orbitate
1188 985 1238 1031 et
1287 987 1522 1049 senecta,
1587 999 1734 1051 quam
1784 984 1915 1038 ultra
1964 985 2120 1040 vitam

293 1083 469 1122 eorum
505 1069 747 1135 produxit
782 1084 993 1136 quorum
1031 1070 1219 1122 ambitu
1255 1079 1505 1125 evaserat.

435 1160 648 1222 Quietae
691 1161 755 1213 ad
791 1162 843 1213 id
888 1166 1082 1228 tempus
1119 1177 1203 1214 res
1239 1163 1291 1213 in
1327 1163 1596 1217 Germania
1634 1167 1862 1232 fuerant,
1909 1168 2205 1236 ingenio53

230 1264 278 1301 ιο
295 1249 494 1315 ducum,
537 1250 621 1316 qui
654 1251 966 1319 pervulgatis
1002 1253 1236 1319 triumphi
1261 1253 1547 1321 insignibus
1580 1256 1741 1309 maius
1773 1274 1837 1311 ex
1863 1273 1927 1311 eo
1962 1259 2120 1313 decus

293 1341 596 1408 sperabant,
651 1343 700 1393 si
738 1357 916 1407 pacem
957 1341 1408 1394 continuavissent.
1499 1344 1733 1397 Paulinus
1770 1346 2038 1414 Pompeius
2072 1353 2123 1402 et

290 1433 476 1485 Lucius
513 1435 668 1486 Vetus
732 1450 791 1486 ea
842 1438 1140 1500 tempestate
1189 1435 1435 1486 exercitui
1487 1441 1772 1502 praeerant.
1845 1438 1923 1491 Ne
1953 1443 2123 1492 tamen

291 1539 505 1592 segnem
544 1525 752 1576 militem
793 1528 1087 1589 attinerent,
1132 1524 1217 1576 ille
1257 1524 1546 1577 inchoatum
1583 1531 1699 1579 ante
1731 1532 1836 1579 tres
1877 1532 1928 1580 et
1963 1540 2124 1582 *sexa-

289 1614 431 1680 ginta
485 1629 647 1667 annos
697 1630 724 1665 a
778 1613 946 1665 Druso
1005 1628 1248 1681 aggerem
1305 1615 1594 1668 coercendo
1649 1617 1827 1672 Rheno
1886 1619 2120 1686 absolvit,

226 1729 274 1764 1⁵
290 1706 445 1758 Vetus
498 1706 759 1758 Mosellam
817 1711 967 1772 atque
1019 1705 1222 1757 Ararim
1280 1707 1413 1759 facta
1471 1707 1605 1760 inter
1661 1715 1928 1778 utrumque
1979 1711 2121 1764 fossa

291 1801 598 1849 connectere
637 1796 872 1863 parabat,
926 1801 979 1847 ut
1020 1797 1199 1863 copiae
1236 1812 1330 1863 per
1384 1814 1552 1864 mare,
1616 1801 1734 1852 dein
1774 1801 2023 1854 Rhodano
2072 1806 2123 1854 et

287 1888 454 1939 Arare
510 1887 786 1939 subvectae
843 1902 934 1953 per
992 1904 1104 1939 eam
1156 1889 1379 1955 fossam,
1439 1905 1559 1943 mox
1605 1891 1759 1944 fluvio
1807 1891 2018 1946 Mosella
2067 1892 2122 1944 in

286 1978 533 2044 Rhenum,
573 1979 691 2032 exin
720 1979 978 2031 Oceanum
1016 1979 1364 2046 decurrerent,
1400 1981 1711 2049 sublatisque
1747 1983 1946 2036 itineris
1985 1983 2124 2036 diffi-

291 2067 558 2120 cultatibus
612 2068 922 2137 navigabilia
986 2071 1120 2120 inter
1181 2084 1239 2121 se
1294 2069 1589 2122 Occidentis
1649 2071 2120 2143 Septentrionisque

403 2223 445 2266 2.
479 2220 720 2263 habueruut
750 2219 874 2263 GMa:
907 2221 1094 2262 mutavit
1119 2220 1371 2264 Rhenanus,
1454 2221 1708 2278 supplicium
1741 2223 1998 2267 camelinum
2026 2222 2120 2267 Ma:

288 2286 532 2323 correctum
564 2280 608 2320 in
642 2279 690 2323 G.
813 2284 860 2323 4.
894 2295 979 2323 sev.
1014 2279 1093 2323 Ma.
1217 2281 1259 2324 6.
1293 2281 1394 2322 ilico
1428 2279 1495 2322 Ma
1526 2287 1569 2323 et
1599 2295 1650 2337 pr
1683 2282 1742 2336 G,
1786 2283 1905 2325 illico
1939 2296 2038 2326 corr
2069 2282 2118 2327 G.

286 2341 328 2384 9.
364 2342 499 2395 quiete
535 2337 617 2381 Ma.
704 2341 772 2384 10.
803 2340 1048 2396 pervulyati
1080 2338 1208 2382 GMa:
1236 2340 1501 2397 pervulgatis
1532 2342 1646 2396 apud
1675 2342 1976 2386 Puteolanum.
2050 2345 2120 2386 11.

285 2399 494 2442 Paulinus
524 2396 605 2451 Ma,
639 2411 726 2439 non
759 2399 996 2441 Paullinus.
1092 2401 1159 2443 12.
1199 2399 1246 2441 L.
1281 2399 1361 2442 Ma.
1435 2413 1517 2442 nee
1533 2401 1625 2443 Mu:
1657 2415 1712 2443 ne
1741 2402 1790 2445 G.
1863 2403 1932 2446 14.
1966 2403 2122 2445 coher-

287 2460 420 2501 cendo
453 2458 534 2500 Ma.
658 2459 726 2500 15.
759 2458 941 2500 Ararim
973 2471 1042 2500 om
1077 2457 1201 2500 GMa:
1248 2459 1472 2514 supplevit
1504 2461 1786 2504 Puteolanus.
1881 2461 1951 2505 16.
1981 2475 2116 2505 cone-

287 2526 402 2620 2232·ae
429 2517 514 2618 ἒξ.
627 2518 849 2574 parabant
878 2531 928 2573 pr
958 2516 1039 2560 Ma.
1146 2518 1312 2560 rodano
1344 2518 1426 2561 Ma.
1544 2521 1611 2562 17.
1644 2521 1842 2564 subnecte
1872 2519 1953 2564 Ma.
2049 2520 2118 2565 18.

289 2718 471 2762 Scilicet
491 2719 815 2776 negotiatorum
842 2719 1046 2760 censibus
1066 2731 1160 2760 cum

287 2791 424 2820 naves
457 2790 544 2819 non
570 2778 896 2820 ascriberentur
928 2778 1162 2820 tributum-

289 2851 374 2893 que
406 2850 483 2892 pro
518 2838 572 2879 iis
613 2837 873 2879 solvendum
907 2850 994 2878 non
1029 2844 1160 2890 esset,

287 2896 519 2939 subvectio
563 2897 770 2938 frumenti
815 2899 984 2939 minore
1017 2899 1159 2951 pretio

286 2957 423 2999 stetit.
485 2955 614 2996 Falsa
647 2956 700 2997 de
744 2956 881 2997 verbo
924 2964 1162 3012 temperata

286 3014 470 3071 protulit
500 3014 769 3057 Waltherus.

366 3073 471 3128 Cap.
491 3075 562 3117 52.
617 3073 796 3115 absolvit
822 3074 1011 3116 Caesar:
1044 3073 1158 3116 Nero

288 3139 442 3175 auctor
464 3138 557 3175 erat
580 3133 792 3188 patribus,
815 3139 861 3173 ut
885 3132 1159 3175 Camerinum

289 3199 513 3246 captarum
546 3193 829 3247 pecuniarum
863 3194 1045 3234 crimine
1079 3192 1159 3234 ab-

287 3252 538 3294 solverent:
584 3252 803 3306 Sulpicius
827 3250 1081 3293 Camerinus
1114 3253 1159 3292 in

285 3312 409 3353 Actis
441 3310 620 3352 fratrum
663 3311 876 3352 arvalium
919 3311 1029 3366 (tab.
1061 3310 1159 3352 XIV

289 3369 502 3425 -XVIIJ
545 3376 808 3411 memoratur
849 3371 943 3411 eius
978 3370 1159 3426 collegii

288 3430 511 3484 magister.
560 3429 824 3471 Interfectus
858 3435 924 3471 est
955 3429 1008 3470 ab
1028 3429 1157 3471 Helio

288 3486 446 3529 liberto
480 3487 694 3529 Neronis:
727 3488 810 3529 Dio
844 3487 976 3529 Lxlll
1012 3488 1078 3530 18.

387 3547 592 3588 adversus
636 3549 831 3602 privatos
879 3554 919 3587 et
971 3559 1158 3602 paucos:

285 3615 374 3645 non
399 3606 601 3647 civitates
629 3605 868 3660 populique
901 3607 1158 3659 provinciae

288 3664 576 3722 accusabant,
618 3663 698 3712 sed
737 3665 900 3724 privati
939 3670 984 3710 et
1012 3665 1158 3724 pauci,

1249 2719 1369 2774 iique
1410 2731 1497 2760 non
1544 2724 1630 2761 tam
1674 2719 1956 2774 proferebant
2005 2733 2118 2776 quae

1247 2790 1407 2820 nomen
1442 2791 1599 2821 causae
1619 2779 1690 2836 (de
1718 2779 1982 2835 repetundis)
2012 2792 2118 2835 pro-

1246 2837 1459 2890 mittebat,
1494 2851 1620 2893 quam
1649 2838 1736 2880 alia
1758 2839 1941 2880 crimina
1963 2839 2009 2881 in
2036 2839 2119 2882 de-

1246 2896 1422 2938 lationis
1454 2896 1608 2939 libello
1642 2909 1730 2938 non
1770 2898 2028 2953 perscripta.

1333 2956 1648 2999 evocandorum
1678 2958 1870 3000 testium:
1903 2957 1961 3000 cf.
1997 2970 2034 3000 e.
2058 2955 2120 3000 43

1246 3028 1343 3056 cum
1371 3021 1519 3058 annot.
1613 3029 1738 3070 quam
1766 3016 1886 3058 ultra
1914 3017 2119 3058 vitam-—

1245 3082 1469 3117 evaserat.-
1502 3074 1709 3116 ambitum
1732 3075 1936 3131 intellige
1961 3087 2111 3118 eorum

1250 3134 1323 3188 qui
1356 3147 1477 3175 reum
1512 3139 1795 3190 protegentes
1823 3133 1953 3176 huius
1986 3134 2117 3176 favo-

1244 3205 1336 3233 rem
1358 3192 1607 3234 ambiebant
1637 3199 1680 3235 et
1696 3205 1774 3247 pro
1797 3193 1873 3235 tali
1896 3192 2116 3236 beneficio

1245 3251 1339 3293 orbi
1373 3257 1680 3294 testamentum
1713 3251 2018 3307 expectabant.
2058 3252 2122 3294 At-

1244 3310 1374 3351 homo
1418 3311 1563 3353 lentus
1605 3311 1740 3367 longa
1780 3313 1873 3354 vita
1908 3323 1981 3354 eas
2011 3319 2112 3364 spes

1245 3370 1475 3412 frustratus
1509 3376 1590 3414 est.

1332 3427 1436 3483 Cap.
1487 3429 1558 3472 53.
1619 3427 1880 3484 pervulyatis
1911 3422 2113 3480 triumphi

1242 3488 1508 3543 insiqnibus:
1553 3487 1733 3541 respicit
1779 3486 1950 3527 Tacitus
1999 3495 2025 3525 a
2061 3493 2111 3524 se

1242 3553 1414 3589 narrata
1455 3546 1515 3588 xl
1556 3547 1628 3591 20.
1749 3543 1954 3586 Paulinus
1983 3541 2112 3582 Pom.

1237 3607 1361 3661 peius
1380 3613 1420 3647 et
1439 3605 1598 3647 Lucius
1635 3604 1776 3646 Vetus.-
1808 3597 2113 3642 Plin.x·xx111

1243 3665 1301 3711 50
1345 3677 1442 3709 cum
1486 3662 1740 3724 Pompeium
1778 3658 2008 3707 Paulinum
2054 3681 2109 3697 -
