2280 4004
204 283 232 317 a
262 271 311 317 Ο.
342 272 416 320 48.
772 273 936 319 LIBER
971 271 1043 318 xl.
1106 271 1213 318 Gn.
1245 270 1437 318 36-38.
1963 268 2022 317 41

207 429 305 482 que
341 414 717 470 centurionibus
756 419 804 467 et
837 414 1036 465 tribuno
1074 414 1156 480 qui
1196 413 1424 478 aderant,
1464 409 1646 478 exequi
1681 409 1919 462 caedem:
1955 408 2026 462 ita

206 507 561 573 imperatorem
585 507 776 558 iubere.
828 507 1007 559 Custos
1036 511 1085 558 et
1117 511 1326 558 exactor
1354 522 1382 557 e
1411 504 1604 556 libertis
1627 502 1833 557 Euodus
1862 501 2026 565 datur.

209 598 355 665 Isque
391 599 569 665 raptim
608 601 660 650 in
697 599 872 651 hortos
908 613 1242 672 praegressus
1280 596 1502 664 repperit
1541 596 1704 648 fusam
1740 593 1893 658 humi,
1930 593 2028 644 ad·-

207 689 406 741 sidente
439 696 598 742 matre
628 691 834 758 Lepida,
876 705 1004 757 quae
1029 690 1229 741 florenti
1260 689 1392 740 filiae
1428 688 1560 739 haud
1591 699 1810 738 concors
1844 699 2027 750 supre-

206 781 300 832 mis
334 781 441 832 eius
481 782 870 832 necessitatibus
915 782 979 832 ad
1024 779 1399 832 miserationem
1442 779 1605 831 evicta
1644 782 1778 842 erat,
1835 775 2064 847 suade-,5

206 871 390 938 batque
425 887 490 924 ne
536 888 892 939 percussorem
945 873 1292 940 opperiretur:
1343 872 1589 923 transisse
1626 871 1806 934 vitam,
1861 882 2027 935 neque

206 961 342 1014 aliud
375 978 521 1030 quam
549 964 696 1014 morti
731 963 887 1015 decus
918 963 1276 1030 quaerendum.
1338 963 1438 1015 Sed
1472 963 1640 1015 animo
1671 976 1764 1027 per
1790 958 2030 1013 libidines

207 1060 445 1120 corrupto
482 1054 607 1105 nihil
643 1055 909 1106 honestum
946 1056 1141 1119 inerat3
1183 1055 1525 1119 lacrimaeque
1562 1058 1612 1104 et
1650 1056 1855 1118 questus
1892 1049 2032 1103 inriti

206 1144 547 1210 ducebantur,
608 1161 719 1196 cum
755 1147 940 1213 impetu
987 1146 1295 1198 venientium
1333 1145 1506 1211 pulsae
1546 1144 1715 1208 foreS,
1778 1141 2031 1208 astititque

203 1236 432 1289 tribunus
471 1251 563 1305 per
600 1236 882 1303 silentium,
939 1242 989 1289 at
1021 1237 1230 1289 libertus
1267 1237 1536 1302 increpans
1572 1234 1738 1286 multis
1778 1238 1828 1285 et
1862 1231 2095 1288 servi-io

121 1327 336 1382 381ibus
381 1328 598 1394 probris.
718 1329 857 1382 Tunc
911 1329 1125 1395 primum
1189 1329 1441 1380 fortunam
1507 1342 1648 1379 suam
1710 1324 2030 1391 introspexit,

207 1419 496 1487 ferrumque
534 1421 754 1486 accepit,
794 1421 929 1488 quod
965 1422 1150 1473 frustra
1185 1420 1358 1489 iugulo
1398 1425 1482 1470 aut
1518 1417 1714 1485 pectori
1746 1432 1839 1483 per
1871 1415 2035 1482 trepi-

208 1511 462 1562 dationem
501 1511 777 1563 admovens
834 1512 938 1564 ictu
995 1512 1185 1563 tribuni
1239 1511 1554 1579 transigitur.
1641 1509 1836 1575 Corpus
1883 1505 2032 1560 matri

209 1617 526 1654 concessum.
574 1603 962 1670 Nuntiatumque
987 1603 1198 1655 Claudio
1228 1603 1444 1670 epulanti
1471 1601 1669 1668 perisse
1688 1599 2029 1663 Messalinam,

205 1707 311 1744 non
351 1693 589 1746 distincto
623 1710 713 1746 sua
750 1710 815 1747 an
849 1695 1013 1748 aliena
1054 1711 1218 1748 manu,
1294 1697 1400 1747 Nec
1439 1694 1524 1746 ille
1564 1693 1831 1760 quaesivit,
1865 1705 2094 1758 popo-1⁵

206 1786 401 1852 scitque
447 1786 681 1852 poculum
734 1792 784 1838 et
838 1787 988 1839 solita
1041 1787 1275 1839 convivio
1335 1785 1624 1838 celebravit.
1719 1785 1796 1836 Ne
1841 1783 2032 1835 secutis

208 1875 409 1944 quidem
465 1877 642 1929 diebus
690 1877 796 1928 odii
838 1878 1050 1945 gaudii,
1112 1878 1221 1929 irae
1270 1877 1537 1942 tristitiae,
1601 1874 1749 1927 ullius
1814 1874 2033 1943 denique

207 1967 410 2019 humani
448 1968 676 2020 adfectus
712 1969 859 2036 signa
902 1970 1070 2035 dedit,
1127 1984 1231 2020 non
1272 1985 1382 2021 cum
1420 1969 1666 2020 laetantes
1706 1972 2032 2019 accusatores

207 2058 474 2123 aspiceret,
512 2073 619 2109 non·
648 2075 757 2111 cum
786 2060 916 2112 filios
945 2066 1246 2112 maerentes.
1322 2060 1548 2126 Iuvitque
1577 2059 1886 2110 oblivionem
1923 2057 2032 2110 eius

206 2153 410 2200 senatus
453 2151 710 2202 censendo
751 2166 937 2202 nomen
979 2156 1028 2203 et
1067 2152 1264 2219 effigies
1300 2151 1509 2218 privatis
1548 2167 1609 2202 ac
1649 2149 1865 2216 publicis
1902 2148 2031 2200 locis
2048 2169 2096 2208 20

209 2239 570 2292 demovendas.
645 2242 862 2294 Decreta
896 2243 1140 2294 Narcisso
1182 2243 1471 2308 quaestoria
1513 2242 1764 2310 insignia,
1826 2240 2035 2292 levissi-

206 2345 338 2381 mum
379 2330 570 2383 fastidii
607 2332 742 2397 eius,
804 2348 916 2385 cum
955 2348 1108 2400 super
1141 2333 1412 2385 Pallantem
1459 2338 1507 2384 et
1546 2333 1803 2384 Callistum
1840 2335 2032 2400 ageret.

327 2517 365 2558 1.
400 2516 584 2559 aderant
617 2517 665 2560 G:
709 2517 776 2560 Ma
807 2519 974 2562 aderat.
1070 2519 1213 2563 cedem
1244 2519 1324 2563 Ma.
1420 2523 1462 2564 2.
1498 2526 1705 2562 eoeauctor
1736 2517 1817 2562 Ma.
1912 2519 2039 2562 datur

206 2572 331 2618 GMaz
364 2574 486 2618 datus
518 2583 618 2619 ante
651 2576 917 2620 Orellianam
951 2578 1047 2621 edd.
1145 2581 1187 2622 3.
1223 2587 1337 2622 ortos
1359 2578 1439 2622 Ma.
1531 2580 1736 2636 {agressus
1755 2577 1821 2621 Ma
1853 2579 2039 2638 (lineola

205 2633 379 2676 videtur
410 2649 435 2677 a
467 2642 740 2689 correctore,
786 2639 858 2693 qui
893 2639 982 2695 leg.
1026 2639 1294 2709 significavit
1330 2642 1662 2696 praeyressus),
1699 2653 1952 2695 proqressus
1986 2638 2034 2681 G.

205 2705 290 2735 ass,
326 2692 398 2736 Or.
518 2699 560 2738 4.
594 2710 670 2751 que
702 2695 782 2739 Ma.
873 2712 1080 2754 supremus
1113 2700 1202 2740 eius
1235 2700 1324 2741 eius
1356 2700 1679 2741 necessitatibus
1711 2698 1792 2740 Ma.
1883 2698 1927 2740 8.
1961 2698 2036 2739 ni-

207 2751 302 2806 chit,
327 2752 407 2795 Ma.
502 2754 760 2810 lacrimeque
793 2756 873 2798 Ma.
963 2758 1082 2800 irriti
1114 2757 1185 2800 Or.
1293 2759 1360 2802 10.
1396 2766 1440 2800 at
1472 2757 1553 2811 Ma,
1587 2773 1641 2800 ac
1671 2758 1757 2800 BG.
1882 2764 1921 2798 et
1953 2756 2034 2809 Ma,

207 2823 261 2851 ac
294 2810 341 2854 G.
438 2814 505 2855 12.
541 2822 614 2855 aut
646 2814 727 2866 Ma,
761 2829 814 2857 ac
846 2816 892 2857 G.
989 2817 1056 2859 18.
1092 2819 1166 2873 aff.
1203 2816 1283 2860 Ma.
1380 2819 1447 2861 19.
1483 2825 1691 2859 merentes
1723 2815 1802 2859 Ma.
1877 2818 1948 2860 20.
1983 2830 2037 2858 ac

207 2867 295 2910 Ma:
327 2877 365 2911 et
399 2869 446 2911 G.
567 2875 638 2915 22.
674 2875 840 2928 fastidii
871 2873 950 2927 Ma,
982 2877 1148 2932 fastiqii
1181 2876 1214 2918 G
1247 2883 1289 2918 et
1327 2877 1403 2918 alii
1437 2876 1563 2919 codd.
1703 2879 1849 2934 super]
1887 2890 1907 2917 s
1940 2888 2035 2916 cum

209 2926 345 2969 cauda
377 2929 456 2982 Ma,
487 2943 613 2984 quam
646 2938 790 2973 notam
822 2948 950 2989 super
980 2935 1171 2989 explicat
1202 2936 1411 2989 Ryckius‚
1445 2938 1508 2977 uti
1546 2942 1611 2978 est
1650 2950 1687 2978 c.
1721 2936 1779 2979 28
1811 2937 1855 2977 in
1888 2948 1931 2977 v.
1961 2949 2041 2976 su·-

203 2995 392 3042 percsset
428 2994 471 3029 et
508 2992 562 3033 12
592 2991 648 3034 9:
683 2992 911 3034 secundum
944 2993 977 3035 G
1000 3000 1044 3036 et
1077 2994 1364 3038 Oxonienses.
1460 3002 1607 3052 afferet
1642 3027 1651 3038 .
1686 2996 1865 3037 honesta
1896 2994 1976 3037 Ma.

208 3130 364 3181 tinere,
397 3131 643 3184 superbiam
673 3134 824 3187 procul
848 3135 1079 3180 abiicere?

1256 3137 1360 3192 Gap.
1385 3137 1457 3179 38.
1522 3150 1609 3178 non
1642 3137 1838 3178 distincto
1871 3149 1950 3177 sua
1979 3149 2038 3176 an

211 3187 414 3229 Ceterum
478 3190 586 3231 illud
647 3199 809 3234 tantum
863 3207 950 3236 non
1012 3202 1078 3237 est

1162 3196 1312 3236 aliena
1362 3209 1523 3237 manu.-
1584 3195 1727 3236 simile
1782 3195 2037 3238 imminutae

208 3246 359 3306 μόνον
380 3247 660 3305 (seulement),
683 3257 729 3291 ut
747 3252 841 3293 vult
861 3252 1075 3308 Orellius3

210 3306 254 3347 id
300 3305 491 3346 ostendit
546 3308 781 3350 collocatio
826 3313 1073 3364 verborum,

210 3377 322 3419 quae
362 3366 405 3405 in
449 3365 669 3408 Orelliana
711 3371 926 3411 sententia
959 3377 1076 3412 esset

209 3424 409 3480 superbia
441 3431 604 3466 tantum
636 3450 691 3457 --
720 3427 881 3482 egebat.
944 3428 1077 3470 lmmo

211 3489 372 3524 tantum
406 3483 446 3525 h.
477 3484 504 3525 l.
539 3483 657 3525 valet
690 3485 730 3527 id
765 3486 878 3542 quod
910 3489 957 3529 in
976 3494 1077 3528 tan-

214 3549 299 3584 tum
347 3542 418 3584 vel
469 3543 591 3584 adeo.
712 3552 751 3585 et
797 3546 1074 3601 languescere

212 3603 305 3642 ira:
340 3600 423 3644 hoc
456 3609 495 3644 et
527 3603 569 3643 in
602 3603 820 3659 principio
863 3606 1076 3648 enuntiati

214 3661 400 3713 positum
433 3661 546 3704 idem
585 3661 704 3704 valet
735 3665 852 3721 quod
884 3671 924 3708 et
954 3677 1074 3708 sane.

1163 3252 1332 3294 Claudii
1382 3256 1539 3295 inentis
1583 3254 1806 3307 specimen
1848 3252 2036 3295 vidimus

1161 3313 1216 3353 xl
1264 3315 1292 3355 2
1339 3318 1448 3354 extr.
1571 3313 1659 3354 odii
1705 3313 1878 3367 gaudii,
1940 3312 2036 3353 irae

1165 3372 1391 3412 tristitiae.-
1441 3373 1499 3412 ita
1549 3371 1658 3413 haec
1696 3371 1831 3413 verba
1874 3370 2038 3412 distin..

1164 3429 1336 3485 guenda
1369 3436 1492 3481 sunt;
1527 3443 1568 3471 v.
1604 3430 1657 3471 ad
1689 3430 1745 3471 Xl
1776 3430 1819 3472 6.
1920 3429 2033 3483 filios

1162 3495 1427 3529 maerentes.-
1474 3489 1769 3530 Britannicum
1813 3493 1856 3530 et
1899 3488 2032 3531 Octa-

1164 3548 1303 3588 viam:
1338 3560 1379 3588 v.
1417 3547 1470 3589 ad
1501 3547 1518 3589 1
1555 3549 1625 3591 55.

1248 3606 1500 3653 levissimum
1548 3607 1718 3664 fastidii
1760 3607 1872 3650 eius:
1924 3619 2033 3650 con-

1162 3672 1284 3711 verte
1349 3666 1425 3709 der
1480 3668 1695 3724 qerinqste
1764 3666 2036 3726 Geqenstancl
