2222 4022
231 267 333 311 VIII
1022 256 1288 303 PROOEMH

229 414 373 462 sexto
413 406 680 459 consulatu
718 406 918 457 functus
956 407 1059 468 est,
1123 401 1655 469 septimumdecimum··
1676 400 1812 452 vitae
1852 411 2055 464 annum,

231 515 329 566 quo
370 498 601 550 absoluto
638 496 814 561 incipit
859 499 1000 545 aetas
1038 493 1306 558 iuvenilis,
1347 507 1611 560 egressum
1648 491 1747 543 iam
1786 504 1931 554 esse}
1966 490 2058 542 sed

232 591 296 642 ad
339 606 486 656 quem
525 590 659 639 vitae
699 602 883 638 annum
922 600 1228 652 progressus
1267 590 1386 635 tunc
1423 584 1606 648 fuerit,
1666 587 1905 634 accurate
1940 581 2060 632 hinc

232 681 429 733 definiri
466 695 568 730 non
609 683 802 745 potest,
865 677 1190 743 quoniampet
1239 676 1322 742 qui
1369 676 1432 727 18
1475 689 1636 726 annos
1678 674 1828 738 vixit,
1887 678 1938 724 et
1976 672 2060 739 qui

236 771 299 822 19
353 771 433 822 vel
489 772 554 822 20
614 782 848 820 emensus
903 772 1009 832 est,
1067 748 1266 816 incenis
1322 766 1586 817 admodum
1638 764 1816 816 vocari
1873 767 2057 830 potest.

229 862 458 928 Amplius
488 865 656 911 tamen
692 865 746 909 ut
776 858 1083 910 excedamus
1108 862 1158 909 et
1181 857 1354 908 Tacito
1392 857 1523 908 illius
1551 844 1804 908 sermonis
1834 859 2061 921 tempore

230 954 400 1019 plures
460 966 608 1017 quam
672 949 853 1016 viginti
908 949 1215 1017 largiamur,
1285 963 1470 1000 nomen
1524 947 1723 998 iuvenis
1794 946 2064 998 admodum

230 1059 333 1094 non
384 1042 672 1094 concedere
724 1041 974 1092 videatur.
1076 1041 1176 1093 Sed
1228 1040 1410 1092 eodem
1462 1039 1695 1106 principe
1743 1038 2060 1105 Vespasiano

233 1152 344 1187 cum
404 1134 690 1200 quaestoris
749 1148 957 1184 munere
1009 1132 1209 1183 Tacitus
1267 1132 1562 1198 perfunctus
1619 1135 1669 1182 et
1723 1131 1774 1180 in
1834 1134 2064 1181 senatum

232 1227 440 1279 allectus
471 1227 537 1277 sit
563 1225 689 1288 (hoc
719 1229 854 1290 patet
877 1241 940 1275 ex
967 1224 1110 1274 initio
1136 1223 1469 1274 Historiarum
1498 1223 1584 1273 ubi
1611 1221 1894 1288 diqnilatem
1919 1235 2066 1278 suam

230 1333 264 1367 a
309 1316 619 1382 Vespasiano
656 1314 977 1365 inchoatam¹
1033 1330 1148 1366 esse
1186 1314 1361 1380 dicit),
1420 1319 1468 1365 et
1511 1313 1574 1365 ad
1615 1319 1935 1380 quaesturam
1972 1327 2065 1378 pro

231 1409 409 1458 aetatis
450 1407 583 1457 illius
628 1421 770 1458 more
806 1412 938 1456 anno
971 1405 1219 1456 vicesimo
1255 1410 1450 1471 quarto,
1490 1405 1553 1455 ad
1577 1405 1874 1472 dignitatem
1911 1419 2067 1455 sena·-

231 1500 413 1550 toriam
486 1499 732 1549 vicesimo
807 1497 980 1563 quinto
1047 1496 1416 1562 pervenerit2‚
1500 1496 1844 1561 Vespasianus
1901 1499 2067 1546 autem

232 1590 378 1640 V1111.
418 1588 664 1639 kalendas
716 1587 867 1639 Iulias
924 1603 969 1638 a.
1009 1586 1077 1638 79
1126 1603 1155 1638 a
1197 1586 1312 1637 Chr.
1372 1587 1687 1650 decesserit,
1754 1602 1815 1637 ac
1867 1586 2069 1639 Tacitus

234 1685 470 1746 quattuor
494 1679 639 1730 annis
666 1685 781 1731 ante
806 1684 879 1740 (a.
905 1680 997 1742 75)
1021 1678 1221 1727 iuvenis
1246 1678 1512 1728 admodum
1537 1678 1703 1743 suerit,
1738 1679 1783 1730 is
1808 1683 2067 1745 postremo

235 1772 434 1822 demum
476 1785 609 1820 anno
647 1771 959 1835 principatus
1002 1769 1302 1835 Vespasiani
1351 1770 1401 1818 in
1440 1774 1669 1820 senatum
1716 1773 1952 1835 receptus
1992 1774 2071 1821 est

235 1866 285 1912 et
321 1861 549 1927 proxime
585 1862 757 1927 priore
784 1861 904 1924 (78)
939 1866 1260 1926 quaesturam
1291 1861 1673 1912 administravit.
1751 1861 1840 1913 Cui
1873 1866 2072 1928 tempo-

232 1967 343 2002 rum
379 1951 566 2003 ratleni
605 1953 830 2017 perbene
868 1952 1107 2002 convenit
1146 1951 1279 2016 quod
1309 1951 1605 2018 dignitatem
1641 1966 1781 2002 suam
1823 1967 1851 2003 a
1875 1953 2074 2019 Vespa-

235 2042 380 2094 siano
421 2041 710 2092 inchoatam
746 2043 955 2094 scribit:
1020 2042 1254 2092 inchoari
1301 2043 1432 2093 enim
1470 2059 1530 2094 ea
1579 2043 1815 2094 dicuntur
1857 2058 2069 2111 quorum

233 2133 484 2199 principia
545 2139 734 2184 tanturn
804 2138 1130 2200 peraguntur.
1243 2132 1373 2184 Hinc
1432 2134 1805 2189 consectarium
1861 2135 1958 2186 erit
2014 2140 2070 2186 ut

234 2224 459 2274 Tacitum
499 2239 631 2275 anno
670 2225 739 2275 54
780 2241 807 2275 a
848 2225 963 2276 Chr.
1002 2224 1166 2276 lucem
1203 2225 1339 2276 vitae
1376 2226 1708 2290 conspexisse
1749 2226 1993 2278 dicamus.

377 2316 536 2376 Quam
574 2315 999 2380 computationem
1035 2316 1168 2368 bene
1218 2331 1275 2367 se
1324 2316 1515 2367 habere
1572 2316 1671 2367 alio
1729 2317 1828 2368 iam
1876 2317 2068 2369 indicio

238 2406 547 2457 confirmabo
601 2408 751 2472 atque
804 2386 1079 2458 decla'rabo
1118 2407 1341 2458 Tacitum
1384 2413 1498 2460 ante
1546 2423 1728 2459 annum
1769 2425 1798 2460 a
1847 2409 1962 2460 Chr.
2002 2409 2069 2462 78

236 2498 299 2548 ad
341 2503 660 2563 quaesturam
699 2498 979 2564 gerendam
1018 2512 1120 2548 non
1155 2499 1457 2550 accessisse.
1533 2500 1658 2551 Nam
1694 2500 1777 2566 qui
1814 2499 2068 2552 inoffenso

235 2588 485 2639 honorum
526 2603 677 2639 cursu
712 2593 990 2654 uterentur,
1033 2589 1167 2656 quod
1199 2590 1371 2641 Tacito
1411 2591 1640 2658 contigit,
1677 2596 1792 2657 post
1831 2595 2072 2658 quaestu-

236 2694 345 2729 ram
385 2679 496 2730 sine
531 2680 831 2746 magistratu
871 2695 987 2732 esse
1037 2686 1085 2731 et
1134 2696 1300 2731 annuo
1342 2682 1503 2747 spatio
1556 2687 1766 2748 peracto
1804 2683 1866 2733 ad
1902 2682 2068 2734 tribu-

237 2773 408 2820 natum
441 2770 604 2836 plebis
642 2771 887 2837 progredi
926 2770 1189 2822 solebant:
1239 2772 1303 2823 cf.
1343 2771 1469 2839 Agr.
1509 2772 1555 2824 6.
1632 2773 1826 2835 Quodsi
1861 2773 2061 2825 Tacitus

330 2931 366 2970 1.
402 2930 512 2971 llist.
552 2931 570 2972 1
608 2932 655 2971 1:
689 2931 793 2972 mihi
827 2931 965 2973 Galba
1001 2932 1107 2973 Otho

246 2988 439 3030 Vitellius
470 3004 550 3030 nec
590 2990 790 3044 beneficio
832 3004 913 3031 nec
944 2993 1110 3033 iniuria

238 3049 410 3103 cogniti.
453 3049 716 3104 Diynitalem
747 3057 938 3092 nostram
964 3064 991 3091 a
1029 3051 1109 3093 Ve-

235 3108 437 3163 spasiano
461 3108 734 3161 inchoatam,
759 3123 786 3149 a
815 3109 899 3150 Tito
924 3118 1108 3163 auctam,

238 3180 266 3207 a
289 3166 535 3207 Domitiano
557 3167 724 3223 lonyius
744 3176 994 3224 provectam
1025 3183 1111 3211 non

238 3225 474 3268 abnuerim.

327 3287 367 3328 2.
401 3284 528 3339 Apud
546 3285 732 3329 Dionem
756 3286 985 3329 Maecenas
1007 3300 1111 3342 pro-¹

240 3345 411 3384 nuntiat
445 3343 514 3385 LII
559 3346 641 3389 20:
685 3348 1031 3403 καταλέγεσθαι
1063 3348 1111 3391 δὲ

236 3398 325 3459 χρὴ
362 3405 407 3450 ἐς
438 3405 530 3459 μὲν
552 3400 633 3454 τὴν
660 3404 846 3449 ἱππάδα
878 3405 1110 3451 ὀκτωκαι-

243 3462 521 3510 dendritis-‚12³9
556 3464 604 3506 δὲ·
638 3460 687 3507 τὸ
715 3467 966 3523 συνέδριον
998 3479 1107 3510 πεν-

242 3525 661 3573 τεκαιεικοσιέτεις,
699 3529 828 3579 atque
864 3524 930 3566 his
964 3525 1110 3568 verbis

241 3578 324 3621 Dio
354 3591 514 3621 morem
540 3580 592 3622 ab
617 3579 816 3637 Augusto
851 3583 1109 3639 institutum,

249 3646 272 3678 a
303 3635 630 3682 successoribus
669 3644 892 3686 ⁴servatum
927 3640 1109 3687 not-avit.

1196 2933 1302 2974 Cum
1338 2940 1570 2988 quaestura
1604 2935 1742 2976 functi
1778 2936 1891 2978 inter
1924 2941 2070 2991 patres

1196 2993 1465 3048 legerentur,
1501 2993 1628 3035 huius
1647 3008 1803 3035 annum
1825 2995 2069 3052 legitimum

1196 3052 1452 3093 vicesimum
1481 3059 1677 3108 quartum
1713 3054 1850 3096 suissc
1884 3055 1984 3096 indc
2010 3055 2070 3097 li..

1197 3117 1315 3166 quct.
1424 3110 1641 3153 Convenit
1703 3114 1818 3168 quod
1870 3113 2069 3156 Tiberius

1198 3169 1359 3212 Cacsar
1387 3183 1500 3212 anno
1522 3172 1834 3214 undevicesimo
1857 3179 2068 3228 quaestu-

1197 3242 1286 3270 ram
1321 3231 1458 3285 gessit
1502 3230 1643 3285 (vell.
1678 3230 1715 3272 Π
1746 3231 1826 3288 94)
1866 3237 1908 3273 et
1941 3233 2069 3287 quin-

1199 3290 1381 3343 quennio
1414 3290 1625 3333 maturius
1656 3303 1782 3346 quam
1810 3290 1883 3333 lex
1914 3298 2068 3347 postu-

1197 3347 1314 3389 labat
1346 3347 1558 3390 admissus
1595 3355 1684 3391 est:
1733 3349 1867 3393 Tacit.
1902 3351 1962 3393 ΙΙΙ
1995 3352 2066 3396 29.

1196 3406 1279 3449 Dio
1332 3406 1421 3448 Llll
1467 3409 1537 3451 28.
1634 3410 1795 3462 Quarto
1857 3410 2066 3453 vice-simo

1196 3467 1352 3508 aetatis
1383 3480 1495 3508 anno
1530 3464 1665 3510 lulius
1689 3467 1897 3524 Agricola
1929 3481 2068 3525 quae-

1195 3531 1355 3568 sturam
1389 3526 1580 3568 obtinuit
1611 3527 1680 3584 (Α.
1708 3527 1775 3585 6),
1823 3529 1925 3569 ite-m
1951 3527 2066 3570 Mar-

1197 3596 1271 3627 cus
1306 3583 1418 3627 Otho
1454 3587 1525 3642 qui
1559 3585 1697 3640 princi
1735 3590 1849 3628 atum
1884 3583 2065 3642 adeptus

1195 3647 1284 3698 est,
1320 3646 1365 3686 ut
1398 3643 1546 3687 monui
1578 3641 1631 3687 ad
1665 3642 1701 3688 X
1722 3639 1758 3687 11
1790 3636 1860 3688 46⁴
