2280 4004
211 287 238 320 a
269 275 317 320 c.
351 277 422 323 58.
763 278 924 324 mmm
955 277 1062 321 xm.
1133 261 1237 321 cn.
1270 276 1459 321 56-57.
1937 254 2026 317 ree

211 414 460 468 'I'ubantes
503 413 773 468 concessit.
849 417 1070 478 Quorum
1107 416 1255 480 terris
1293 416 1456 468 exacti
1497 431 1607 467 cum
1648 409 1872 480 Ch*attoS‚
1909 415 2027 467 dein

211 505 498 558 Cheruscos
534 508 804 573 petissent,
845 522 1022 559 errore
1058 508 1245 575 long0,
1297 507 1551 572 hospiteS,
1609 505 1788 573 egeni,
1831 505 2024 571 hosteS,

211 597 263 647 in
302 596 498 662 alieno,
538 598 672 664 quod
709 598 980 650 iuventutis
1019 602 1156 662 erat,
1199 597 1506 662 caeduntur;
1545 596 1760 650 imbellis
1798 602 1938 651 aetas
1974 596 2028 650 in

210 688 450 752 praedam
491 689 653 739 divisa
692 694 783 740 est.
1990 692 1993 694 “

125 783 194 833 57
349 779 537 830 Eadem
590 785 780 831 aestate
836 781 967 832 inter
1003 781 1382 832 Hermunduros
1431 780 1735 846 Chattosque
1788 768 2070 831 certaturus

212 885 396 938 magno
427 872 652 937 proelio,
694 872 809 922 dum
851 872 1034 924 flumen
1070 872 1332 939 gignendo
1368 872 1475 923 sale
1514 872 1782 922 fecundum
1821 876 1870 922 et
1904 885 2032 922 con-

211 959 475 1013 terminum
534 962 583 1012 vi
641 963 864 1026 trahunt,
922 978 1073 1028 super
1130 963 1388 1014 libidinem
1429 968 1607 1013 cuncta
1649 962 1802 1014 armis
1846 961 2032 1029 agendi

211 1052 462 1119 religione
492 1053 659 1118 insita,
700 1069 788 1105 eos
823 1056 1040 1105 maxime
1074 1054 1218 1105 locos
1251 1055 1591 1120 propinquare
1627 1053 1787 1118 cae10,
1820 1066 2035 1119 preces-

212 1158 309 1209 que
351 1144 633 1195 mortalium
673 1160 700 1195 a
742 1145 851 1196 deis
901 1159 1144 1210 nusquam
1196 1146 1401 1211 propius
1451 1144 1630 1195 audiri.
1705 1144 1828 1195 Inde
1862 1142 2034 1194 indul-

211 1234 383 1302 gentia
417 1235 671 1286 numinum
722 1236 809 1287 illo
847 1236 899 1286 in
940 1251 1087 1287 amne
1137 1236 1334 1302 illisque
1371 1235 1512 1287 silvis
1550 1234 1707 1286 salem
1738 1234 2029 1300 provenire,
2062 1245 2109 1283 ιο

135 1369 141 1379 ,
211 1341 314 1376 non
349 1331 403 1376 ut
455 1327 580 1377 alias
621 1327 751 1392 apud
791 1332 970 1394 gentes
1021 1327 1184 1378 eluvie
1221 1328 1375 1377 maris
1415 1331 1681 1378 arescente
1732 1325 1895 1389 unda,
1942 1324 2033 1376 sed

212 1432 364 1483 super
410 1418 670 1469 ardentem
709 1418 944 1468 arborum
999 1423 1187 1469 struem
1237 1419 1347 1469 susa
1390 1434 1453 1468 cx
1505 1416 1771 1468 contrariis
1810 1416 1942 1466 inter
1978 1429 2036 1466 se

213 1507 493 1573 elementiS,
528 1509 647 1575 igne
685 1514 833 1574 atque
870 1509 1030 1575 aquiS,
1062 1514 1371 1560 concretum.
1448 1508 1547 1561 Sed
1574 1508 1759 1560 bellum
1782 1508 2037 1558 Hermun-

214 1598 355 1650 duris
391 1614 704 1666 prosperum‚
746 1600 936 1653 Chattis
976 1600 1239 1653 exitiosius
1276 1600 1398 1664 fuit,
1443 1599 1560 1668 quia
1594 1599 1817 1653 victores
1860 1598 2037 1649 diver-

212 1704 319 1740 sam
357 1690 519 1743 aciem
553 1691 698 1743 Marti
735 1707 796 1742 ao
832 1692 1084 1743 Mercurio
1124 1707 1426 1757 sacravere,
1472 1706 1569 1758 quo
1606 1696 1725 1743 voto
1766 1689 1881 1758 equi
1919 1687 2100 1754 viri‚1⁵

335 1850 373 1890 1.
408 1848 573 1890 catthos
604 1845 684 1889 Ma.
833 1850 874 1891 2.
910 1855 1049 1889 etrore
1081 1846 1161 1890 Ma.
1313 1849 1355 1890 3.
1389 1848 1436 1888 in
1467 1848 1555 1888 alio
1588 1845 1684 1888 Ma:
1731 1847 1779 1888 in
1810 1844 1953 1887 alieno
1988 1843 2036 1887 G.

214 1914 340 1948 erant
371 1908 578 1949 ceduntur
609 1905 689 1959 Ma,
724 1914 818 1948 erat
850 1907 1056 1948 ceduntur
1089 1906 1136 1949 G.
1239 1907 1325 1948 inb.
1364 1906 1442 1949 Ma.
1532 1908 1572 1949 5.
1609 1913 1739 1947 estate
1770 1903 1850 1947 Ma.
1944 1911 2040 1946 cat..

213 1967 384 2021 thosque
415 1966 492 2009 Ma.
584 1966 627 2009 6.
659 1966 798 2022 prael.
834 1966 904 2008 Or.
987 1967 1026 2008 7.
1062 1967 1237 2008 libidine
1271 1965 1399 2008 GMa:
1434 1967 1624 2008 correxit
1656 1965 1905 2007 Rhenanus.
1989 1964 2032 2006 8.

217 2026 402 2082 ᾗοεεφιε
434 2025 513 2067 Ma.
586 2026 626 2068 9.
663 2026 751 2066 deis
789 2024 866 2077 Ma,
900 2038 985 2066 non
1021 2027 1097 2067 dis.
1180 2026 1246 2069 10.
1282 2025 1433 2082 salem]
1469 2027 1568 2066 item
1600 2024 1665 2067 Ma
1696 2030 1738 2066 et
1769 2024 1802 2064 Β
1839 2026 1887 2079 (a
1922 2036 2038 2066 man.

214 2099 328 2137 sec.‚
377 2098 401 2125 a
435 2087 575 2139 prima
607 2084 752 2140 abest)
788 2084 822 2126 G
854 2084 977 2126 Bodl.
1013 2085 1158 2126 Harl.:
1204 2085 1393 2126 correxit
1425 2084 1703 2126 Puteolanus.
1803 2084 1869 2126 12.
1904 2096 2040 2124 aren..

215 2153 296 2186 tem
328 2143 452 2186 GMaz
489 2143 736 2186 emendavit
766 2143 1017 2186 Rhenanus.
1090 2145 1157 2186 13.
1193 2143 1406 2186 alimentis
1438 2143 1518 2196 Ma,
1553 2144 1769 2186 clementis
1798 2141 1855 2183 G:
1890 2154 2040 2183 corre..

216 2210 330 2245 ctum
362 2204 405 2244 in
438 2203 551 2246 aliis.
678 2210 882 2246 concreta
914 2201 1041 2245 GMa:
1076 2203 1325 2246 emendavit
1356 2204 1544 2260 Lipsius.
1668 2202 1736 2248 14.
1771 2201 1925 2246 catthis
1956 2199 2037 2245 Ma.

216 2263 345 2305 exitio
381 2263 466 2304 sius
501 2260 588 2303 Ma:
624 2263 752 2305 exitio
787 2261 820 2304 G
853 2268 896 2304 et
929 2261 1216 2306 oxonienses.

216 2405 339 2460 egeni
381 2404 564 2460 hospites
607 2411 650 2447 et
691 2406 830 2447 hostes
860 2406 908 2448 in
940 2405 1082 2448 alieno

216 2467 525 2520 iungerentur3
569 2477 611 2505 v.
646 2466 699 2506 ad
731 2465 787 2506 Xl
818 2465 858 2508 6.

304 2523 414 2577 quod
430 2525 657 2566 iuventutis
682 2531 790 2576 erat,
818 2523 1082 2565 caeduntur:

214 2581 394 2624 imbellis
448 2590 568 2624 aetas
607 2584 655 2624 in
695 2583 906 2640 praedam
947 2584 1085 2624 divisa

215 2649 299 2684 est:
333 2641 444 2684 haec
476 2655 607 2683 causa
639 2649 720 2694 est,
754 2642 870 2698 quod
901 2643 945 2683 in
972 2641 1083 2684 Ger-

215 2702 358 2742 mania
378 2700 571 2743 'l'acitina
602 2702 711 2743 nulli
745 2703 829 2743 iam
846 2702 1082 2742 Amsivarii

216 2766 490 2814 comparent:
511 2760 589 2802 illa
607 2763 721 2802 enim
747 2760 954 2802 describit
974 2760 1084 2802 Ger-

213 2820 385 2860 maniae
420 2819 679 2872 populorum
713 2825 898 2871 statum,
943 2819 1084 2874 qualis

217 2883 309 2919 erat
341 2890 379 2918 a.
414 2877 471 2919 98
502 2890 543 2931 p.
579 2877 681 2919 Chr.

309 2934 414 2989 Cap.
460 2937 531 2978 57.
595 2951 722 2992 super
753 2937 973 2978 ardentem
1005 2951 1085 2978 ar-

218 2994 365 3035 borum
395 3001 551 3035 struem
581 2997 680 3049 fusa
723 3020 779 3028 —-·
813 3003 1083 3037 concretum:

218 3052 327 3094 l’lin.
361 3053 494 3095 ΧΧΧΙ
521 3054 578 3096 39
611 3060 747 3096 extr.:
782 3054 952 3096 Galliae
975 3056 1086 3097 Ger-

217 3113 469 3167 maniaeque
501 3113 747 3155 ardentibus
775 3113 903 3170 liynis
934 3128 1088 3168 aquam

219 3170 378 3212 salsam
407 3172 653 3226 infundunt.
706 3173 840 3214 Varro
874 3173 928 3214 de
963 3173 1012 3214 R.
1037 3174 1085 3214 R.

218 3228 235 3270 1
268 3230 319 3271 7:
361 3231 408 3271 in
451 3230 598 3271 Gallia
644 3231 931 3286 Transalpina
974 3233 1087 3273 intus

218 3288 276 3329 arl
306 3290 527 3341 Rhenum,
560 3303 652 3330 cum
689 3292 920 3332 exercitum
957 3291 1088 3331 duce-

217 3362 333 3400 rem,
383 3347 543 3402 aliquot
591 3350 789 3403 reqiones
834 3350 996 3390 accessi
1034 3375 1087 3380 —

218 3409 291 3450 nbi
320 3407 457 3448 salem
487 3421 568 3447 nec
599 3409 817 3461 fossicium
849 3422 929 3448 nee
949 3409 1086 3448 mari-

219 3471 362 3510 timum
398 3466 617 3518 haberent,
650 3466 723 3509 secl
754 3481 807 3507 εει·
839 3467 1086 3520 quibusdam

219 3527 346 3583 liynis
393 3526 614 3567 combustis
663 3526 917 3567 carbonibus
962 3525 1087 3568 salsis

219 3600 297 3642 pro
331 3599 376 3625 eo
410 3591 644 3626 uterentur.

311 3643 474 3686 Chattis
524 3645 741 3686 exitiosius
796 3643 905 3698 fuit:
960 3643 999 3686 h.
1047 3659 1084 3685 e.

1170 2407 1308 2463 magis
1354 2407 1488 2448 exitio
1539 2406 1623 2447 fuit
1666 2417 1793 2461 quam
1835 2403 1872 2445 si
1922 2403 2036 2445 iusto

1168 2466 1288 2508 bello
1323 2472 1366 2507 et
1408 2465 1596 2507 humano
1637 2477 1756 2505 more
1799 2461 2040 2519 confligere

1169 2525 1485 2567 decrevissent.
1548 2524 1749 2566 Excisum
1793 2528 1897 2563 tunc
1943 2534 2041 2563 esse

1170 2591 1346 2640 gentem
1380 2583 1660 2634 Chattorum,
1694 2582 1738 2623 id
1767 2581 1938 2623 tradere
1972 2581 2039 2622 his

1167 2644 1315 2685 verbis
1347 2656 1434 2684 non
1465 2643 1548 2684 fuit
1579 2644 1747 2684 animus
1797 2642 2038 2695 scriptoris,

1169 2703 1308 2744 Minus
1342 2708 1442 2756 apte
1469 2702 1502 2744 G
1531 2708 1574 2744 et
1602 2701 1874 2744 Oxonienses
1912 2701 2040 2742 emitio

1169 2775 1246 2817 pro
1272 2763 1504 2803 exitiosius.
1567 2760 1691 2813 Quod
1711 2761 1910 2815 sequitur
1942 2760 2042 2814 quia

1168 2823 1350 2863 victores
1384 2820 1498 2875 (weil
1533 2821 1593 2861 sie
1625 2821 1681 2861 im
1708 2819 1826 2860 Falle
1852 2819 1923 2860 des
1940 2819 2040 2859 Sie-

1168 2883 1259 2936 9es)
1307 2879 1421 2921 idem
1470 2879 1590 2921 valet
1635 2892 1686 2920 ac
1727 2879 1850 2933 quia,
1893 2879 1931 2919 si
1961 2877 2043 2933 ipsi

1172 2938 1367 2995 (Chatti)
1402 2938 1584 2980 victores
1604 2938 1741 2993 futuri
1765 2944 1903 2979 erant.
1936 2936 2042 2978 Inde

1173 3000 1287 3041 enim
1319 2997 1490 3039 Tacitus
1535 2998 1641 3039 dicit
1682 2998 1826 3038 minae
1870 2995 2042 3037 hostiles

1170 3059 1217 3099 in
1244 3059 1355 3112 ipsos
1392 3058 1637 3109 vertebant,
1671 3055 1715 3096 id
1748 3062 1814 3097 est
1846 3056 1889 3096 in
1923 3055 2042 3108 ipsos

1172 3117 1453 3157 immanitatis
1488 3116 1604 3156 illius
1639 3119 1854 3155 auctorcS.
1900 3113 2042 3154 Etiam

1171 3177 1214 3216 in
1259 3174 1486 3215 Germania
1528 3188 1564 3215 c.
1611 3174 1638 3215 9
1685 3173 1944 3214 Mercurium
2000 3177 2043 3212 et

1173 3234 1350 3274 Martem
1404 3245 1513 3272 unos
1566 3231 1876 3273 Germanorum
1935 3231 2042 3273 deos

1173 3297 1401 3332 recenset:
1440 3291 1497 3331 ct.
1536 3291 1594 3331 ibi
1629 3297 1774 3331 annot.

1261 3351 1357 3403 εφη·
1397 3350 1499 3400 viri,
1546 3357 1702 3390 cuncta
1731 3351 1876 3390 victa:
1923 3347 2041 3390 conf.

1174 3415 1321 3450 annot.
1372 3408 1422 3449 ad
1469 3407 1525 3448 XI
1576 3408 1617 3450 6.
1692 3409 1807 3462 Equi
1853 3420 2041 3461 praepo-

1174 3474 1334 3508 nuntur
1374 3467 1500 3518 viris,
1550 3466 1665 3522 quod
1708 3480 1784 3508 eos
1829 3466 2040 3507 immolari

1175 3527 1315 3567 minus
1360 3527 1513 3567 mirum
1562 3532 1667 3567 erat.
1731 3527 1836 3568 Rem
1885 3539 1962 3580 per
1993 3538 2040 3567 se

1176 3590 1368 3627 atrocem
1433 3586 1693 3627 atrociorem
1768 3585 1874 3627 fecit
1951 3585 2036 3627 lac.

1178 3643 1406 3687 Grimmius
1460 3646 1502 3686 in
1556 3644 1736 3698 mythol.
1786 3643 2041 3689 Theod..11
