2280 4004
216 286 280 331 52
879 284 881 286 ’
918 306 921 307 ⁷
950 278 1249 326 ANNALWM

1795 294 1835 326 a.
1869 293 1915 327 u.
1948 277 2072 327 767:

357 429 426 481 At
463 427 823 492 GermanicUS,
879 439 1179 493 quamquam
1219 427 1483 476 contracto
1528 417 1756 477 exercitu
1792 430 1844 478 et
1874 430 2050 494 parat-a
2067 432 2138 483 48

221 519 275 570 in
302 520 593 572 defectores
624 519 834 583 ultione,
876 514 1098 569 dandum
1134 518 1299 569 adhuc
1333 517 1547 583 spatium
1581 521 1738 583 ratus,
1777 517 1822 570 si
1857 518 2054 571 recenti

224 611 455 678 exemplo
501 612 599 663 sibi
638 609 734 677 ipsi
763 609 1106 675 consulerent,
1136 608 1412 675 praemittit
1445 608 1638 662 litteras
1677 609 1741 661 ad
1764 609 2052 674 Caecinam,

223 705 402 754 venire
438 718 497 754 se
529 701 700 753 valida
735 715 886 753 manu
921 699 1013 766 ac,
1034 700 1412 773 nirsuppliciuin
1435 700 1486 752 in
1515 700 1676 767 malos
1711 704 2053 768 praesumant,

185 809 209 846 s
224 809 430 847 usurum
452 794 707 861 promisca
739 792 914 844 caede.

987 793 1087 844 Eas
1112 791 1333 843 Caecina
1360 792 1640 858 aquiliferis
1672 790 2055 860 signiferisque,

225 891 276 937 et
311 886 446 951 quod
488 886 708 937 maxime
758 889 1040 936 castrorum
1091 884 1348 936 sincerum
1403 888 1543 949 erat,
1607 883 1807 936 occulte
1857 882 2056 947 recitat,

221 981 377 1043 utque
413 982 623 1028 cunctos
655 976 914 1042 infamiae,
954 992 1010 1028 se
1044 976 1184 1042 ipsos
1221 976 1372 1027 morti
1405 975 1628 1028 eximant
1648 975 1903 1027 hortatur:
1940 988 2057 1025 nam

222 1068 275 1118 in
312 1083 441 1135 pace
477 1081 658 1120 causas
697 1073 747 1119 et
784 1070 963 1120 merita
1003 1068 1259 1134 spectari3
1299 1067 1387 1118 ubi
1424 1066 1610 1119 bellum
1645 1067 1865 1134 ingruat,
1903 1066 2061 1116 inno-

226 1166 400 1213 centes
437 1176 498 1212 ac
534 1160 720 1212 noxios
769 1159 906 1211 iuxta
958 1159 1162 1211 cadere.

1250 1158 1325 1210 Illi
1367 1159 1618 1225 temptatis
1660 1171 1788 1224 quos
1836 1156 2057 1209 idoneos

162 1270 212 1309 ιο
224 1252 484 1316 rebantur,
506 1256 771 1317 postquam
798 1251 1045 1302 maiorem
1072 1250 1332 1317 legionum
1358 1254 1551 1316 partem
1576 1249 1629 1300 in
1665 1247 1838 1300 officio
1865 1247 2057 1313 vident,

226 1343 291 1395 de
329 1343 581 1395 sententia
615 1342 770 1409 legati
810 1346 1032 1393 statuunt
1073 1346 1268 1407 tempus
1305 1354 1404 1407 quo
1436 1339 1788 1392 foedissimum
1813 1352 2061 1405 quemque

226 1439 276 1486 et
301 1434 541 1486 seditioni
563 1437 845 1500 promptum
876 1434 1013 1484 ferro
1043 1432 1302 1484 invadant.
1359 1432 1497 1483 Tunc
1522 1433 1672 1500 signo
1697 1433 1830 1483 inter
1859 1445 1917 1483 se
1940 1429 2059 1481 dato

226 1527 514 1593 inrumpunt
550 1525 901 1590 contubernia,
940 1524 1197 1576 trucidant
1236 1525 1474 1592 ignaros,
1513 1523 1652 1574 nullo
1692 1522 1791 1574 nisi
1833 1521 2060 1574 consciis

226 1623 474 1670 noscente
511 1617 647 1684 quod
686 1616 860 1668 caedis
898 1616 1124 1681 initium,
1180 1616 1291 1682 quis
1330 1615 1460 1666 finis.

163 1722 212 1773 ¹⁵
230 1724 359 1775 quae
382 1724 602 1775 unquam
638 1708 894 1773 accidere,
930 1707 1151 1758 civilium
1176 1721 1430 1758 armorum
1454 1706 1633 1758 facies.
1705 1706 1819 1758 Non
1843 1703 2059 1771 proelio,

169 1833 174 1845 ε
228 1808 332 1852 non
368 1802 601 1853 adversis
637 1817 666 1852 e
716 1803 929 1865 castriS,
986 1799 1078 1851 sed
1117 1799 1281 1850 isdem
1332 1814 1360 1850 e
1400 1798 1680 1862 cubilibus,
1749 1811 1876 1863 quos
1915 1793 2063 1848 simul

227 1893 485 1945 vescentis
515 1892 643 1958 dieS,
673 1891 821 1944 simul
844 1892 1043 1958 quietos
1064 1905 1168 1942 nox
1197 1890 1460 1954 habuerat,
1499 1887 1769 1940 discedunt
1795 1888 1846 1938 in
1873 1891 2062 1954 parteS,

347 2048 388 2091 5.
421 2047 638 2104 promisca
657 2059 874 2102 superscr.
899 2061 928 2089 u
949 2046 1004 2089 M.
1067 2046 1225 2089 caenia
1244 2045 1301 2099 M,
1327 2046 1372 2087 in
1395 2057 1483 2101 mg.
1515 2043 1723 2087 Cecinna.
1790 2041 1857 2085 16.
1875 2039 2062 2086 istemM.

320 2189 424 2245 Cap.
458 2189 531 2234 48.
582 2189 826 2246 aquiliferis
854 2191 1103 2247 siyniferis-

231 2261 339 2303 que.-
387 2252 432 2291 in
483 2250 648 2292 duabus
688 2250 941 2306 legionibus
990 2250 1104 2304 apud

232 2309 394 2350 Vetera
413 2308 743 2351 hibernantibus
762 2309 846 2350 duo
865 2309 1103 2365 aquiliferi,

231 2368 434 2424 signiferi
478 2375 652 2410 centum
703 2370 886 2425 viginti:
941 2370 1104 2423 quippe

232 2428 436 2483 signiferi
487 2429 766 2469 nominantur
816 2429 890 2484 qui
938 2427 1105 2468 vexilla

233 2488 526 2528 centuriarum
547 2493 736 2543 gestant.
772 2486 899 2529 Conf.
919 2486 1005 2528 adl
1031 2485 1102 2529 34.

322 2574 432 2628 quod
463 2575 607 2616 caedis
638 2576 821 2628 initium,
859 2575 950 2628 quis
979 2575 1103 2628 finis:

233 2646 331 2674 cum
363 2635 533 2676 initium
565 2634 650 2676 hoc
682 2635 781 2677 loco
814 2639 964 2687 aperte
998 2646 1106 2675 cau-

233 2706 323 2734 sam
365 2693 613 2748 significet,
675 2694 777 2735 inde
824 2693 1107 2747 consequitur

232 2753 409 2794 nomine
457 2755 661 2806 opposito
698 2754 798 2806 finis
848 2751 1030 2793 indicari
1064 2750 1107 2792 id

234 2810 350 2865 quod
364 2811 586 2853 caedendo
599 2812 855 2866 spectabant
869 2812 965 2868 (das
977 2809 1105 2865 Ziel).

232 2869 385 2924 ltaque
403 2877 578 2923 praeter
601 2872 803 2913 conscios
820 2883 948 2912 nenio
965 2876 1107 2911 utrum

229 2929 330 2981 linis
362 2929 407 2968 in
441 2930 576 2971 caede
610 2937 728 2972 esset
750 2943 890 2971 necne
923 2929 1106 2983 sciebat,

236 3000 288 3028 ac
320 2993 554 3040 propterea
586 2991 699 3043 quis,
734 3001 822 3029 non
856 2990 951 3042 qui,
985 2994 1107 3030 recte

235 3045 477 3087 adhibitum
511 3053 591 3089 est.
665 3048 709 3089 Si
749 3049 956 3101 scriptum
991 3053 1109 3089 esset

235 3105 308 3159 qui
350 3107 475 3159 finis,
539 3112 586 3146 ut
631 3106 860 3148 Ernestius
913 3106 1106 3159 volebat,

230 3165 359 3219 finem
395 3166 439 3206 in
474 3165 697 3207 caedendo
720 3179 818 3208 esse
841 3178 991 3206 omnes
1023 3178 1108 3206 no-

234 3223 431 3277 scebant,
465 3223 543 3265 sed
566 3224 708 3280 qualis
728 3226 765 3267 is
785 3225 957 3267 futurus
975 3230 1108 3278 esset,

235 3284 411 3324 nonnisi
445 3285 635 3326 consciis
667 3290 817 3326 notum
851 3289 958 3326 erat.

328 3369 431 3423 Cap.
454 3370 525 3413 49.
589 3385 688 3412 mox
714 3373 930 3427 ioetqressus
964 3377 1110 3412 castra

239 3428 520 3470 Germanicus
536 3443 548 3469 .·
565 3428 865 3472 Germanicum
877 3429 1109 3472 advenisse

237 3486 427 3538 interim,
454 3487 697 3539 profectum
717 3504 811 3531 cum
832 3496 978 3531 cetero
1003 3501 1108 3544 pro-

238 3545 412 3585 vinciae
445 3545 665 3588 inferioris
707 3551 903 3591 exercitu
948 3549 1002 3590 ab
1035 3561 1108 3590 ara

239 3602 461 3655 Ubiorum,
495 3607 760 3649 memineris.

327 3663 555 3721 iunctoque
578 3671 735 3723 ponte:
770 3665 822 3709 ab
855 3678 941 3709 una
966 3666 1109 3710 Rheni

1188 2190 1284 2243 ripa
1316 2186 1370 2230 ad
1395 2188 1575 2230 alteram
1609 2185 1723 2240 apud
1747 2185 1909 2227 Vetera
1941 2195 2064 2226 com-

1188 2249 1344 2303 positis
1391 2248 1584 2303 navigiis
1620 2252 1664 2287 et
1703 2246 1850 2287 stratis
1882 2245 2064 2301 insuper

1188 2308 1397 2349 tabulatis
1417 2319 1527 2361 pons
1550 2304 1829 2361 iungebatur,
1852 2303 1969 2358 quod
1991 2302 2064 2344 hic

1189 2372 1340 2407 noster
1351 2366 1547 2407 breviter
1559 2365 1668 2406 dixit
1686 2370 1858 2419 pontem
1869 2365 2063 2418 iungere,

1191 2426 1391 2467 Germani
1424 2426 1518 2466 eine
1551 2425 1717 2466 Bracae
1741 2421 1974 2478 schlnqeu3
2005 2419 2063 2463 cf.

1191 2485 1242 2526 ll.
1276 2484 1332 2525 111
1363 2484 1416 2526 6:
1465 2483 1659 2525 cohortes
1702 2488 1742 2523 et
1775 2481 1892 2523 alam
1923 2505 1980 2513 —
2000 2479 2066 2522 ad

1190 2544 1230 2586 F
1236 2558 1357 2586 orum
1388 2542 1536 2584 Alieni
1563 2544 1708 2584 iuncto
1747 2547 1876 2598 ponte
1909 2553 2065 2582 cousc-

1192 2603 1317 2646 disse.
1385 2601 1481 2643 Xlll
1513 2603 1562 2644 7:
1609 2607 1759 2657 pontes
1784 2614 1866 2657 per
1895 2613 2065 2642 amnem

1192 2662 1449 2718 Euphraten
1477 2662 1601 2716 iunyi
1629 2659 1817 2717 (iubet).
1882 2659 2064 2702 Germa-

1191 2723 1315 2763 nicus
1378 2726 1536 2762 terram
1599 2718 1955 2760 transrhenanam
2003 2718 2064 2759 ita

1191 2783 1417 2837 ingressus
1461 2785 1553 2831 est,
1602 2783 1650 2819 ut
1689 2776 1856 2832 Lupiae
1886 2777 2062 2836 (Lippe)

1191 2840 1379 2881 fluminis
1429 2838 1580 2880 dextra
1624 2838 1718 2892 ripa
1760 2838 1883 2878 iuxta
1929 2841 2062 2878 esset.

1191 2898 1314 2942 Silva
1358 2899 1517 2941 Caesia
1566 2903 1633 2941 est
1678 2895 1882 2938 Vesaliae
1928 2895 2064 2937 saltus

1194 2957 1561 3017 (Weselerwald),
1580 2968 1667 2998 non
1687 2955 1840 3011 procul
1864 2967 1890 2997 a
1911 2954 2065 2997 dextra

1191 3020 1285 3070 ripa
1315 3017 1497 3071 Lupiae.
1573 3015 1640 3058 De
1683 3021 1824 3057 tractu
1858 3013 2065 3057 Coesfel-

1192 3076 1319 3117 diano
1368 3075 1613 3134 (Koesfelcl)
1647 3087 1735 3115 non
1767 3073 2062 3130 cogitandum,

1192 3136 1354 3190 quippe
1398 3135 1471 3189 qui
1520 3139 1563 3175 et
1612 3133 1788 3189 longius
1838 3145 1863 3173 a
1905 3131 2060 3173 Rheno

1192 3193 1324 3235 distet
1375 3198 1419 3234 et
1478 3192 1658 3233 nimium
1714 3191 2060 3246 septentrionem

1190 3264 1347 3295 versus
1378 3251 1638 3307 porrigatur.

1282 3325 1461 3367 quarum
1482 3324 1534 3351 ca
1553 3310 1757 3352 seditione
1772 3323 1786 3350 .-
1820 3320 2061 3364 pronomen

1192 3376 1278 3412 tam
1311 3370 1364 3412 ad
1382 3370 1473 3412 alas
1494 3383 1622 3425 quam
1644 3369 1697 3410 ad
1720 3368 1924 3411 cohortes
1957 3379 2061 3422 per-

1193 3431 1328 3472 tinet:
1362 3430 1470 3471 socii
1493 3431 1607 3471 enim
1629 3440 1779 3470 omnes
1797 3441 1822 3469 a
1843 3425 2060 3469 seditione

1193 3490 1518 3542 abstinuerant3
1584 3487 1701 3529 conf.
1745 3501 1782 3528 c.
1816 3485 1902 3529 36:
1945 3491 1990 3525 at
2025 3483 2063 3525 si

1192 3548 1362 3591 auxilia
1394 3556 1433 3590 et
1452 3550 1559 3590 socii
1581 3547 1805 3588 adversum
1824 3543 2060 3585 absceden-

1192 3611 1245 3651 tis
1279 3608 1467 3664 legiones
1495 3611 1785 3658 armarentur,
1817 3601 1941 3646 civile
1969 3601 2061 3645 bel..

1191 3667 1277 3710 lum
1308 3667 1479 3726 suscipi.

1568 1615 1782 1666 Diversa
1822 1607 2060 1678 omnium,
2076 1613 2147 1663 49
