2280 4004
265 279 331 321 U}
919 315 921 317 ,
1036 273 1331 319 ANNALMR
1355 311 1357 313 .
1829 292 1870 323 a.
1903 277 1964 324 ἃς
1979 275 2093 327 me

264 425 502 488 repertus<
534 423 610 477 est
652 416 751 467 nisi
785 429 920 467 unus
953 414 1070 467 talis
1106 417 1413 469 matrimonii·
1449 415 1646 486 cupitor
1666 420 2099 485 ,Allediusse-

264 527 418 565 verus
454 523 613 576 eques
645 509 935 573 RomanUS,
996 522 1143 574 quem
1181 508 1409 576 plerique
1444 512 1758 579 Agrippinae
1791 515 1961 581 gratia
1992 514 2099 566 im·-

264 603 462 670 pussl‘sum
497 599 756 657 ferebant„
819 600 980 651 Versa
1033 615 1097 651 ex
1153 615 1214 652 eo
1267 601 1474 667 civitas,
1537 609 1587 654 et
1643 609 1822 656 cuncta
1874 604 2098 659 fenum

266 692 574 744 obediebant
610 705 715 742 non
754 706 845 757 per
880 691 1175 756 lasciviam,
1211 696 1265 742 ut
1305 692 1608 759 Messalina,
1655 695 1810 747 rebus
1849 696 2099 749 Romanis·

227 783 528 835 sinludenti.
603 783 890 834 Adductum
928 787 978 834 et
1012 765 1159 848 quasi
1195 783 1344 835 virile
1382 786 1672 837 servitium:
1727 787 1896 854 palam
1928 800 2101 841 seve·-

263 876 406 940 ritaS,
444 891 504 926 ac
543 874 747 941 saepius
785 874 1055 940 superbia;
1090 874 1215 924 nihil
1254 875 1388 926 domi
1426 876 1748 944 impudicum,
1785 867 1886 931 nisi
1910 875 2097 931 'domi-a

262 947 456 1018 nationi
499 965 777 1031 expediret.
854 965 1045 1032 Cupido
1098 966 1206 1016 auri
1263 967 1508 1020 immensa
1562 968 1820 1021 obtentum
1859 968 2101 1035 habebat,-

265 1057 410 1124 quasi
464 1057 746 1109 subsidium
802 1071 964 1124 regno
1018 1062 1297 1123 pararetur.
1397 1059 1492 1111 Die
1551 1060 1835 1126 nuptiarum
1895 1059 2148 1117 SilanusS

264 1154 479 1201 mortem
517 1149 614 1200 sibi
655 1148 929 1214 conscivit,
971 1149 1080 1201 sive
1120 1164 1182 1200 eo
1219 1164 1380 1216 usque
1416 1166 1556 1217 spem
1598 1152 1734 1204 vitae
1767 1151 2100 1219 produxerat,-

203 1251 359 1292 1oseu?
395 1240 595 1292 delecto
631 1240 714 1292 die
751 1239 1036 1308 augendam
1089 1240 1152 1291 ad
1196 1241 1457 1293 invidiam.
1533 1242 1742 1294 Calvina
1792 1256 1945 1295 soror
1984 1243 2101 1296 eius

265 1331 406 1384 Italia
443 1332 587 1398 pulsa
627 1337 719 1383 est.
791 1331 1005 1383 Addidit
1043 1332 1280 1384 Claudius
1321 1348 1469 1384 sacra
1507 1349 1570 1385 ex
1608 1333 1810 1401 legibus
1845 1334 1977 1386 'rum
2009 1349 2100 1387 re·-

263 1423 348 1490 gis
385 1423 692 1489 piaculaque
738 1423 867 1489 apud
908 1423 1072 1473 lucum
1112 1423 1306 1474 Dianae
1342 1439 1435 1490 per
1468 1423 1734 1490 pontifices
1772 1425 1975 1491 danda«,
2016 1424 2102 1476 in·-

263 1514 550 1566 ridentibus
590 1514 817 1579 cunctiS,
878 1514 1012 1579 quod
1067 1529 1265 1579 poenae
1301 1515 1790 1581 procurationesque
1826 1516 2009 1568 incesti
2046 1515 2102 1568 id

265 1605 508 1671 tempo-ris
554 1605 955 1671 exquirerentur.
1029 1604 1097 1655 At
1133 1604 1415 1672 Agrippina
1458 1621 1522 1657 ne
1562 1606 1706 1658 malis
1737 1611 1925 1658 tantum
1969 1607 2102 1660 racia
2143 1640 2146 1644 s

207 1703 254 1741 η
271 1697 483 1748 noribus
524 1701 831 1761 notesceret,
872 1696 1071 1747 veniam
1109 1696 1247 1747 exilii
1284 1712 1376 1762 pro
1420 1697 1636 1749 Annaeo
1673 1698 1905 1763 Seneca,
1953 1694 2103 1750 simul

267 1793 554 1855 praeturam
593 1787 854 1854 impetrat,
899 1787 1083 1839 laetum
1124 1788 1176 1837 in
1210 1788 1462 1854 publicum
1495 1794 1603 1840 rata
1642 1789 1708 1840 ob
1750 1789 2101 1842 claritudinem

1905 1962 2100 2008 Alledius

392 1966 430 2006 1.
468 1970 716 2019 recepturus
748 1961 836 2015 Ma,
883 1975 968 2004 non
1009 1969 1230 2019 receptus,-
1275 1964 1319 2004 in
1360 1977 1497 2020 marg.
1547 1971 1755 2020 repertus.

270 2022 436 2065 editor:
470 2022 537 2064 Ma
570 2021 780 2075 talledius,
815 2022 949 2076 vulgo
989 2022 1026 2063 T.
1064 2023 1270 2065 Alledius.
1424 2026 1465 2067 2.
1497 2024 1585 2079 inp.
1623 2021 1702 2066 Ma.
1852 2024 1894 2066 5.
1926 2022 1991 2066 ilt.
2028 2022 2100 2067 Or.

268 2082 311 2125 6.
345 2082 484 2125 nichil
523 2081 603 2124 Ma.
734 2083 825 2138 inp.
858 2080 936 2123 Ma.
1066 2083 1106 2124 7.
1151 2083 1253 2125 inm.
1300 2080 1380 2124 Ma.
1506 2084 1573 2126 12.
1612 2084 1693 2125 irr.
1745 2082 1816 2126 Or.
1927 2082 2015 2126 ⁷14.
2047 2082 2106 2126 ad

1259 2142 1325 2184 15.
1361 2155 1501 2183 αηηεο
1521 2140 1600 2184 Ma.

269 2143 526 2200 aya-ippinae
546 2139 639 2184 Ma:
674 2141 948 2184 emendatum
976 2142 1092 2183 inest
1114 2141 1161 2184 G.
1699 2142 1766 2185 16.
1790 2148 2003 2199 praetura
2023 2141 2102 2186 ΜΨ.

1319 2299 1546 2340 adductum
1577 2306 1617 2341 et
1649 2299 1772 2354 quasi
1799 2281 1926 2341 uirile
1958 2300 2100 2342 servi-

1231 2359 1361 2400 tium.-
1398 2358 1630 2400 adductum
1663 2365 1729 2400 est
1752 2359 1996 2411 servitium,
2025 2359 2101 2401 uhi

361 2298 466 2353 Cap.
504 2300 545 2341 7.
609 2299 695 2340 nisi
724 2312 860 2340 tenus:
911 2300 1144 2342 Suetonius

270 2356 423 2400 Claud.
456 2357 541 2400 26:
587 2372 642 2399 ac
672 2359 745 2399 vtae
775 2372 860 2399 uno
893 2360 1143 2415 interposito

270 2418 342 2458 elie·
374 2418 560 2472 confecit
590 2419 788 2473 nuptias,
835 2431 922 2459 non
964 2420 1145 2474 repertis

271 2477 343 2531 qui
375 2484 654 2531 sequerentur
687 2478 935 2532 eoeemplum,
971 2485 1143 2532 excepto

271 2536 468 2576 libertino
503 2536 683 2589 quodam
732 2543 771 2577 et
817 2536 953 2577 altero
988 2538 1145 2592 primi-

267 2593 419 2651 pilari,
455 2596 575 2635 cuius
608 2595 794 2649 officium
825 2595 1074 2650 nuptiarum
1106 2603 1146 2636 et

270 2655 359 2709 ipse
384 2667 477 2694 cum
492 2653 737 2708 Agrippina
760 2654 1005 2695 celebravit.
1057 2655 1145 2695 Le-

271 2713 341 2753 vis
375 2713 696 2766 discrepantiae
718 2712 830 2754 hanc
850 2726 1022 2754 causam
1048 2726 1145 2754 esse.

271 2777 405 2825 puto,
450 2771 566 2826 quod
598 2770 829 2813 libertinus
870 2784 957 2813 non
991 2772 1144 2813 eodem

273 2830 359 2872 hoc
391 2842 521 2882 anno,
556 2832 679 2871 cuius
711 2844 781 2873 res
804 2831 975 2873 Tacitus
1001 2831 1144 2884 tradit,

272 2890 595 2931 matrimonium
628 2902 752 2931 suum
787 2891 979 2933 iniverit.

361 2948 554 2990 Alledius
573 2949 781 2990 Severus:
815 2951 857 2990 in
893 2951 1031 2992 forma
1062 2963 1147 2991 no-

273 3009 404 3049 minis
436 3007 631 3049 Alledius
663 3021 688 3049 a
725 3008 949 3050 codicibus
990 3011 1147 3051 tradita

275 3066 533 3126 (Talledius)
577 3068 714 3121 prima
754 3067 899 3110 littera
932 3068 1146 3122 adhaesit,

274 3127 461 3179 opinor,
517 3139 571 3168 ex
622 3132 880 3183 antegresso
928 3128 1146 3170 vocabulo

274 3187 409 3241 cupi-
433 3192 516 3227 tor.
640 3186 812 3240 Lipsius
881 3201 976 3229 cum
1036 3186 1146 3229 haec

273 3246 482 3299 scripsit:
541 3244 608 3286 ‘T.
642 3245 836 3287 Alledius
887 3246 1054 3299 scribo,
1105 3253 1148 3288 et

271 3303 362 3344 vidi
395 3310 549 3357 postea
582 3305 643 3345 ita
676 3306 812 3347 citare
851 3305 967 3347 hunc
1000 3306 1145 3347 locum

271 3361 549 3405 Beroaldum.
603 3362 649 3404 In
674 3366 965 3406 monumentis
991 3366 1146 3419 priscis

274 3424 378 3476 (ap.
425 3421 543 3464 Grut.
591 3434 634 3475 p.
669 3423 755 3466 667
789 3426 849 3479 2)
897 3424 951 3466 M.
987 3424 1145 3477 Allidi3

273 3480 318 3520 in
349 3480 549 3522 Iuvenali
587 3482 623 3522 V
658 3481 769 3524 118:
804 3483 879 3523 tibi
909 3483 1018 3524 habe
1047 3485 1146 3538 fru-

270 3547 479 3593 mentum,
513 3539 708 3581 Alledius
738 3542 912 3595 inquit,’
943 3543 1146 3597 imperite

273 3598 457 3639 offendit
496 3598 706 3641 adversus
748 3599 894 3656 legem
938 3614 962 3642 a
991 3612 1061 3643 me
1093 3599 1146 3643 ad

271 3654 368 3700 Xlu
399 3657 457 3703 30
487 3658 767 3702 vindicatam.

1231 2418 1599 2474 constringendae
1655 2418 1847 2460 libertati
1902 2417 2103 2475 habenae

1230 2478 1405 2519 fort-iter
1436 2477 1732 2530 adducuntur3
1774 2477 1892 2522 conf.
1925 2476 2024 2520 xlv
2057 2478 2102 2521 4.

1231 2537 1355 2578 ll.lll
1376 2537 1416 2578 7.
1439 2535 1485 2578 G.
1509 2538 1581 2579 43.
1619 2536 1744 2588 Quod
1760 2538 1959 2593 sequitur
1982 2537 2107 2592 quasi

1230 2596 1354 2636 virile
1388 2600 1452 2635 est
1486 2595 1595 2649 quod
1626 2596 1749 2649 quasi
1778 2597 1847 2637 vir
1887 2601 2102 2637 exerceat.

1321 2653 1423 2707 Cap.
1458 2654 1500 2696 8.
1552 2662 1728 2696 mortem
1762 2654 1844 2695 sibi
1875 2655 2106 2697 conscivit.-

1231 2714 1374 2754 minus
1407 2719 1612 2754 accurate
1647 2713 1827 2756 Sueton.
1849 2711 2002 2756 Claud.
2019 2715 2104 2758 27:

1232 2786 1253 2813 e
1285 2773 1455 2828 yeneris
1489 2796 1543 2803 —
1577 2772 1818 2828 Pompeium
1858 2779 1984 2828 atque
2029 2773 2106 2815 Si-

1232 2831 1378 2872 lanum
1421 2844 1509 2872 non
1549 2832 1763 2874 recusavit
1793 2832 1916 2874 modo
1962 2831 2038 2874 sed
2066 2837 2106 2874 et

1231 2891 1471 2943 inter-emim
1506 2891 1563 2932 cf.
1599 2905 1636 2933 c.
1670 2890 1741 2934 29.
1777 2891 1963 2934 videtui·
1992 2903 2104 2946 pec-

1233 2964 1356 2992 casse
1384 2952 1545 2991 nimiae
1578 2950 1807 2993 brevitatis
1840 2950 2002 2993 studio.
2029 2990 2037 2994 -
2093 2980 2098 2982 >

1322 3009 1487 3051 addidit
1520 3009 1728 3051 Claudius
1759 3035 1816 3042 ·—-
1845 3023 1927 3066 per
1955 3009 2105 3066 ponti-

1227 3070 1329 3122 fices
1347 3068 1518 3109 danda.-
1544 3082 1639 3109 cum
1664 3067 1847 3111 Calvina
1869 3069 1924 3110 oh
1947 3069 2104 3111 incesti

1232 3129 1397 3168 crimen
1441 3140 1466 3168 a
1513 3127 1694 3169 Vitellio
1737 3127 1883 3170 fictum
1926 3128 2104 3170 decreto

1231 3192 1408 3228 senatus
1440 3185 1565 3227 Italia
1606 3186 1730 3240 pulsa
1770 3193 1917 3240 esset,
1959 3188 2105 3242 impe-

1231 3252 1349 3286 rator
1390 3245 1591 3299 idemque
1632 3246 1831 3299 pontifex
1872 3247 2102 3299 maximus,

1231 3318 1287 3347 ne
1339 3317 1418 3347 suo
1473 3303 1623 3345 officio
1672 3305 1878 3359 deesset,
1940 3305 2105 3348 addidit

1232 3377 1354 3406 sacra
1409 3369 1453 3406 et
1504 3362 1699 3417 piacula,
1748 3364 1905 3420 quibus
1958 3370 2103 3406 castae

1231 3423 1398 3465 Dianae
1418 3435 1577 3464 numen
1614 3435 1667 3464 eo
1698 3422 1866 3480 flagitio
1890 3422 2103 3464 violatum

1230 3483 1466 3537 propitium
1507 3480 1708 3523 redderet
1750 3488 1793 3524 et
1824 3481 1983 3535 malum
2016 3493 2102 3536 pu-

1230 3541 1393 3583 blicum
1427 3547 1661 3583 averteret.
1715 3541 1838 3582 Tullo
1873 3553 1980 3596 rege
2005 3552 2103 3581 eum

1230 3601 1366 3642 multa
1398 3600 1511 3643 mala
1540 3601 1605 3641 rei
1636 3600 1856 3642 Romanae
1886 3598 2103 3641 accidisse

1231 3666 1274 3703 et
1304 3659 1441 3703 multa
1473 3665 1638 3706 tentata
1657 3671 1754 3704 esse
1775 3657 1830 3704 ad
1843 3657 2101 3717 placandum
