2280 4004
216 258 309 303 880
992 249 1286 302 Anu-amm
1793 270 1834 304 a.
1853 251 1913 304 'lis
1945 248 2047 304 m.

220 399 369 463 quam
406 396 675 449 instantem
714 394 932 462 reliquit.
1018 396 1073 447 ld
1130 409 1263 464 ege,
1326 407 1357 448 ‘a
1411 390 1748 463 scriptoribus
1797 398 2049 452 annalium

218 502 323 538 non
357 487 611 551 traditum,
649 487 853 553 repperi
890 487 942 537 in
977 487 1354 539 commentariis
1384 482 1700 555 Agrippinae
1735 482 1886 555 filiae,
1922 499 2052 556 quae

217 578 437 631 Neronis
475 577 720 644 principis
746 582 911 629 mater
947 578 1101 629 vitam
1133 588 1282 630 suam·
1312 583 1363 630 et
1397 587 1546 631 casus
1586 592 1793 631 suorum
1831 571 2052 646 posteris

218 667 533 721 memoravit.
610 667 842 719 Ceterum
877 650 1428 721 Seianus-‘maerentem
1467 674 1518 722 et
1551 669 1870 736 inprovidam
1903 669 2052 722 altius
2065 666 2138 718 54

183 758 448 825 sperculit,
480 757 720 810 immissis
750 759 833 825 qui
868 773 961 825 per
994 759 1219 826 speciem
1248 760 1503 813 amicitiae
1535 765 1801 813 monerent
1825 765 2054 827 paramm

220 850 267 901 ei
302 864 575 915 venenum,
614 850 850 902 vitandas
886 851 1057 902 soceri
1091 851 1283 917 epulas.
1355 851 1523 918 Atque
1555 852 1641 903 illa
1680 852 2054 904 simulationum

218 941 412 1005 nescia,
445 955 556 992 cum
584 944 793 1007 propter
821 941 1181 1008 discumberet,
1211 956 1317 993 non
1341 942 1480 994 vultu
1504 947 1592 994 aut
1627 952 1864 996 sermone
1899 938 2054 1008 flecti,

219 1031 385 1083 nullos
423 1031 676 1099 attingere
710 1031 873 1097 cibos,
913 1031 1081 1084 donec
1119 1031 1337 1085 advertit
1361 1033 1609 1098 Tiberim,
1649 1033 1798 1100 forte,
1838 1045 1903 1086 an
1939 1034 2055 1101 quia

222 1122 519 1186 audiverat3
559 1122 712 1188 idque
747 1137 848 1188 quo
895 1123 1063 1175 acrius
1095 1124 1430 1190 experiretur,
1468 1136 1647 1191 poma,
1685 1129 1740 1175 ut
1773 1129 1921 1176 era-nt
1956 1124 2057 1176 ad·-

160 1235 208 1271 10
222 1213 404 1280 posita,
444 1213 657 1265 laudans
692 1214 842 1265 nurui
870 1228 962 1266 sua
998 1220 1151 1266 manu
1185 1215 1409 1267 tradidit.
1485 1212 1648 1268 Aucta
1680 1228 1749 1268 ex
1782 1227 1848 1268 eo
1884 1215 2057 1282 suspi-

224 1304 304 1355 cio
342 1303 683 1372 Agrippinae,
743 1309 793 1356 et
839 1305 1027 1356 intacta
1075 1319 1170 1358 ore
1218 1304 1382 1358 servis
1432 1306 1662 1358 tramisit.
1735 1301 1843 1359 Nec
1887 1308 2057 1358 tam‘e'n
2124 1346 2128 1350 Δ

222 1395 411 1447 Tiberii
448 1408 552 1447 vox
589 1410 763 1448 coram
799 1401 974 1448 secuta
995 1434 1009 1461 ,
1049 1396 1142 1448 sed
1177 1396 1428 1449 obversus
1467 1397 1531 1448 ad
1566 1401 1778 1449 matrem
1814 1407 1920 1448 non
1958 1391 2058 1448 mia

223 1501 334 1538 rum
373 1487 470 1552 ait,
525 1487 570 1538 si
608 1487 728 1554 quid
764 1487 996 1539 severius
1029 1487 1085 1537 in
1134 1498 1250 1538 'eam
1300 1487 1560 1540 statuisset
1610 1504 1639 1539 a
1687 1496 1785 1554 qua
1823 1486 2058 1540 veneficii

223 1577 618 1651 insimularetur.
693 1576 817 1629 Inde
855 1579 1031 1628 rumor
1062 1577 1232 1643 parari
1272 1577 1506 1643 exitium,
1544 1590 1712 1644 neque
1747 1577 1800 1629 id
1835 1578 2060 1644 impera—

163 1674 386 1723 nstorem
420 1668 585 1735 palam
624 1668 833 1734 audere,
873 1673 1126 1721 secretum
1162 1668 1226 1719 ad
1264 1669 1657 1735 perpetrandum
1699 1669 1891 1735 quaeri.

365 1760 465 1813 Sed
487 1760 683 1812 ‘Caesar
709 1772 809 1826 quo
845 1759 1027 1811 famam
1054 1765 1324 1825 averteret,
1358 1760 1543 1812 adesse
1572 1760 1812 1826 frequens
1842 1760 2144 1826 senatui,55

228 1851 531 1918 legatosque
565 1850 753 1915 Asiae,
820 1850 1139 1917 ambigentes
1189 1864 1405 1917 quanam
1465 1850 1518 1901 in
1565 1851 1774 1902 ‘civitate
1823 1849 2060 1917 tempium

227 1945 551 2008 statueretur,
576 1941 734 2008 pluris
766 1955 858 2008 per
894 1941 1004 1993 dies
1042 1940 1250 1993 audivit.
1325 1941 1572 1994 Undecim
1597 1941 1751 1994 urbes
1781 1939 2058 2007 certabant,

349 2077 417 2120 10.
449 2088 553 2118 suae
585 2074 651 2117 M:
686 2074 821 2117 tacite
854 2075 1045 2117 correxit
1077 2074 1330 2118 Rhenanus,
1411 2076 1476 2119 13.
1514 2075 1602 2130 quit
1631 2075 1688 2118 Μ.
1762 2075 1974 2130 ueneficio
2004 2074 2060 2118 M.

322 2176 592 2233 Agyrippinae
632 2173 783 2231 filiae.-
830 2174 947 2218 conf.
991 2175 1102 2219 Plin.

230 2233 363 2278 index
396 2236 496 2279 libri
532 2236 610 2277 vn
652 2236 727 2277 ubi
764 2235 809 2276 in
850 2234 1104 2289 auctoribus

225 2294 359 2336 'Plinii
392 2295 638 2351 Ayrippina
658 2294 846 2347 Claudii,
879 2301 923 2336 ‘et
949 2293 1025 2336 Vll
1050 2294 1104 2337 6:

231 2355 447 2396 Neronem
470 2368 629 2409 quoque
649 2380 704 2386 ——
721 2353 898 2410 pedibus
914 2356 1106 2409 yenitum

230 2414 378 2456 scribit
405 2427 569 2470 parens
599 2415 688 2455 eius
718 2413 978 2469 Aqrippina.

321 2499 427 2554 Cap.
462 2501 533 2543 54.
597 2501 725 2543 altius
761 2501 973 2555 perculit.-
1022 2500 1105 2557 yab

230 2558 301 2599 ihr
342 2561 468 2600 einen
517 2560 629 2601 noch
670 2561 796 2613 tiefbr
839 2560 1107 2615 drinyenden

230 2617 364 2659 Seoss.
417 2618 706 2675 Improvidam
729 2617 890 2658 adiecit
915 2632 1000 2674 quo
1025 2631 1106 2671 ap-

231 2681 421 2730 pareret,
455 2675 672 2731 quomodo
694 2675 840 2717 Seiani
875 2676 1105 2718 consilium

234 2741 276 2776 et
309 2733 434 2776 dolus
467 2733 601 2778 facile
633 2736 872 2790 perpatrari
905 2740 1074 2790 posset.

319 2807 409 2835 non
449 2793 567 2835 vultu
607 2801 682 2836 aut
733 2805 926 2836 sermone
970 2792 1107 2850 [tecti.-

230 2852 393 2909 ‘rigido
428 2851 551 2894 vultu
592 2859 636 2895 et
678 2855 894 2895 constanti
927 2854 1106 2896 silentio

232 2910 501 2953 accubabat'.
543 2908 897 2954 Donounmnivs.

232 2986 238 2991 ·
323 2971 446 3026 idque
488 2985 567 3025 qno
610 2973 755 3013 acrius
808 2973 1105 3029 emperiretnr:

234 3031 410 3084 proprie
445 3031 591 3072 acrius
622 3030 825 3082 scrutari,
856 3031 1110 3086 percontari

232 3088 443 3143 dicimuS,
485 3088 527 3132 h.
567 3102 606 3133 c,
654 3090 897 3131 acrioribus
944 3091 1108 3131 instru-

233 3149 384 3191 mentis
410 3161 647 3204 quaerere3
681 3147 783 3190 hinc
800 3148 852 3190 ad
872 3150 1109 3203 experien-

235 3206 333 3248 dum
368 3207 411 3249 id
461 3207 715 3250 translatum
760 3213 853 3249 est:
900 3212 1109 3250 converte

231 3267 322 3308 und
351 3282 421 3308 nm
454 3268 542 3309 dies
574 3267 829 3309 bestimmter
871 3280 922 3309 zu
955 3266 1110 3323 erfah-

233 3339 328 3368 ren.
411 3327 610 3368 obversus
632 3327 689 3367 ad
713 3334 914 3367 matrem:
943 3325 1109 3368 Liviam

237 3383 435 3426 Tiberius
466 3387 657 3440 iniquam
699 3386 968 3441 Agrippinae
1014 3397 1110 3426 esse

238 3450 505 3497 compertum
547 3444 759 3496 habebat3
806 3445 907 3486 hinc
954 3456 1111 3486 arcana

234 3505 394 3546 mentis
435 3504 475 3544 ei
510 3502 690 3543 liberius
723 3505 895 3556 promit.

328 3587 432 3642 Cap.
461 3589 532 3631 55.
598 3589 817 3643 templum.-
849 3590 1110 3645 simpliciter

237 3649 358 3704 ponit
391 3648 474 3690 hoc
505 3659 664 3690 nomen
684 3678 696 3702 ‚
740 3661 836 3691 cum
867 3650 1020 3707 templi
1056 3650 1108 3694 ab

1183 2176 1318 2218 Asiae
1350 2170 1529 2217 urbibus
1555 2173 1729 2218 Tiberio
1759 2174 1927 2219 decreti
1958 2174 2061 2222 ant'e

1184 2236 1453 2276 mentionem
1494 2234 1676 2276 fecisset
1723 2234 1785 2277 lv
1825 2235 1877 2278 15
1912 2236 1956 2277 et
1987 2231 2059 2278 37.

1183 2294 1335 2349 ltaque
1366 2291 1565 2349 templum
1594 2293 1639 2335 h.
1674 2293 1704 2336 l.
1740 2298 1807 2336 est
1837 2292 1890 2340 τὸ
1916 2293 2060 2351 lepor.

1272 2352 1419 2394 Persi:
1453 2351 1775 2409 diphthongum
1808 2353 1850 2394 ei
1875 2351 2060 2395 Romani

1216 2411 1317 2453 lane
1363 2417 1411 2452 ut
1441 2411 1459 2451 a·
1488 2411 1747 2465 productum
1797 2413 2060 2466 pronuntia-

1184 2425 1305 2524 bant,
1338 2480 1388 2512 ac
1407 2476 1652 2570 (propterea
1664 2469 2060 2527 NigidiusFigulus

1184 2529 1402 2583 reprehen
1435 2529 1468 2570 it
1497 2528 1719 2571 'Romanos
1744 2528 1911 2571 duabus
1944 2530 2060 2570 notis

1186 2588 1299 2629 idem
1339 2587 1654 2642 exprimentes.
1716 2586 1882 2644 Nigidii
1923 2587 2057 2630 verba

1186 2646 1297 2688 haec
1327 2650 1430 2688 sunt
1447 2645 1587 2702 (Ge‘ll.
1607 2646 1703 2688 XIX
1729 2649 1836 2703 14):
1872 2646 2062 2690 Graecos

1185 2712 1273 2746 non
1324 2707 1473 2747 tantae
1515 2706 1714 2747 inscitiae
1770 2715 1942 2748 arcesso
1992 2706 2063 2760 qui

1186 2776 1238 2806 ov
1271 2779 1325 2806 eae
1359 2775 1384 2805 o
1419 2772 1459 2807 et
1490 2778 1513 2806 v
1546 2765 1832 2822 scripserunt,
1875 2772 2063 2820 quantae

1187 2823 1259 2879 qui
1290 2823 1331 2866 ei
1361 2834 1417 2866 'ex
1450 2833 1474 2866 e
1495 2830 1534 2865 et
1560 2825 1603 2865 i.-
1633 2823 1742 2867 illud
1773 2825 1888 2866 enim
1905 2824 2065 2881 *inopia

1185 2885 1384 2939 fecerunt
1442 2882 1673 2941 (Graeci),
1724 2883 1806 2925 hoc
1845 2882 1970 2925 vanua
2015 2897 2063 2925 re

1188 2942 1353 2984 subacti
1400 2942 1608 2999 (Latini).
1668 2944 1756 2985 lam
1806 2948 1913 2985 ver‘o
1967 2951 2064 2984 cum

1189 3002 1335 3055 prius,
1378 3007 1467 3043 tum
1510 3001 1645 3043 Taciti
1687 3007 1831 3044 aetate
1875 3001 2064 3057 'genitivi

1191 3060 1452 3101 Graecorum
1502 3062 1724 3101 nominum
1769 3060 1813 3101 in
1857 3064 1900 3101 εἴ
1943 3059 2064 3102 desi-

1190 3124 1344 3160 nentes
1390 3125 1541 3161 contra
1582 3121 1796 3160 rationem
1842 3123 1886 3160 et
1937 3125 2062 3159 usum

1190 3177 1416 3219 meliorem
1449 3177 1634 3231 syllabis
1666 3176 1831 3219 duabus
1858 3178 2064 3219 extremis

1191 3238 1234 3278 in
1268 3249 1395 3278 unam
1427 3237 1590 3278 coactis
1613 3247 1747 3291 saepe
1772 3235 2064 3291 profereban-

1192 3301 1283 3347 tur,
1319 3302 1365 3336 ut
1400 3295 1516 3337 Pelei
1544 3308 1621 3350 pro
1655 3294 1799 3348 Pelei,
1831 3295 1959 3338 Atrei
1983 3302 2063 3350 'pro

1191 3355 1329 3396 Atrei.
1393 3354 1439 3396 ld
1480 3354 1686 3396 docemur
1724 3367 1749 3396 a
1791 3353 2062 3406 Quintiliano

1191 3412 1208 3454 1
1251 3415 1276 3455 5
1320 3414 1533 3456 22—24.
1597 3412 1663 3455 Ex
1714 3412 1796 3454 hac
1842 3414 2065 3453 immutata

1192 3474 1549 3527 pronuntiatione
1603 3472 1742 3514 forma
1789 3470 1909 3512 Persi
1963 3474 2064 3510 nata

1196 3537 1276 3584 cst,
1313 3545 1424 3587 quae
1456 3533 1540 3573 iam
1573 3531 1795 3572 invenitur
1827 3527 1940 3583 apud
1963 3528 2063 3571 Sal-

1196 3590 1371 3632 lustium
1415 3596 1457 3631 et
1500 3590 1684 3633 Livium.
1752 3586 1817 3630 Cf.
1871 3586 2064 3632 Gronov.

1195 3650 1248 3693 ad
1279 3650 1372 3693 Liv.
1407 3648 1518 3692 XLII
1549 3648 1620 3694 25.
