2280 4004
196 311 231 364 α’
250 316 302 364 C.
336 321 417 365 50.
750 320 914 366 LIBER
943 316 1035 363 ΧΠ.
1103 311 1210 364 Cn-
1237 313 1433 366 '27-30.
1961 313 2020 363 6⁶?

195 456 549 524 po·pularibuS‚
600 471 720 510 mox
759 457 1082 509 diuturnitate
1119 457 1171 507 in
1208 454 1493 523 superbiam
1525 462 1758 525 mans,
1810 463 1863 511 et
1899 459 2019 511 odio

196 548 503 613 accolarum,
528 548 675 600 simui
703 549 999 600 domesticis
1027 548 1300 601 discordiis
1327 549 1713 603 circumventus.
1766 551 2021 604 Auctor-es

195 638 340 690 fuere
378 638 597 694 Vibilius
631 639 1097 691 Hermundurorum
1137 653 1231 691 rex
1266 645 1315 692 et
1349 640 1549 708 Vangio
1584 657 1645 693 ac
1679 641 1803 695 Sido
1839 656 2021 695 sorore

194 729 378 782 Vannii
415 730 593 797 geniti.
666 731 773 782 Nec
811 730 1066 796 ClaudiuS,
1110 737 1600 799 quamquam‘saepe
1638 738 1839 799 ora-tus,
1881 748 2022 786 arma

197 821 505 873 certantibus
542 821 775 873 barbaris
810 822 1126 888 interposuit,
1165 826 1321 873 tutum
1344 824 1542 875 Vannio
1579 824 1863 892 perfugium
1896 834 2060 891 pro-5

195 913 416 989 mittens,
452 913 496 964 si
539 912 835 978 pelleretur3
889 914 1194 980 scripsitque
1234 914 1471 981 Palpellio
1507 915 1711 980 Histrc),
1772 917 1856 982 qui
1890 916 2023 968 Pan-

195 1004 400 1055 noniam
431 1004 771 1071 praesidebat,
804 1004 1059 1072 legionem
1083 1005 1295 1070 ipsaque
1321 1022 1349 1057 e
1377 1006 1638 1072 provincia
1675 1007 1806 1058 lecta
1837 1007 2023 1060 auxilia

124 1100 127 1103 ’
194 1099 287 1160 pro
336 1096 446 1160 ripa
501 1099 856 1161 componeret,
920 1094 1149 1146 subsidio
1187 1095 1336 1146 victis
1389 1100 1438 1146 et
1485 1101 1733 1149 terrorem
1774 1097 2022 1150 adversus

194 1184 446 1249 victoreS‚
498 1200 563 1236 ne
600 1185 801 1236 fortuna
841 1184 958 1235 elati
998 1189 1226 1236 nostram
1274 1199 1475 1251 quoque
1518 1201 1696 1252 pacem
1742 1188 2021 1239 turbarent.

194 1276 319 1327 Nam
351 1276 431 1327 vis
468 1275 733 1327 innumera
769 1275 915 1342 Lygii
953 1275 1186 1341 aliaeque
1225 1281 1404 1343 gentes
1457 1276 1828 1342 adventabant,
1886 1276 2088 1333 famare

197 1366 314 1418 ditis
350 1367 524 1434 regni,
579 1367 713 1434 quod
750 1367 975 1418 Vannius
1014 1367 1222 1434 triginta
1274 1382 1367 1434 per
1406 1382 1567 1420 annos
1605 1368 2023 1435 praedationibus

198 1464 248 1511 et
285 1459 622 1526 vectigalibus
663 1464 888 1511 auxerat.
978 1459 1077 1525 Ipsi
1112 1474 1288 1511 manus
1329 1460 1535 1526 propria
1578 1461 1807 1527 pediteS,
1868 1474 2023 1527 eques

198 1566 227 1601 e
264 1550 505 1603 Sarmatis
540 1550 807 1617 Iazygibus
847 1555 983 1614 erat,
1025 1550 1186 1616 impar
1221 1550 1524 1601 multitudini
1560 1551 1806 1615 hostium3
1859 1565 2024 1617 eoque

111 1641 422 1696 aocastellis
457 1656 573 1693 sese
610 1641 883 1692 defensare
919 1640 1205 1708 bellumque
1242 1641 1431 1693 ducere
1469 1642 1729 1694 statuerat.
1804 1641 1905 1695 Sed
1942 1642 2026 1693 Ia-

197 1747 353 1799 zyges
406 1732 690 1783 obsidionis
744 1732 1061 1798 impatientes
1113 1737 1162 1784 et
1208 1732 1468 1799 proximos
1520 1748 1612 1799 per
1657 1747 1863 1799 campos
1902 1747 2025 1800 vagi
2043 1749 2088 1785 ι.»

196 1823 624 1876 necessitudinem
659 1838 862 1890 pugnae
900 1823 1128 1888 attulere,
1168 1824 1282 1890 quia
1316 1823 1504 1890 Lygius
1543 1823 2027 1889 Hermundurusque

195 1902 300 1965 illic
349 1914 662 1982 ingruerant.
735 1914 893 1982 Igitur
942 1915 1206 1982 digressus
1254 1914 1474 1966 castellis
1525 1902 1751 1966 Vannius
1802 1914 2027 1966 funditur

321 2069 359 2110 1.
394 2067 673 2109 diuturnitate
704 2062 793 2109 Μ3.
828 2067 1151 2111 diuturnitatem
1181 2064 1254 2109 BG
1288 2072 1331 2109 et
1363 2062 1653 2110 oxonienses.
1764 2069 1807 2111 3.
1838 2066 2028 2110 uibillius

200 2124 545 2182 M21.Van92·0
579 2141 633 2168 ac
665 2125 767 2168 Siclo
801 2124 866 2168 Ma
898 2129 1006 2183 (non
1047 2128 1193 2169 Vando
1227 2142 1280 2168 ac
1311 2122 1468 2179 Sittio).
1551 2128 1592 2169 5.
1628 2127 1886 2169 certantibus
1922 2127 2028 2168 bar..

202 2187 319 2228 baris
352 2187 612 2228 certantibus
634 2184 723 2227 Ma:
758 2194 861 2228 cert.
896 2185 1016 2229 barb.
1050 2186 1097 2229 G.
1190 2187 1232 2229 6.
1257 2182 1464 2242 Palpellio
1488 2185 1651 2227 editor.
1684 2183 1752 2227 Ma
1779 2185 1827 2227 P.
1850 2186 2026 2230 Atettio.

202 2245 474 2287 Pannoniam
505 2243 584 2298 Μ3,
619 2242 872 2287 Pannoniae
903 2244 990 2288 BG.
1099 2246 1140 2288 7.
1169 2245 1331 2301 presid.
1333 2201 1445 2287 Pilia.
1537 2245 1582 2287 8.
1617 2258 1868 2301 componere
1902 2244 2034 2288 GMaz'

204 2317 314 2348 corr.
348 2306 392 2346 in
425 2304 535 2359 Spir.
613 2305 681 2348 10.
713 2305 798 2346 uisi
826 2317 877 2358 pr
896 2303 975 2347 Μ3.
1049 2305 1164 2360 Liqii
1196 2299 1320 2347 GMa:
1354 2316 1454 2345 mox
1489 2303 1542 2346 Li
1571 2305 1650 2346 ius.
1719 2305 1788 2347 13.
1821 2305 2030 2360 iaziyibus

205 2363 320 2406 (ima.
393 2365 458 2406 14.
491 2363 669 2419 iaziyies
696 2361 778 2417 Μ3,
812 2364 970 2420 iaziyes
1005 2363 1052 2406 G.
1131 2364 1199 2407 17.
1232 2360 1545 2420 inqruerautll
1522 2319 1602 2417 Βῖ3,
1633 2376 1721 2404 non
1753 2364 2028 2420 ingruebant.

202 2505 401 2546 manicae
432 2503 575 2544 comiti
610 2502 667 2544 Ti.
706 2503 924 2546 Caesaris.
957 2503 1069 2559 Auq.

205 2563 303 2604 dam
335 2563 407 2604 suh
441 2563 535 2603 divo
568 2562 663 2618 Aug
743 2562 870 2614 Quod
912 2562 972 2603 ibi
1006 2568 1072 2604 eSt
1155 2502 1352 2557 ptoribus
1407 2505 1562 2544 nititur
1621 2503 1728 2558 (Dio
1780 2503 1936 2545 LXVII
1986 2504 2027 2547 5.

1155 2562 1338 2604 Ptolem.
1362 2561 1400 2603 11
1429 2564 1478 2604 11
1518 2562 1586 2615 18,
1618 2563 1691 2603 ubi
1720 2569 1785 2604 est
1804 2565 2028 2620 Λοῦγοι).

204 2635 362 2663 nomen
385 2620 613 2677 Palpelius,
649 2621 690 2662 ei
722 2621 909 2663 litteram
937 2621 1073 2676 liqui-

205 2682 308 2722 dam·
334 2680 597 2735 duplicatam
631 2694 685 2722 ex
709 2682 970 2722 auctoritate
995 2694 1073 2722 co-

206 2740 348 2781 dicum
390 2742 436 2780 in
477 2739 612 2781 Taciti
656 2741 804 2782 verbis
849 2743 1073 2782 concessi:

207 2805 400 2840 ceterum
434 2798 550 2840 hunc
581 2801 721 2852 ipsum
755 2811 854 2841 esse
889 2799 1074 2841 eundem

208 2858 442 2910 hominem,
474 2858 546 2911 qui
575 2859 619 2898 in
647 2857 792 2910 lapide
812 2859 1073 2911 nominatur,

207 2922 328 2957 recte
379 2915 561 2956 credidit
621 2915 792 2970 Lipsius
856 2923 900 2958 et
959 2916 1075 2958 idem

207 2975 458 3030 scripsitque
487 2973 677 3031 Palpelio
710 2976 794 3016 iam
825 2987 931 3018 vere
965 2988 1075 3017 con-

210 3035 329 3075 iecit.
396 3033 553 3074 Verum
613 3033 785 3088 Lipsius
841 3035 1076 3091 Palpelium

211 3105 333 3133 suum
366 3093 409 3132 in
443 3098 693 3133 contextum
735 3093 969 3136 verborum
1000 3107 1075 3136 re-

212 3153 360 3203 cipere
392 3152 485 3192 iure
518 3151 756 3193 dubitavit:
795 3153 922 3194 nohis
964 3153 1077 3195 hanc

213 3209 525 3250 dubitationem
564 3210 776 3264 praecidit
807 3211 881 3253 lex
909 3212 964 3254 ad
985 3211 1080 3254 XIII

212 3270 269 3311 30
314 3267 548 3309 declarata.
614 3269 792 3311 Scilicet
838 3271 884 3313 P.
921 3270 1078 3313 Atellio

213 3328 357 3368 Histro
391 3333 541 3380 aperte
568 3334 733 3383 pugnat
751 3335 902 3369 contra
917 3341 1080 3370 morem

213 3399 238 3427 a
285 3386 432 3426 'l'acito
484 3393 734 3428 constanter
786 3387 1079 3429 observatum.

213 3443 424 3500 >Palpellio
477 3457 740 3498 praenomen
791 3446 874 3487 fuit
913 3446 1080 3487 Sextus.

216 3504 349 3545 Paulo
378 3509 479 3545 ante
513 3504 689 3546 Vibilius
721 3506 875 3559 scripsi
909 3510 1084 3546 secutus

216 3565 424 3605 maiorem
453 3565 754 3605 auctoritatem
778 3563 961 3606 Medicei
985 3563 1085 3604 libri

215 3623 375 3678 prior-is
408 3622 446 3663 ll
478 3622 551 3664 63.

312 3681 462 3740 Lyyii:
509 3680 656 3726 littera
694 3697 721 3740 y
763 3682 941 3728 Graecis
970 3682 1085 3726 scri..

1156 2621 1406 2663 Latinorum
1467 2621 1666 2663 codicum
1728 2623 1962 2676 scriptores
2014 2623 2032 2663 i

1158 2681 1424 2722 substituere
1470 2681 1639 2733 solent,
1683 2687 1730 2722 ut
1772 2684 1917 2723 statim
1948 2692 2030 2723 usu

1157 2741 1344 2782 venitin
1366 2742 1544 2782 nomine
1560 2740 1774 2795 Iazyyum.
1810 2740 1876 2782 Cf.
1895 2740 2028 2783 G.43.

1261 2799 1440 2854 triginta
1488 2813 1570 2855 per
1615 2813 1784 2840 anuos:
1845 2812 2030 2855 regnum

1160 2863 1393 2911 acceperat
1431 2871 1469 2899 a.
1510 2859 1563 2900 19
1595 2870 1619 2898 a
1649 2857 1776 2900 Chi-,2
1810 2861 1895 2900 iam
1926 2871 2030 2901 ver-

1160 2929 1304 2958 samur
1355 2918 1400 2958 in
1452 2916 1583 2958 rebus
1631 2919 1732 2958 anni
1780 2919 1861 2971 503
1918 2919 2030 2959 ratio

1159 2977 1295 3032 igitur
1326 2981 1412 3017 tam
1458 2982 1663 3018 accurate
1703 2976 1917 3019 subducta
1950 2983 2031 3029 est,

1161 3047 1288 3091 quam
1321 3037 1545 3090 expectari
1578 3037 1622 3076 in
1655 3035 1867 3077 eiusmodi
1901 3036 2031 3078 rebus

1160 3099 1321 3148 potest.
1382 3094 1555 3135 Erravit
1610 3094 1782 3147 Lipsius
1834 3095 2031 3135 scribens

1162 3153 1378 3209 ‘legitima
1408 3155 1519 3193 ratio
1546 3158 1662 3194 esset
1682 3154 1739 3194 33
1762 3166 1843 3208 per
1862 3152 2030 3194 annos?

1163 3211 1372 3253 Nimirum
1405 3211 1576 3264 Lipsius
1609 3223 1767 3251 annum
1806 3212 1929 3253 cuius
1960 3223 2031 3252 res

1167 3276 1319 3325 gestae
1351 3283 1467 3310 nunc
1497 3269 1752 3322 traduntur,
1787 3282 1864 3323 pro
1899 3271 2032 3325 quin-

1167 3329 1422 3383 quagesimo
1444 3330 1600 3382 primo,
1624 3334 1671 3368 ut
1689 3340 1841 3370 omnes
1857 3335 2033 3371 veteres

1168 3386 1374 3439 editores,
1409 3386 1521 3428 falso
1558 3386 1725 3429 habuit.

1257 3444 1361 3499 Cap.
1416 3446 1488 3489 30.
1564 3446 1776 3502 diqressus
1821 3445 2033 3488 castellis:

1171 3504 1367 3545 Vannius
1397 3503 1590 3546 castellis
1622 3518 1669 3547 se
1701 3517 1893 3560 suosque
1925 3517 2035 3547 con-

1170 3564 1311 3605 tinere
1338 3563 1500 3617 voluit,
1546 3564 1622 3606 sed
1655 3565 1863 3621 Iazygnm
1894 3567 2036 3619 impa-

1172 3623 1327 3663 tientia
1359 3629 1538 3666 coactus
1582 3624 1682 3667 loca
1729 3631 1822 3666 tuta
1864 3625 2028 3668 invitus

1170 3683 1333 3727 omisit.
2021 3707 2030 3713 -
