2280 4004
196 284 224 324 a
249 275 303 325 0·
334 277 411 326 62.
745 279 908 324 LIBER
938 278 1053 323 x1v.
1121 279 1230 324 On.
1259 280 1449 325 57—58.
1927 282 2016 325 281

194 415 377 473 tiorum
425 418 720 486 adpetentes
762 418 933 471 saciat.
1003 418 1111 488 Nee
1160 418 1290 471 ultra
1337 432 1500 472 mora.
1572 419 1708 474 Sulla
1749 425 1896 473 sexto
1932 421 2015 474 die

194 510 447 579 pervectis
480 510 753 563 Massiliam
795 510 1215 577 percussoribuS,
1274 516 1390 564 ante
1441 515 1625 565 metum
1662 517 1712 565 et
1758 520 2013 565 rumorem

193 601 515 666 interficitur,
556 616 667 654 eum
709 602 943 668 epulandi
982 614 1135 655 causa
1173 601 1528 655 discumberet.
1601 603 1830 656 Relatum
1868 609 2016 670 caput

194 692 304 747 eius
370 693 542 746 inlusit
597 694 734 748 Nero
800 698 1053 761 tamquam
1128 698 1448 761 praematura
1521 694 1705 748 canitie
1767 695 2013 747 deforme.

108 784 365 846 58Plauto
399 783 567 852 parari
600 800 780 839 necem
817 800 920 838 non
957 785 1169 852 perinde
1207 784 1458 837 occultum
1494 785 1603 851 fuit,
1642 786 1758 852 quia
1790 786 2059 853 pluribuss

192 875 330 930 salus
374 876 483 930 eius
523 876 823 942 curabatur3
863 882 914 928 et
951 878 1167 943 spatium
1194 875 1392 928 itineris
1432 891 1494 929 ao
1529 876 1684 929 maris
1720 882 2017 944 tempusque

191 967 509 1022 interiectum
533 972 762 1021 moverat
790 968 999 1032 famam3
1034 967 1291 1035 vulgoque
1324 967 1585 1035 fingebant
1611 967 1818 1034 petitum
1855 968 1919 1022 ab
1954 983 2016 1022 eo

193 1060 562 1129 Corbulonem,
622 1060 821 1128 magnis
858 1063 961 1112 tum
998 1059 1306 1111 exercitibus
1341 1058 1717 1125 praesidentem
1754 1064 1831 1126 et,
1893 1059 2018 1112 clari
2100 1111 2103 1114 Λ

191 1156 340 1219 atque
394 1151 624 1205 insontes
674 1151 719 1205 si
762 1150 1204 1215 interficerentur,
1270 1149 1599 1216 praecipuum
1654 1150 1719 1203 ad
1772 1151 2015 1218 pericula.

189 1243 322 1308 Quin
372 1247 424 1297 et
456 1243 635 1297 Asiam
671 1244 850 1296 favore
888 1242 1088 1294 iuvenis
1126 1257 1266 1294 arma
1305 1241 1534 1307 cepisse,
1595 1257 1693 1294 nec
1727 1226 1911 1295 milites
1952 1243 2018 1296 ad
2037 1249 2086 1290 ¹⁰

190 1335 360 1390 scelus
393 1335 579 1389 missos
615 1338 701 1386 aut
734 1347 947 1387 numero
982 1332 1183 1386 validos
1221 1335 1309 1385 aut
1341 1332 1508 1384 animo
1544 1336 1834 1399 promptOS,
1871 1339 2019 1400 post-

191 1441 339 1493 quam
387 1425 524 1480 iussa
577 1426 783 1479 efficere
832 1424 1182 1492 nequiverint,
1243 1423 1308 1475 ad
1362 1437 1481 1489 spes
1537 1435 1698 1476 novas
1753 1424 2016 1477 transisse.

188 1520 330 1590 Vana
367 1518 514 1583 haec,
538 1533 681 1571 more
714 1517 896 1583 famae,
929 1516 1243 1584 credentium
1278 1515 1382 1567 otio
1408 1514 1755 1582 auge'bantur3
1794 1519 2019 1568 ceterum

186 1610 397 1663 libertus
435 1609 591 1661 Plauti
636 1609 895 1661 celeritate
943 1613 1209 1659 ventorum
1247 1605 1511 1674 praevenit
1551 1606 1924 1672 centurionem,
1968 1611 2019 1660 et

186 1701 422 1755 mandata
456 1700 597 1754 Lucii
629 1699 835 1752 Antistii
868 1697 1043 1752 soceri
1080 1698 1256 1750 attulit.
1331 1696 1595 1767 Effugeret
1630 1711 1843 1766 segnem
1875 1711 2017 1751 mor-
2033 1707 2083 1745 ¹⁵

186 1790 315 1848 'temz
355 1798 513 1847 tutum
553 1789 854 1861 suffugium,
912 1796 963 1844 et
997 1788 1172 1860 magni
1211 1789 1432 1844 nominis
1468 1789 1798 1844 miseratione
1836 1806 2019 1858 reper-

309 1965 346 2007 1.
379 1976 522 2005 moras
553 1960 640 2015 Ma,
683 1974 738 2004 ex
781 1961 1001 2018 geminata
1039 1972 1132 2015 seq.
1178 1958 1262 2001 litt.
1304 1972 1345 2013 s,
1392 1963 1441 1999 ut
1487 1968 1590 1999 mox
1620 1955 1818 2000 Antistiis
1863 1958 2017 2001 soceri.

187 2022 293 2067 sina
322 2020 402 2065 Ma.
505 2023 547 2066 3.
583 2021 797 2078 prelatum
829 2019 917 2071 Ma,
946 2020 1163 2076 perlatum
1196 2018 1263 2059 A:
1311 2017 1586 2060 emendatum
1618 2017 1665 2059 in
1694 2016 1781 2059 BG.
1874 2021 1917 2059 4.
1950 2017 2016 2060 m.

189 2083 262 2126 Or.
362 2091 565 2137 tanquam
596 2078 676 2124 Ma.
770 2081 958 2122 canitiae
990 2079 1210 2132 deformae
1241 2076 1322 2119 Ma.
1404 2078 1446 2119 5.
1475 2076 1642 2133 plautio
1673 2074 1753 2119 Ma.
1788 2081 2019 2132 utrumque

188 2144 431 2185 correctum
465 2143 509 2184 in
543 2139 591 2182 G.
683 2140 724 2182 7.
757 2141 879 2196 fama
910 2137 1001 2181 Ma.-
1038 2136 1072 2179 G
1105 2139 1281 2193 samam.
1369 2136 1559 2192 finqcbae
1589 2135 1771 2179 ultimae
1802 2134 1904 2189 syll.
1939 2147 2017 2177 su-

187 2212 350 2258 persor.
387 2215 417 2242 n
448 2201 526 2243 Ma.
649 2198 693 2241 9.
732 2199 771 2239 si
800 2199 982 2252 intortio.
1015 2196 1355 2252 Bezzenbergcr
1393 2200 1437 2237 ct
1481 2195 1790 2237 Heinischiust
1824 2191 1890 2236 ma
1920 2207 2019 2236 cum

188 2262 346 2304 ceteris
380 2261 561 2314 interfic.
663 2258 730 2301 10.
766 2270 873 2312 asya
903 2255 984 2299 Ma.
1086 2256 1239 2311 fabor-c
1273 2253 1353 2297 Ma.
1445 2256 1514 2300 12.
1546 2265 1667 2308 nova*
1693 2252 1786 2306 Ma„
1869 2259 2019 2296 trans-

186 2322 330 2365 issent.
404 2320 498 2362 Una
528 2317 618 2361 Ma:
660 2318 851 2359 correxit
879 2315 1174 2359 Boxhornius.
1241 2314 1449 2358 transisse
1478 2315 1563 2356 iam
1596 2313 1632 2355 G
1663 2318 1708 2354 et
1735 2310 2016 2355 Puteolanus.

192 2380 259 2423 13.
291 2392 409 2421 more
441 2377 521 2431 Ma,
553 2379 601 2419 in
633 2389 708 2418 ore
740 2375 787 2419 G.
881 2376 1120 2432 agebantur
1152 2373 1278 2417 ama:
1312 2374 1503 2416 correxit
1533 2373 1717 2415 Medius.
1802 2379 2019 2414 caeterum

187 2438 266 2482 Ma.
363 2439 449 2481 llis
479 2437 728 2481 caeleritate
760 2434 841 2478 Ma.
938 2436 1006 2478 15.
1041 2434 1092 2476 L.
1126 2430 1312 2476 antistiis
1344 2432 1424 2476 Ma.
1519 2431 1705 2488 effuqcrc
1736 2430 1828 2474 Max
1865 2443 2017 2475 corre..

188 2504 303 2541 ctum
335 2497 379 2539 in
413 2497 446 2540 G
479 2503 522 2540 et
555 2497 623 2539 ed.
657 2496 795 2551 princ.
911 2499 1115 2537 mortem.-
1151 2500 1282 2536 tutum
1313 2492 1481 2537 editort
1515 2489 1618 2534 GMa
1647 2498 1838 2544 mortem,
1873 2491 2016 2545 otium,

185 2558 225 2601 A
256 2563 458 2600 momm:
495 2557 594 2601 ocii.
691 2554 759 2598 16.
790 2553 1071 2597 miseratione?
1099 2552 1167 2597 Ma
1197 2563 1295 2596 cum
1327 2552 1517 2595 ceteris:
1548 2551 1582 2594 B
1619 2561 1644 2594 a
1675 2561 1765 2594 see.
1797 2560 1854 2594 m.
1887 2551 2018 2593 mise-

187 2618 374 2660 ratione.

187 2777 304 2820 linus
326 2774 404 2818 sed
425 2774 499 2816 uni
516 2773 686 2817 Plauto.
749 2773 975 2828 Suspectus
1004 2783 1059 2815 ex
1143 2770 1192 2813 ld
1224 2782 1310 2827 quo
1335 2768 1524 2812 consilio
1548 2767 1722 2822 fecerit,
1752 2769 1881 2812 exiis
1907 2781 2019 2825 quae

188 2834 446 2889 compendio
510 2834 703 2889 suspesos
753 2832 867 2874 male
912 2832 1057 2874 soluto
1145 2830 1360 2873 adduntur
1392 2829 1547 2884 liquet.

188 2900 351 2936 natum.
416 2892 620 2935 Ceterum
643 2892 726 2933 hae
757 2890 868 2933 duae
894 2897 937 2933 et
959 2890 1058 2932 exi-
1264 2889 1527 2931 credentium
1584 2888 1668 2930 otio
1714 2888 1985 2943 auyebantur
2003 2903 2016 2929 .-

190 2966 306 3010 guae
368 2953 581 2995 sermonis
644 2955 788 3005 partes
847 2950 1057 2991 continuo
1143 2948 1291 3004 plures
1324 2949 1414 2990 otio
1435 2959 1515 2990 suo
1544 2950 1606 2990 ita
1629 2947 1935 3000 abutebantur,
1969 2953 2018 2988 ut

190 3012 357 3055 duabus
378 3010 662 3065 amplioribus
680 3010 741 3051 ita
765 3009 1055 3064 explicantur,
1142 3007 1337 3060 auditum
1383 3019 1602 3049 rumorem
1637 3008 1760 3049 varie
1809 3013 2016 3049 ornarent

189 3077 238 3115 ut
262 3072 435 3113 nomina
456 3076 557 3111 ante
574 3068 820 3126 significata
842 3069 927 3111 iam
959 3071 1056 3123 ipsa
1143 3073 1187 3109 et
1207 3065 1539 3122 amplificarent.
1590 3066 1770 3109 Scilicet
1797 3069 1871 3121 qui
1898 3067 2013 3108 curis

190 3130 481 3187 proferantur.
541 3128 693 3184 Itaque
725 3127 859 3170 verba
889 3127 1056 3184 Sullam
1142 3132 1186 3168 et
1220 3127 1414 3182 negotiis
1446 3125 1600 3177 vacui,
1650 3126 1875 3180 praecipui
1911 3130 2011 3166 sunt

189 3188 683 3245 inopem—adpetentes
701 3188 839 3242 faciat
861 3188 906 3228 in
923 3200 1055 3231 unum
1142 3186 1195 3227 ad
1228 3185 1445 3228 credenda
1463 3196 1579 3225 nova
1603 3189 1647 3224 et
1668 3183 1862 3226 insolita.
1914 3183 2007 3224 Hoc

193 3249 464 3292 enuntiatum
495 3246 717 3303 iungenda
747 3252 862 3288 sunt.
1140 3257 1227 3286 non
1260 3243 1480 3297 reputavit
1512 3241 1876 3297 Bezzenberger,
1914 3254 2011 3283 cum

281 3306 384 3361 Cap.
419 3307 490 3349 58.
565 3307 743 3361 petitum
773 3306 825 3346 ab
860 3319 906 3348 co
943 3306 1054 3348 Cor·
1142 3303 1237 3344 odio
1271 3301 1547 3344 inferendum
1585 3301 1920 3343 commendavit.

193 3367 408 3409 hutonem.-
440 3364 623 3419 petitum
654 3364 882 3406 Ernestius
911 3366 1052 3406 inter-
1230 3368 1363 3404 tutum
1393 3360 1620 3416 suffuyium
1650 3384 1705 3392 —--
1735 3360 2009 3401 consociatu-

192 3431 386 3481 pretatur
423 3429 658 3477 tentatum,
706 3429 753 3464 ut
794 3423 1002 3466 deficeret
1033 3436 1057 3464 a
1142 3434 1236 3462 rum
1271 3419 1486 3463 audaces.-
1517 3431 1676 3461 nomen
1709 3420 1839 3461 otium
1872 3431 1897 3459 a
1933 3431 2010 3459 co·-

192 3487 368 3530 Nerone
429 3489 472 3524 et
525 3495 622 3524 cum
667 3481 819 3524 Plauto
873 3482 1059 3523 consilia
1143 3479 1311 3521 ilicibus
1329 3478 1520 3520 oblatum
1538 3478 1747 3519 vitiosum
1761 3491 1857 3519 esse
1872 3483 2008 3531 patet:

196 3546 500 3599 coniungeret,
565 3542 697 3583 immo
720 3543 894 3597 petitum
923 3541 976 3583 ab
1010 3555 1057 3582 co
1144 3552 1241 3580 nani
1272 3544 1527 3580 structuram
1563 3536 1706 3578 turbat
1749 3542 1792 3578 et
1823 3542 2011 3578 senten..

198 3603 500 3652 Corbulonem>
521 3602 638 3644 idem
687 3606 753 3643 est
794 3597 908 3655 quod
954 3601 1059 3656 fuga
1145 3599 1245 3639 tiam
1278 3596 1504 3639 obscuram
1532 3595 1688 3648 reddit,
1721 3595 1817 3637 sive
1851 3596 2005 3651 iungi..

195 3648 391 3705 Plautum
416 3661 578 3717 petisse
605 3658 868 3703 Corbulonis
901 3664 1057 3702 castra,
1142 3659 1210 3698 tur
1231 3668 1325 3698 cum
1345 3655 1479 3698 verbo
1501 3655 1703 3712 effugeret
1723 3654 1817 3697 sive
1840 3650 2013 3709 pendet
