2280 4004
147 505 219 554 30
236 496 285 543 et
321 491 573 556 particeps
598 489 704 541 suit.

232 267 258 301 a
294 254 342 301 C.
360 258 449 306 234.
794 254 956 300 LIBER
990 254 1061 300 Vl.

1130 254 1235 300 Car.
1269 255 1462 301 29—30.

2095 175 2102 185 Ι
2120 185 2122 187 .

2058 205 2068 213 .
2083 190 2135 220 aaz*
2146 213 2149 217 ,
2160 208 2171 217 s.
2197 190 2203 201 ⁴

235 398 422 453 tionem
447 398 619 463 anteit,
648 398 880 450 hortante
909 396 1078 450 Sextia
1106 411 1282 460 uxore,
1318 409 1447 462 quac
1477 394 1850 447 incitamentum
1881 395 2058 446 mortis
2100 463 2105 470 Ι

235 582 414 649 poenis
453 580 833 644 adiiciebantur,
876 584 930 630 ut
954 579 1199 632 Servilius
1241 578 1607 645 Corneliusque
1635 577 1833 644 perdito
1868 577 2060 630 Scauro

238 672 446 734 santosi,
499 671 615 737 quia
654 670 920 735 pecuniam
958 686 984 720 a
1022 669 1178 721 Vario
1219 669 1406 735 Ligure
1445 667 1752 722 omittendae
1793 667 2095 735 delationis

239 765 502 827 ceperant,
560 761 610 811 in
655 760 845 811 insulas
886 759 1154 812 interdicto
1207 760 1311 827 igni
1350 765 1500 826 atque
1537 774 1666 826 aqua
1706 759 1893 812 demoti
1931 764 2104 830 sunta-t

236 852 316 904 Et
336 850 565 903 Abudius
603 852 740 904 Ruso
794 849 994 902 functus
1045 849 1301 901 aedilitate
1356 850 1472 903 dum
1523 850 1730 902 Lentulo
1782 848 2061 921 GaetulicO,

237 942 329 995 sub
366 956 464 1008 quo
503 941 697 1009 legioni
735 941 1042 1007 praefuerat
1079 940 1355 1007 periculum
1391 941 1615 1006 facessit,
1653 941 1788 1007 quod
1826 942 1867 993 is
1895 940 2066 995 Seiani

236 1033 386 1088 lilium
410 1048 657 1100 generum
692 1032 1014 1096 destinasset,
1043 1032 1175 1082 ultro
1206 1031 1472 1083 damnatur
1500 1037 1649 1099 atque
1671 1032 1797 1083 urbe
1829 1033 2064 1098 exigitur

238 1122 526 1182 Gaetulicus
554 1139 614 1176 ea
640 1127 935 1189 tempestate
956 1122 1236 1188 superioris
1252 1122 1554 1174 Germaniae
1577 1121 1810 1189 legiones
1840 1122 2064 1187 curabat,

238 1214 516 1280 mirmnqu'e
554 1229 777 1289 amorem
818 1213 1089 1265 adsecutus
1123 1217 1265 1276 erat3
1308 1211 1501 1264 effusae
1540 1212 1856 1277 clementiae,
1899 1212 2068 1264 modi-
2086 1227 2132 1280 ψ

239 1321 328 1365 cus
383 1306 686 1369 severitate,
761 1310 811 1356 et
859 1304 1091 1371 proximo
1153 1319 1353 1370 quoque
1413 1303 1659 1355 exercitui
1714 1319 1806 1369 per
1861 1303 2066 1355 Lucium

239 1397 517 1463 Apronium
545 1411 780 1448 socerum
802 1411 904 1447 non
935 1396 1181 1462 ingratus.

241 1487 436 1539 mittere
495 1487 559 1538 ad
603 1488 875 1538 Caesarem
927 1487 1146 1550 litteraS‚

1259 1395 1404 1447 Unde
1443 1395 1574 1447 sama
1613 1400 1854 1446 constans
1895 1406 2069 1448 ausum

1210 1487 1513 1538 adfinitatem
1567 1486 1665 1538 sibi
1721 1501 1831 1538 cum
1884 1486 2070 1539 Seiano

243 1578 374 1630 baud
415 1583 595 1644 sponte
631 1578 722 1629 sed
763 1577 979 1628 consilio
1022 1577 1209 1628 Tiberii
1260 1582 1527 1643 coeptam3
1576 1577 1790 1643 perinde
1830 1592 1886 1628 se
1924 1592 2071 1643 quam

241 1668 492 1721 Tiberium
527 1668 631 1719 falli
659 1668 903 1734 potuisse,
931 1682 1096 1734 neque
1123 1682 1350 1720 errorem
1379 1669 1595 1720 eundem
1631 1668 1703 1719 illi
1734 1668 1846 1720 sine
1874 1668 2138 1745 fraudestfi

242 1759 353 1812 aliis
392 1759 547 1811 exitio
591 1759 896 1812 habendum.
970 1759 1076 1812 Sibi
1113 1759 1262 1811 fidem
1304 1759 1554 1827 integram
1593 1765 1669 1825 et,
1722 1760 1766 1810 si
1803 1759 1950 1811 nullis
1992 1760 2074 1812 in-

362 1912 399 1951 l.
433 1904 820 1951 ltortantes'eaettia
838 1910 902 1951 M:
937 1912 1127 1952 correxit
1145 1910 1333 1964 Lipsius,
1365 1918 1466 1954 ante
1499 1925 1627 1967 quem
1660 1911 1858 1953 hortante
1891 1911 2071 1954 Sexitia.

240 1969 285 2011 6.
319 1969 434 2011 Ruso
466 1968 521 2020 Μ,
555 1981 643 2009 non
677 1969 808 2023 Rufo.

241 2027 336 2069 lani
365 2027 427 2069 M:
462 2029 653 2069 correxit
686 2026 941 2069 Beroaldus.

239 2160 348 2203 lllud
384 2161 675 2216 detuleratque
719 2161 1022 2218 accipiendum
1062 2162 1115 2204 de

243 2221 425 2262 crimine
459 2220 569 2262 clam
597 2220 710 2275 apud
735 2221 976 2274 principem
1010 2233 1115 2275 pro-

247 2280 349 2321 lato.
414 2279 612 2335 Sequens
653 2293 799 2322 verum
838 2279 1031 2321 ostendit
1062 2280 1115 2322 de

248 2340 330 2380 isto
365 2339 545 2380 crimine
594 2340 637 2380 in
679 2340 962 2381 accusatione
1004 2340 1118 2393 apud

247 2403 390 2452 patres
412 2398 600 2445 tacuisse
623 2398 858 2440 delatores.
899 2397 966 2439 Cf.
987 2397 1042 2439 XI
1070 2401 1115 2442 4.

334 2457 387 2498 ab
411 2456 594 2498 Servilio
628 2464 668 2498 et
695 2456 897 2498 Cornelio
931 2471 1117 2499 accusa-

246 2516 432 2557 toribus.-
475 2517 650 2557 tertium
683 2516 831 2558 Scauri
876 2515 1115 2558 delatorem

249 2576 442 2616 nominat
474 2575 530 2616 M.
565 2575 735 2617 Seneca
766 2574 941 2617 Suasor.
977 2579 1005 2619 2
1036 2576 1116 2617 sub

248 2634 402 2675 linem:
463 2634 615 2676 Tuscus
665 2635 737 2676 itte
790 2635 862 2688 qui
904 2635 1119 2676 Scaurum.

250 2693 528 2745 Mamercum,
566 2694 612 2733 in
644 2707 723 2747 quo
745 2694 1012 2735 Scaurorum
1041 2697 1118 2749 sa-

248 2752 367 2794 ntilia
400 2754 590 2794 extincta
620 2760 705 2804 est,
736 2753 972 2794 maiestatis
1000 2767 1119 2794 reum

247 2813 425 2865 fecerat,
459 2811 580 2852 homo
616 2824 742 2865 quam
772 2811 954 2866 improbi
983 2814 1121 2854 animi

249 2877 334 2910 tam.
366 2869 555 2923 infelicis
597 2870 763 2924 ingenii
795 2875 880 2910 cet.
944 2869 1117 2924 Lipsius

250 2934 393 2969 tamen
420 2928 592 2974 Tuscum
616 2941 714 2970 esse
737 2940 984 2983 cognomen
1007 2928 1118 2970 Cor..

253 2986 356 3027 nelii
402 2986 555 3028 credit.
643 2987 728 3029 Sed
771 2986 1003 3029 Cornelius
1045 2990 1118 3044 qui

253 3046 295 3087 li.
332 3045 359 3086 Ι.
395 3047 664 3098 nominatur,
707 3045 883 3088 aliunde
917 3059 1002 3087 non
1039 3060 1118 3088 co-

252 3105 398 3158 gnitus
420 3110 511 3145 est:
547 3105 714 3147 Seneca
748 3105 775 3147 l.
811 3118 848 3147 c.
874 3105 1119 3147 Cornelium

258 3163 489 3216 Hispanum
529 3169 572 3205 et
617 3163 864 3206 Cornelium
894 3165 1120 3220 Spattnum

255 3220 569 3263 declamatores
606 3223 814 3264 nominat.

361 3279 676 3321 damnationem
726 3281 887 3323 anteit:
950 3287 1119 3335 septem

255 3339 474 3380 orationes
508 3352 532 3380 a
556 3339 717 3380 Scauro
749 3339 894 3381 editae
916 3346 1121 3381 senatus-

255 3397 456 3438 consulto
508 3397 758 3439 combustae
816 3404 939 3439 sunt:
992 3411 1034 3440 v.
1068 3398 1121 3441 M.

256 3457 422 3498 Seneca
455 3456 662 3498 Controv.
698 3455 796 3496 libri
829 3457 865 3497 V
899 3457 1080 3510 praefat.

344 3513 449 3569 Cap.
481 3517 552 3559 30.
619 3529 647 3557 a
685 3513 813 3556 Vario
846 3515 1027 3570 Ligure.-
1063 3514 1120 3557 cf.

256 3574 313 3618 [V
346 3575 416 3617 42.
452 3574 639 3617 Abudius
674 3575 813 3616 Ruso:
856 3574 910 3616 de
947 3575 1122 3616 nomine

263 3632 429 3677 Rusone
471 3634 528 3679 cf.
558 3633 817 3679 *Furlanetto
856 3633 969 3690 apud
1012 3633 1121 3676 For-

904 1969 1146 2071 Gaetfficol‘
1159 1971 1221 2022 M,
1254 1983 1341 2012 non
1377 1970 1569 2014 Getulico
1601 1970 1824 2014 Beroaldi.

1916 1972 1956 2014 7.
1990 1971 2073 2014 isse

1198 2031 1252 2072 Μ.
1349 2030 1417 2074 14.
1451 2030 1538 2071 ltau
1570 2030 1624 2072 Μ.

1203 2164 1441 2206 cellinium.
1525 2164 1713 2207 Abudios
1746 2170 1948 2220 quattuor
1982 2177 2076 2206 me-

1203 2224 1358 2264 morari
1398 2224 1441 2264 in
1468 2223 1688 2265 Muratorii
1715 2223 2074 2278 inscriptionibus

1203 2281 1395 2324 Orettius
1445 2284 1637 2337 monuit3
1702 2283 1814 2325 idem
1865 2284 2079 2325 Rusonem

1200 2341 1410 2383 *Sallustio
1466 2341 1561 2398 lug.
1614 2343 1698 2387 104
1758 2342 2076 2385 restituendum

1204 2413 1301 2443 esse
1333 2406 1455 2442 recte
1490 2401 1669 2444 iudicat.

1296 2474 1472 2515 Lentulo
1509 2473 1759 2516 Gaetulico:
1804 2475 2078 2517 consulatum

1204 2538 1402 2590 gesserat
1433 2546 1472 2575 a.
1503 2533 1611 2576 779:
1645 2533 1704 2574 lv
1738 2534 1812 2576 46.
1877 2533 2078 2576 Carmina

1205 2594 1301 2634 eius
1350 2599 1690 2634 commemorant
1731 2592 1897 2634 Plinius
1938 2593 2078 2648 Epist.

1206 2653 1242 2693 V
1274 2653 1327 2704 3,
1380 2650 1590 2693 Martialis
1631 2653 1768 2706 praef.
1824 2653 2078 2708 epigramm.

1204 2711 1303 2753 libri
1337 2709 1370 2762 1,
1407 2709 1610 2753 Sidonius
1642 2711 1911 2765 Apollinaris
1938 2711 2075 2765 Epist.

1203 2770 1241 2811 lt
1281 2769 1356 2820 16,
1405 2768 1543 2810 Carm.
1579 2769 1636 2811 lx
1679 2771 1779 2813 260.
1846 2770 2078 2812 Historiam

1203 2829 1256 2870 ab
1309 2840 1362 2870 eo
1410 2829 1614 2882 scriptam
1658 2830 1831 2871 videtur
1886 2829 2079 2870 indicare

1205 2888 1442 2928 Suetonius
1504 2885 1646 2944 Calig.
1700 2888 1742 2930 8.
1837 2889 2077 2942 Supersunt

1206 2948 1519 3003 epigrammata
1588 2946 1740 2989 decem
1807 2948 1848 2987 in
1898 2947 2076 2988 Antliol.

1205 3005 1417 3047 Palatina.
1491 3003 1618 3047 Conf.
1654 3005 1933 3047 Weichertus
1969 3007 2077 3047 Poc-

1203 3072 1347 3106 tarum
1370 3064 1465 3105 Lat.
1486 3064 1624 3118 Reliq.
1660 3078 1700 3118 p.
1724 3066 1810 3107 250
1834 3071 1981 3106 ωιιιοῑ..
2010 3067 2076 3105 11.

1205 3123 1467 3165 interfectus
1491 3128 1557 3164 est
1576 3136 1600 3163 a
1625 3122 1851 3176 Caligula:
1886 3122 1968 3163 Dio
1987 3121 2077 3163 LIX

1204 3184 1274 3224 22.
1339 3181 1573 3221 Suetonius
1607 3179 1758 3221 Claud.
1793 3181 1839 3222 9.

1295 3254 1343 3295 L.
1378 3252 1639 3308 Apronium:
1692 3253 1730 3292 is
1763 3265 1838 3306 pro
1873 3257 2076 3306 praetore

1205 3312 1475 3367 provinciam
1494 3310 1747 3351 inferiorem
1767 3311 1943 3352 curabat
1963 3311 2076 3365 apud

1208 3371 1366 3412 Vetera
1391 3375 1434 3411 et
1454 3368 1657 3423 oppidum
1672 3369 1901 3410 Ubiorum:
1925 3369 1983 3410 lv
2003 3370 2073 3413 73.

1292 3443 1382 3483 sinc
1415 3440 1602 3496 fraude:
1639 3441 1680 3484 Ιι.
1716 3455 1754 3484 c.
1789 3443 1883 3483 sine
1919 3442 2073 3483 (latinio

1205 3501 1334 3558 (ohne
1355 3499 1619 3555 Nachtheil).

1287 3573 1413 3627 fidem
1434 3574 1674 3630 irateyram:
1707 3575 1734 3615 i.
1770 3588 1809 3615 c.
1842 3573 1967 3616 tidem
1993 3573 2074 3616 de·-

1206 3634 1399 3676 fectione
1421 3645 1507 3675 non
1531 3633 1751 3678 violatam.

779 488 855 540 Ac
891 494 1057 540 tamen
1085 492 1430 551 accusatoreS,
1469 486 1512 538 si
1550 486 1762 538 facultas
1794 485 2058 550 incideret,
2229 531 2236 538 ,
