2280 4004
163 302 269 349 afc.
304 305 374 348 15.
776 298 941 344 LIBER
968 297 1006 343 1.
1068 296 1175 342 Gar.
1207 297 1397 341 75-77.
1927 295 1990 340 81·

167 453 216 500 et
252 451 396 514 pater
431 445 664 513 arguisse
702 444 979 496 dicebatur,
1055 442 1157 494 Cur
1199 435 1823 506 abstinueritspectaculo
1861 439 1987 505 ipse,

166 541 309 590 varie
343 538 634 600 trabebant3
673 537 756 588 alii
793 536 962 587 taedio
1001 539 1193 599 coetus,
1230 533 1432 599 quidam
1467 531 1668 583 tristitia
1709 527 1993 598 ingenii'et

168 635 301 681 metu
341 628 748 694 comparationiS,
792 628 907 693 quia
930 626 1188 693 Augustus
1228 625 1440 675 comiter
1476 622 1805 675 interfuisset.
1878 623 1994 674 Non

172 720 477 772 crediderim
533 718 596 769 ad
659 718 1012 769 ostentandam
1072 717 1334 768 saevitiam
1388 715 1768 781 movendasque
1820 714 1992 781 populi

174 811 482 864 offensiones
534 824 832 860 concessam
869 810 970 860 filio
1019 809 1305 873 materiem,
1346 822 1644 874 quamquam
1694 807 1745 857 id
1793 811 2032 873 quoques‘

87 902 156 949 ¹7⁷
174 902 359 953 dictum
399 905 489 951 est.
562 900 629 951 At
668 900 850 951 theatri
884 900 1105 965 licentia,
1145 900 1376 966 proximo
1414 900 1586 965 priore
1626 914 1759 950 anno
1797 904 1993 965 coepta,

82 1002 112 1104 ἢ
173 983 378 1060 gravius
420 997 520 1042 tum
559 991 751 1057 erupit,
817 991 1003 1042 occisis
1042 1005 1144 1041 non
1179 991 1331 1041 modo
1379 1008 1407 1042 e
1443 990 1591 1056 plebe
1631 990 1721 1041 sed
1759 990 1998 1040 militibus

100 1105 106 1143 ι,
177 1088 226 1135 et
261 1083 587 1146 centurione,
650 1082 915 1133 vulnerato
967 1081 1169 1131 tribuno
1218 1081 1507 1145 praetoriae
1563 1080 1817 1145 cohortis,
1883 1081 1999 1130 dum

173 1174 362 1239 probra
398 1174 450 1224 in
477 1173 800 1240 magistratus
829 1177 878 1224 et
906 1172 1280 1223 dissensionem
1307 1171 1445 1238 vulgi
1471 1171 1757 1236 prohibent.
1818 1173 2000 1222 Act-um

83 1247 112 1414 l
176 1263 239 1315 de
267 1280 325 1315 ea
364 1265 616 1315 seditione
654 1263 781 1330 apud
809 1267 994 1329 patres,
1034 1262 1432 1328 dicebanturque
1459 1263 1741 1314 sententiae
1768 1268 1822 1313 ut
1848 1278 2003 1329 prae-
2016 1271 2066 1308 ¹⁰

105 1376 110 1377 ⁷
173 1355 367 1407 toribus
404 1357 483 1406 ius
520 1356 777 1422 virgarum
818 1355 869 1405 in
909 1354 1186 1405 histriones
1223 1360 1374 1405 esset.
1449 1349 1743 1406 Intercessit
1766 1355 2001 1406 Haterius

97 1418 105 1473 ξ
174 1446 399 1514 Agrippa
423 1448 652 1497 tribunus
678 1446 863 1512 plebei,
901 1446 1278 1511 increpitusque
1302 1451 1378 1497 est
1401 1447 1567 1497 Asinii
1593 1446 1721 1497 Galli
1750 1448 1999 1512 oratione,

177 1537 360 1589 silente
394 1538 628 1602 Tiberi0,
670 1538 753 1603 qui
794 1553 853 1588 ea
889 1537 1158 1588 simulacra
1192 1537 1438 1588 libertatis
1475 1538 1670 1588 senatui
1708 1538 2001 1603 praebebat.

178 1628 344 1680 Valuit
378 1632 546 1680 tamen
585 1629 917 1693 intercessio,
962 1629 1077 1694 quia
1120 1628 1265 1679 divus
1304 1628 1563 1695 Augustus
1597 1629 1843 1680 immunes
1880 1644 2006 1680 ver-

87 1717 90 1730 *
179 1718 350 1770 berum
403 1719 678 1771 histriones
733 1719 983 1785 quondam
1035 1719 1399 1786 responderat,
1462 1735 1626 1786 neque
1685 1721 1761 1771 fas
1800 1721 2070 1771 'l'iberiots

179 1809 459 1877 infringere
495 1811 628 1862 dicta
667 1811 792 1861 eius.
862 1811 937 1862 De
967 1811 1119 1861 modo
1140 1810 1339 1886 lucaris
1378 1816 1426 1862 et
1459 1811 1705 1863 adversus
1744 1812 2007 1863 lasciviam
2069 1821 2083 1834 ⁸
2128 1800 2136 1809 ’

182 1899 428 1952 fautorum
467 1901 618 1952 multa
675 1901 1043 1965 decernuntur3
1101 1918 1165 1953 ex
1211 1903 1322 1968 quis
1374 1903 1590 1953 maxime
1639 1903 1891 1970 insignia,
1943 1918 2009 1955 ne
2031 1887 2101 1943 ‘ffff‘
2194 1965 2217 1986 h

185 1991 363 2043 domos
411 1993 832 2058 pantomimorum
883 1998 1092 2044 senator
1144 1994 1401 2057 introiret3
1461 2010 1525 2045 ne
1583 1995 1908 2061 egredientes
1954 1995 2007 2044 in
2115 1978 2273 2039 ³:1⁴²

181 2082 431 2148 publicum
471 2084 664 2149 equites
697 2084 910 2136 Romani
939 2084 1220 2151 cingerent,
1263 2090 1345 2136 aut
1383 2085 1501 2135 alibi
1542 2101 1687 2151 quam
1719 2086 1771 2136 in
1808 2086 2005 2137 theatro

300 2235 342 2278 3.
378 2248 501 2292 conp.
535 2236 588 2278 M.
695 2237 738 2280 4.
781 2237 1106 2280 hosteneandam
1138 2237 1191 2279 M.

185 2293 368 2349 Lipsius.
436 2296 475 2338 7.
512 2299 615 2353 tum]
652 2297 748 2338 dum
779 2298 832 2340 Μ.

184 2369 278 2397 rum
308 2355 363 2397 M.

1288 2239 1329 2280 5.
1364 2242 1543 2296 quoque]
1580 2240 1691 2294 quod
1719 2239 1783 2282 M:
1818 2242 2010 2299 correxit

914 2298 1005 2354 sed]
1044 2305 1083 2339 et
1114 2297 1180 2339 M:
1216 2298 1464 2340 emendavit
1495 2298 1682 2352 Lipsius.
1751 2301 1818 2343 14.
1851 2301 2010 2342 uerbo-

185 2483 381 2526 Latinum
425 2486 604 2527 verbum
650 2499 746 2528 esse
781 2475 1054 2543 praestEre,

1142 2500 1268 2541 quam
1302 2500 1339 2528 c.
1374 2487 1430 2529 78
1461 2488 1604 2542 itaq-ne
1640 2490 1863 2545 proximae
1895 2491 2012 2533 sedi.

180 2543 436 2599 praesidere
467 2558 553 2586 non
587 2558 698 2599 esse,
732 2553 778 2587 ut
810 2546 1055 2600 considere,

1142 2547 1270 2587 tionis
1301 2546 1412 2588 male
1445 2547 1639 2589 consulta
1678 2574 1733 2580 -—
1776 2549 1937 2590 abolita
1966 2551 2014 2591 in

185 2601 379 2645 insidere
412 2610 496 2646 cet.

278 2662 382 2716 Cap.
418 2665 487 2706 77.
538 2665 732 2719 proximo
761 2666 909 2720 priore
941 2680 1056 2707 amm

188 2729 363 2777 coepta.-
398 2735 440 2764 v.
478 2736 516 2764 c.
551 2723 622 2765 54.
677 2723 880 2764 Additum
909 2726 1057 2780 priore

188 2779 294 2822 milii
327 2781 562 2822 etiamnum
595 2788 810 2837 tamquam
838 2784 1058 2838 interpre-

188 2844 424 2881 tamentum
456 2842 641 2894 proximi
681 2842 869 2882 nominis
900 2856 1060 2897 suspe-

191 2902 306 2940 ctum
355 2905 435 2940 est.
514 2898 619 2940 Nam
669 2913 786 2954 quae
833 2900 1060 2943 Ernestius

192 2955 370 3009 protulit
402 2970 456 2998 ex
480 2956 693 2999 Cicerone
718 2957 789 3000 Or.
821 2958 880 3002 64
905 2960 1061 3016 proxi-

191 3028 302 3055 mum
331 3017 605 3071 superiorem,
638 3016 688 3057 N.
706 3015 758 3059 D.
776 3017 814 3058 11
838 3019 896 3062 20
920 3019 1062 3060 orbem

187 3075 427 3129 proximum
455 3076 718 3130 inferiorem,
751 3076 801 3118 N.
827 3075 879 3119 D.
911 3077 968 3119 Ill
1005 3079 1060 3122 21

188 3133 381 3187 proxime
420 3137 683 3190 superiores,
732 3136 835 3177 item
878 3136 1061 3179 wolfius

194 3204 248 3231 ex
283 3192 459 3246 Vopisci
493 3193 630 3235 Probo
668 3195 718 3236 11
760 3196 954 3250 proximo
986 3211 1061 3237 su-

189 3251 360 3304 periore
399 3265 540 3304 anno,
581 3252 689 3294 haec
733 3253 844 3295 alius
886 3256 1062 3310 generis

109 3305 114 3312 '
196 3320 292 3349 esse
333 3309 495 3350 video:
545 3310 716 3352 scilicet
763 3326 816 3353 ex
866 3313 1062 3366 pluribus

194 3366 324 3408 rebus
356 3381 465 3423 quae
498 3369 761 3410 antecedunt
802 3377 875 3411 aut
907 3384 1065 3412 succe-

194 3425 313 3477 dunt,
347 3440 459 3482 quae
481 3427 749 3481 sitproxima
779 3429 1064 3483 significatur.

195 3484 279 3528 Sed
312 3484 354 3527 h.
388 3485 416 3527 l.
449 3498 559 3526 unus
593 3499 746 3538 annus,
779 3498 876 3528 non.
898 3487 1062 3541 plures,

195 3544 485 3596 praecedunt:
519 3558 615 3586 nam
651 3546 693 3585 in
726 3558 839 3586 anno
873 3546 1065 3587 secundo

196 3603 342 3656 operis
383 3605 451 3644 sui
491 3617 607 3645 nunc
656 3611 808 3646 auctor
852 3610 1064 3646 versatur.

195 3658 347 3717 Itaque
374 3663 522 3719 priore
552 3675 640 3706 non
660 3665 799 3722 magis
823 3675 932 3721 opus
957 3669 1064 3720 erat,

277 3754 426 3794 'ructum
450 3757 478 3797 1.

1136 2613 1373 2662 posterum,
1416 2612 1459 2647 et
1492 2620 1528 2647 c.
1564 2607 1620 2650 22
1653 2621 1771 2661 quem
1803 2634 1859 2642 --
1890 2616 2015 2650 nocte

1137 2666 1339 2721 proxima
1378 2664 1609 2720 iuqulavit,
1653 2673 1696 2708 et
1737 2666 1787 2709 Ο.
1825 2669 1876 2710 17
1904 2683 2014 2724 pro-

1140 2726 1253 2766 mimo
1287 2725 1453 2779 quidem
1482 2727 1707 2781 congiario
1739 2728 1821 2782 ipsi
1850 2728 2015 2770 vidistis

1138 2783 1362 2840 plerosque
1393 2798 1528 2826 senes.
1609 2799 1617 2807 ‘
1844 2829 1853 2836 ,

1231 2843 1431 2884 militibus
1478 2851 1518 2885 et
1557 2846 1806 2887 centurione
1838 2871 1894 2878 -
1939 2860 2015 2887 co-

1144 2901 1301 2942 hortis.-
1353 2901 1510 2943 cohors
1575 2906 1840 2962 (praetoria)
1901 2905 2016 2947 ludis

1145 2960 1386 3003 assidebat:
1420 2960 1515 3003 XlII
1545 2965 1616 3006 24.
1711 2965 1761 3005 de
1791 2966 1913 3006 modo
1946 2964 2016 3005 lu-

1146 3021 1286 3061 caris.-
1321 3019 1362 3063 h.
1398 3034 1438 3063 e.
1471 3021 1525 3062 de
1554 3023 1682 3064 modo
1706 3023 2017 3081 lucarifflaye)

1146 3078 1409 3121 adhibendo.
1462 3080 1608 3122 Lucar
1639 3082 1798 3123 dictum
1832 3095 1855 3123 a
1879 3076 2031 3123 lacis.-⁷

1146 3139 1210 3179 sic
1254 3137 1368 3179 enim
1408 3139 1625 3180 vocabant
1670 3154 1746 3182 aes
1794 3142 1909 3195 quod
1963 3152 2019 3180 ex

1147 3196 1258 3237 lucis
1301 3197 1489 3249 publicis
1539 3197 1695 3239 locatis
1748 3205 1919 3252 captum
1975 3203 2019 3238 et

1148 3254 1433 3296 histrionibus
1467 3257 1645 3310 antiquo
1680 3262 1875 3311 tempore
1892 3257 2019 3298 solu-

1149 3319 1237 3353 tum
1278 3319 1358 3355 est.
1424 3312 1550 3355 Conf.
1592 3314 1750 3357 Paulus
1794 3329 1848 3356 ex
1888 3315 2019 3357 Festo

1149 3385 1182 3412 s.
1219 3385 1259 3413 v.
1294 3371 1419 3413 lucar
1451 3379 1494 3413 et
1526 3372 1687 3414 lucaris
1713 3375 1916 3429 pecunia,
1932 3373 2022 3415 Fe-

1150 3435 1242 3470 stus
1306 3441 1339 3471 s,
1395 3442 1436 3471 v.
1493 3433 1694 3486 pecunia.

1149 3546 1242 3588 ber.
1276 3548 1356 3590 34:
1390 3547 1586 3590 ludorum
1617 3563 1671 3591 ac
1689 3564 1911 3593 munerum
1940 3552 2026 3592 im-

1144 3619 1303 3661 pensas
1333 3608 1542 3664 corripuit
1583 3610 1847 3653 mercedibus
1878 3611 2022 3653 sceni-
2054 3638 2055 3641 =

1152 3677 1297 3709 corum
1328 3667 1495 3711 recisis.

1662 3758 1695 3808 6

1765 3432 2022 3475 Plutarchus
2044 3447 2045 3453 ¹

1152 3487 1330 3538 Quaest.
1365 3489 1488 3532 Rom.
1523 3503 1564 3532 n.
1597 3490 1670 3533 88.
1735 3492 1913 3534 Sueton.
1949 3491 2049 3533 'l‘i-=
