2222 4022
1025 247 1172 290 OApvr
1206 248 1394 293 10-11.
2000 251 2099 295 XXI

272 388 455 440 adesse
503 388 646 441 Afris
683 390 892 442 Marium
939 391 1162 441 Priscum
1226 391 1611 456 accusantibuS,
1671 392 1822 458 idque
1875 393 2097 445 officium

272 495 453 546 magna
493 496 603 530 cum
652 480 750 532 fide
787 496 882 532 nec
920 481 1116 532 minore
1154 481 1392 532 facundia
1431 482 1628 534 executi
1666 488 1781 533 sunt
1806 489 1836 533 ¹.
1913 485 2100 536 Orato-

272 585 377 621 rem
414 570 637 620 Tacitum
673 571 860 622 Plinius
899 587 1002 622 non
1039 571 1202 642 solum
1238 588 1357 637 prae
1395 573 1578 624 ceteris
1616 574 1958 638 praedicavit,
2003 576 2096 625 sed

272 660 420 711 etiam
464 660 571 711 eius
621 663 920 712 sententiam
961 667 1008 712 et
1046 662 1287 712 iudicium
1326 663 1378 713 in
1420 663 1739 729 eloquentiae
1793 669 1899 714 arte
1936 664 2098 729 pluri-

269 766 399 801 mum
428 750 600 802 valere
636 753 840 817 putavit.
915 745 1080 804 Testis*
1114 758 1190 804 est
1228 754 1441 819 epistola
1483 756 1547 806 20
1584 754 1699 805 libri
1745 755 1787 805 Il
1808 773 1819 804 :
1854 755 2096 820 frequens

267 839 387 890 milti
427 840 699 905 disputatio
738 858 849 892 cum
883 844 1096 907 quodam
1134 843 1276 893 docto
1318 843 1511 893 homine
1546 849 1593 894 et
1622 845 1812 909 perit0,
1860 845 1942 894 cui
1971 845 2098 896 nihil

267 944 426 994 aeque
463 931 514 980 in
543 933 713 982 causis
749 933 954 997 apendis
990 940 1043 983 ut
1070 933 1293 983 brevitas
1332 935 1516 999 placet.
1592 935 1756 996 Quam
1795 951 1883 1001 eqo
1923 942 2096 986 custo-

267 1020 498 1091 diendatn
534 1036 646 1071 esse
685 1023 937 1087 confiteor,
970 1023 1016 1071 si
1055 1039 1216 1073 causa
1250 1025 1534 1087 permittat:
1592 1025 1781 1090 alioqui
1812 1027 2095 1090 praevari-

268 1093 398 1161 catio
437 1117 511 1161 est
547 1113 769 1162 transire
807 1113 1031 1175 dicenda,
1065 1114 1452 1177 praevaricatio
1488 1115 1635 1164 etiam
1665 1115 1851 1165 cursim
1888 1122 1935 1166 et
1973 1116 2093 1167 bre-

265 1203 397 1261 puer
433 1202 675 1268 attinyere
708 1218 837 1267 quae
870 1203 970 1253 sint
996 1204 1313 1268 inculcanda,
1343 1205 1609 1270 insiyeuda,
1635 1207 1921 1270 repetenda.
1939 1236 2006 1246 —-
2027 1239 2094 1247 —-

266 1292 406 1343 Haec
441 1297 517 1342 est
543 1293 707 1343 adhuc
739 1293 984 1343 sententia
1019 1309 1146 1356 mea,
1171 1309 1320 1358 quam
1348 1294 1565 1359 mutabO,
1597 1296 1643 1344 si
1678 1296 1979 1346 dissenseris
2018 1304 2093 1347 tu.-

264 1383 356 1433 sed
379 1384 531 1448 plane
563 1399 654 1434 cur
684 1384 970 1448 dissentiaS,
1002 1385 1226 1449 emplices
1261 1401 1397 1451 royo.
1474 1385 1724 1453 Quamvis¹
1753 1388 1881 1437 enim
1920 1388 2096 1438 cedere

266 1473 557 1524 auctoritati
611 1469 727 1523 tuae
766 1473 997 1536 debeam,
1057 1475 1244 1524 rectius
1281 1481 1445 1526 tamen
1498 1476 1722 1527 arbitror
1771 1478 1822 1526 in
1859 1483 2000 1528 tauta
2039 1494 2095 1528 re

266 1565 463 1614 ratione
515 1580 664 1629 quam
715 1566 1016 1615 auctoritate
1072 1566 1325 1630 superari.
1430 1567 1530 1619 Sed
1577 1573 1780 1633 praeter
1834 1571 2093 1620 orationes

264 1655 408 1706 libris
435 1655 695 1707 historicis
736 1661 785 1707 et
820 1656 1026 1723 dialogo
1063 1657 1278 1708 intextas
1317 1657 1754 1724 pulcherrimeque
1785 1661 2090 1726 compositas

266 1751 435 1797 cetera
473 1747 693 1798 forensis
741 1748 895 1798 studii
948 1747 1174 1813 exempla
1225 1749 1591 1800 interciderunt
1643 1751 1840 1815 omnia,
1900 1756 1948 1801 et
1986 1751 2093 1816 ipse

264 1839 416 1890 rebus
456 1839 717 1890 tradendis
758 1839 825 1889 ita
864 1839 1101 1891 excelluit
1125 1840 1404 1906 oculosque
1437 1842 1720 1907 aequalium
1748 1844 2090 1908 praestrinxit,

265 1935 319 1982 ut
354 1930 502 1982 alteri
540 1930 707 1981 laudis
746 1931 944 1996 generi,
986 1932 1119 1996 quod
1159 1932 1367 1982 evenire
1407 1932 1553 1997 solet,
1594 1932 1840 1984 offecerit.

185 2026 247 2073 11
405 2022 459 2073 In
495 2022 759 2087 prooemio
784 2022 1119 2072 Historiarum
1154 2038 1237 2072 res
1278 2023 1380 2072 divi
1415 2024 1614 2075 Nervae
1655 2029 1704 2074 et
1740 2024 1941 2075 Traiani
1978 2040 2094 2076 sese

269 2111 540 2178 aliquando
584 2117 903 2163 narraturum
946 2128 1062 2164 esse
1102 2113 1355 2178 pollicitus
1397 2118 1543 2178 est2,
1601 2114 1753 2180 idque
1791 2116 2094 2180 promissum

261 2204 448 2268 ,exequi
503 2208 620 2254 tunc
672 2204 805 2254 haud
859 2203 1010 2254 dubie
1050 2204 1216 2254 animo
1260 2204 1489 2255 intendit.
1565 2205 1665 2257 Sed
1704 2221 1760 2256 re
1801 2205 2092 2272 diligentius

262 2294 511 2360 pensitata
541 2295 701 2346 sensit
737 2309 1007 2360 superesse
1035 2295 1167 2346 telae
1201 2296 1252 2345 in
1277 2296 1515 2346 Historiis
1554 2295 1824 2347 inchoatae
1860 2312 2093 2363 magnam

263 2389 471 2449 partem,
504 2399 649 2451 quam
687 2386 882 2450 pertexi
917 2401 1008 2451 par
1050 2391 1200 2450 esset,
1233 2391 1286 2435 ut
1325 2386 1505 2451 quibus
1544 2387 1699 2437 initiis
1737 2391 1785 2437 et
1823 2388 1989 2438 causis
2030 2388 2091 2438 ab

263 2490 478 2526 excessu
513 2476 730 2543 Augusti
777 2477 1087 2542 principatus
1125 2477 1188 2528 ad
1235 2492 1388 2527 unum
1427 2477 1619 2528 delatus
1658 2479 1708 2528 in
1745 2478 2004 2530 libidinem
2045 2485 2092 2530 et

262 2568 523 2619 saevitiam
559 2568 784 2634 pluribus
822 2569 1066 2635 gradibus
1105 2570 1527 2637 degeneraverit,
1590 2569 1789 2635 penitus
1832 2570 2091 2638 intellige-

266 2663 437 2723 retur,
482 2663 761 2724 postquam
818 2658 968 2710 editis
1007 2660 1244 2711 Historiis
1302 2664 1662 2724 monstrasset,
1717 2661 1970 2725 quomodo
2012 2661 2089 2712 his

362 2821 400 2861 1.
447 2819 557 2861 Plin.
591 2819 730 2874 Epist.
765 2819 801 2860 11
844 2821 918 2861 11:
961 2820 1131 2862 Marius

1216 2820 1372 2862 tissime
1423 2827 1460 2861 et
1509 2820 1618 2874 quod
1659 2821 1859 2861 eximium
1901 2822 2091 2862 orationi

265 2880 431 2920 Priscus
478 2880 776 2921 accusantibus
818 2877 940 2933 Afris
986 2880 1132 2933 quibus

256 2952 338 2996 pro
371 2937 541 2979 consule
568 2939 775 2994 praefuit,
797 2939 952 2979 omissa
979 2939 1131 2993 defen-

260 2998 378 3038 sione
419 2997 580 3038 iudices
623 2997 690 3052 (h.
727 3011 764 3038 e.
808 2997 991 3038 arbitros
1037 2999 1130 3040 sive

261 3062 590 3110 recuperatores
644 3055 939 3098 restituendae
991 3070 1130 3111 pecu-

260 3117 382 3172 niae)
407 3117 541 3171 petiit.
605 3115 700 3171 qu
737 3123 775 3157 et
798 3116 1024 3157 Cornelius
1047 3117 1129 3157 Ta-

262 3176 368 3216 citus
419 3175 567 3215 adesse
620 3175 958 3230 provincialibus
1027 3176 1131 3216 iussi

262 3234 594 3274 existimavimus
633 3233 734 3287 fidei
763 3241 937 3275 nostrae
972 3247 1129 3275 conve-

260 3293 356 3332 nire
387 3299 532 3332 notum
564 3294 732 3333 senatui
761 3295 936 3347 facere,
979 3307 1128 3334 exces-

260 3352 362 3392 sisse
397 3351 587 3392 Priscum
626 3352 888 3392 immanitate
944 3359 982 3392 et
1028 3367 1128 3392 sae..

260 3411 365 3452 vitia
411 3410 596 3450 crimina
643 3410 786 3463 quibus
829 3411 927 3451 dari
968 3412 1128 3451 iudices

254 3476 440 3525 possent.
462 3494 516 3500 —-
537 3493 589 3499 -
612 3471 784 3510 Postero
816 3469 881 3510 die
915 3470 1020 3510 dixit
1048 3484 1126 3523 pro

262 3527 408 3569 Mario
457 3526 628 3568 Salvius
672 3526 898 3568 Liberalis.
941 3552 996 3559 --
1037 3530 1127 3570 Re-

260 3584 428 3642 spondit
449 3583 674 3627 Cornelius
709 3586 890 3639 Tacitus,
924 3583 1128 3640 eloquen-

1217 2881 1306 2920 eius
1337 2882 1461 2931 inest,
1499 2883 1697 2936 σεμνῶς.
1721 2905 1775 2911 --
1796 2905 1851 2911 —
1877 2880 2090 2921 Cornutus

1222 2938 1449 2991 Tertullus,
1496 2938 1642 2980 consul
1675 2939 1920 2993 desiynatus
1956 2964 2009 2970 ——
2042 2940 2089 2980 in

1211 2999 1296 3050 fine
1329 3000 1565 3039 sententiae
1590 2998 1762 3049 adiecit,
1797 2997 1906 3051 quod
1938 3011 2012 3052 690
2049 3006 2087 3039 et

1222 3057 1387 3098 Tacitus
1432 3058 1629 3098 iniuncta
1669 3058 1950 3098 advocatione
1985 3057 2087 3098 dili-

1214 3123 1364 3171 9enter
1403 3117 1654 3170 fortiterque
1707 3116 1846 3171 functi
1891 3129 2085 3167 essemus,

1216 3175 1428 3215 arbitrari
1465 3182 1658 3216 senatum
1700 3177 1763 3216 ita
1809 3188 1885 3214 uos
1916 3176 2084 3227 fecisse,

1214 3241 1259 3275 ut
1290 3234 1460 3288 diqnum
1480 3234 1693 3274 mandatis
1720 3233 1914 3287 partibus
1936 3234 2082 3286 suerit.

1223 3293 1517 3334 Adsenserunt
1592 3292 1783 3332 consules
1860 3290 2085 3346 desiqnatv}

1215 3365 1357 3392 omnes
1391 3353 1518 3392 etiam
1550 3350 1811 3391 consulares.

1305 3413 1348 3452 2.
1387 3411 1546 3461 Quodsi
1573 3411 1661 3450 vita
1680 3409 1926 3465 suppeditet,
1956 3410 2085 3464 prin-

1215 3471 1400 3522 cipatum
1446 3469 1531 3509 divi
1569 3469 1738 3511 Nervae
1783 3476 1822 3509 et
1864 3469 2087 3523 imperium

1218 3527 1422 3580 Traiani,
1463 3528 1703 3569 uberiorem
1745 3529 2085 3582 securioremque

1211 3586 1455 3640 materiem,
1498 3587 1705 3630 senectuti
1733 3586 1912 3643 seposui.
