2280 4004
167 295 194 324 a
223 282 273 325 G.
306 283 379 326 65.
775 284 941 328 LIBER
971 286 1065 332 XV.
1129 285 1236 331 Gn.
1270 287 1460 332 52-54,

1899 292 1987 336 291

170 438 268 490 que
318 423 454 476 velut
499 439 685 492 magno
739 426 882 491 operi
933 442 1148 477 sacrum.
1223 428 1426 479 Interim
1478 428 1594 480 Piso
1642 430 1772 496 apud
1812 431 1990 483 aedem

170 515 372 586 Cereris
419 515 762 581 opperiretur,
818 517 954 567 unde
993 533 1105 568 eum
1142 519 1430 583 praefectus
1469 520 1684 571 Faenius
1733 526 1783 572 et
1833 523 1991 573 ceteri

169 606 384 656 accitum
422 606 615 657 ferrent
650 607 702 656 in
741 612 924 672 castra,
968 609 1238 660 comitante
1264 608 1486 661 Antonia
1523 611 1717 662 Claudii
1755 612 1990 665 Caesaris

167 696 268 748 filia
305 697 366 747 ad
405 696 706 747 eliciendum
743 698 882 765 vulgi
924 699 1182 762 favorem3
1219 701 1353 765 quod
1393 701 1546 752 Gaius
1580 702 1766 754 Plinius
1796 719 1993 756 memo-

167 791 261 837 rat.
341 787 498 838 Nobis
537 802 738 853 quoquo
778 788 929 839 modo
983 789 1217 839 traditum
1271 805 1375 841 non
1428 792 1684 844 occultare
1737 794 1789 843 in
1824 795 2031 847 animo⁵

171 876 279 940 fuit,
321 877 548 942 quamvis
593 878 863 928 absurdum
900 879 1161 930 videretur
1198 885 1281 931 aut
1323 881 1523 932 inanem
1563 882 1627 933 ad
1665 898 1804 949 spem
1823 885 1992 937 Anto-

171 968 303 1018 niam
332 983 529 1019 .nomen
569 974 618 1020 et
654 970 928 1034 periculum
970 971 1390 1036 commodavisse,
1435 978 1519 1023 aut
1552 974 1782 1028 Pisonem
1823 982 1995 1029 notum

173 1074 346 1142 ampre
384 1059 559 1110 uxoris
600 1060 685 1111 alii
722 1061 1041 1111 matrimonio
1080 1076 1137 1112 se
1174 1062 1539 1128 obstrinxisse,
1595 1065 1693 1116 nisi
1728 1067 1770 1118 si
1811 1069 1993 1133 cupido

86 1150 496 1207 54dominandi*
532 1151 726 1200 cunctis
796 1151 1080 1202 adfectibus
1140 1152 1440 1220 flagrantior
1496 1160 1586 1206 est.
1664 1157 1762 1208 Sed
1817 1159 1995 1209 mirum

173 1255 320 1306 quam
357 1240 490 1291 inter
527 1241 716 1291 diversi
755 1242 960 1307 generis
1000 1243 1195 1293 ordinis
1238 1245 1415 1295 aetatis
1454 1261 1636 1310 sexuS,
1691 1248 1820 1298 dites
1869 1264 1998 1314 pau-
2017 1269 2072 1303 10-

170 1346 337 1398 pereS,
377 1332 715 1383 taciturnitate
755 1335 920 1383 omnia
961 1333 1180 1384 cohibita
1221 1335 1336 1398 sint,
1379 1335 1543 1387 donec
1577 1338 1799 1403 proditio
1833 1340 2000 1404 coepit

174 1438 202 1473 e
240 1422 390 1473 domo
428 1422 693 1485 Scaevini,
754 1423 837 1488 qui
890 1423 1055 1488 pridie
1091 1424 1387 1475 insidiarum
1422 1426 1576 1477 multo
1615 1442 1852 1479 sermone
1887 1445 1998 1480 cum

173 1506 395 1563 Antonio
430 1513 624 1578 Natale,
668 1513 786 1564 dein
824 1529 1093 1580 regressus
1131 1515 1331 1566 domum
1370 1522 1719 1569 testamentum
1753 1521 2001 1588 obsigna-

174 1604 260 1668 vit,
301 1609 582 1670 promptum
617 1604 802 1670 vagina
838 1606 1142 1671 pugionem,
1185 1607 1248 1657 de
1284 1622 1382 1672 quo
1423 1623 1572 1673 supra
1614 1611 1810 1675 rettuli,
1852 1617 2000 1663 vetu—

173 1699 302 1746 state
339 1695 568 1745 ohtusum
610 1695 879 1760 increpans
921 1697 1147 1761 asperari
1183 1713 1308 1749 saxo
1349 1704 1397 1749 et
1433 1699 1485 1748 in
1521 1715 1814 1752 mucronem
1846 1703 2064 1753 arde—¹⁵

173 1800 323 1836 scere
353 1785 528 1851 iussit,
579 1801 791 1852 eamque
828 1801 998 1837 curam
1035 1787 1217 1839 liberto
1255 1789 1459 1846 Milicho
1498 1792 1770 1842 mandavit.
1846 1793 2002 1845 Simul

298 1966 336 2007 1.
369 1977 524 2019 magno
558 1965 698 2020 operis
730 1963 822 2006 Ma:
867 1967 1058 2006 correxit
1100 1967 1315 2019 Pichena,
1363 1973 1464 2009 ante
1508 1981 1636 2023 quem
1668 1969 1818 2023 magni
1848 1970 2001 2024 operis,

176 2031 225 2066 ut
259 2030 324 2066 est
353 2025 396 2064 in
434 2021 467 2064 G
501 2029 544 2064 et
576 2024 690 2065 aliis.
786 2026 827 2068 2.
863 2038 978 2080 oper.
1012 2024 1092 2067 Ma.
1205 2026 1249 2068 4.
1282 2025 1397 2080 volqi
1425 2025 1507 2070 Ma.
1602 2027 1652 2068 G.
1686 2026 1766 2069 Ma.
1852 2028 1893 2070 6.
1929 2035 2004 2070 aut

176 2086 308 2126 inane
341 2090 415 2124 aut
443 2097 559 2138 spem
590 2081 680 2124 Ma:
715 2084 904 2124 correxit
941 2083 1146 2137 Pichena,
1181 2090 1282 2126 ante
1308 2098 1436 2140 quem
1471 2092 1511 2126 et
1540 2086 1671 2126 inane
1704 2093 1779 2127 aut
1808 2087 1902 2141 ipsi.
1966 2087 2000 2129 G

178 2151 252 2185 aut
282 2144 440 2184 inane.-
473 2149 548 2190 aut
577 2143 672 2198 ipsi,
708 2148 750 2183 et
782 2143 846 2184 sic
868 2141 1156 2197 Oxonienses‚
1193 2150 1240 2184 ut
1270 2144 1466 2197 videtur,
1500 2144 1615 2185 unde
1635 2144 1860 2186 Broterius
1892 2146 2004 2186 nihil

177 2203 262 2244 nisi
292 2204 424 2244 inane
456 2209 531 2242 aut
562 2203 644 2257 ipsi
675 2201 834 2243 attulit.
926 2203 969 2245 8.
1002 2204 1088 2244 nisi
1117 2205 1156 2245 si
1187 2202 1302 2256 GMa,
1336 2204 1422 2245 nisi
1450 2204 1500 2246 R.
1594 2204 1634 2246 9.
1670 2205 1744 2260 aff.
1778 2204 1850 2246 Or.
1934 2207 2002 2259 11.

179 2262 319 2318 caepit
351 2260 428 2304 Ma.
527 2263 593 2303 14.
631 2261 759 2302 retuli
790 2259 870 2302 Ma.
977 2262 1047 2305 15.
1085 2264 1317 2319 aspernari
1346 2263 1438 2304 Ma:
1472 2262 1506 2305 G
1536 2267 1750 2319 asperari.
1851 2270 1891 2305 et
1921 2265 2005 2305 im-

178 2335 425 2363 mucronem
458 2318 536 2362 Ma.

182 2483 288 2520 erat.
351 2476 555 2519 Ceterum
589 2490 643 2518 ex
672 2475 738 2518 Ma
763 2475 952 2517 Orellius
985 2482 1053 2517 at-

180 2536 280 2578 tulit
312 2536 567 2584 habuissent,
600 2549 687 2577 non
718 2535 945 2587 habuisset,
977 2535 1054 2577 sed

182 2597 291 2637 vitio
324 2595 641 2651 typographico
675 2594 758 2636 hoc
777 2594 1052 2636 tribuendum

182 2654 370 2697 videtur.

267 2713 417 2770 templo
449 2713 611 2755 Salutis
645 2715 709 2769 [in
741 2713 975 2769 EtruriaJ:
1007 2713 1054 2753 in

183 2773 371 2816 Etruria
402 2773 550 2829 glossa
589 2778 654 2814 est
685 2771 932 2813 nominibus
967 2773 1050 2813 Fe-

184 2834 353 2875 rentino
399 2834 446 2874 in
490 2832 640 2887 oppido
673 2831 778 2871 olim
832 2833 877 2872 in
934 2844 1051 2872 mar-

185 2892 289 2948 gine
342 2892 542 2946 apposita
590 2896 784 2946 etnmox
838 2891 881 2930 in
919 2889 1054 2931 'alie-

185 2963 287 2991 num
319 2949 462 2992 locum
496 2950 695 2991 deducta.
756 2947 1056 3002 Deprehendit

184 3009 424 3052 Ernestius.
508 3009 748 3051 Diversitas
795 3008 1055 3049 tradentium

186 3068 296 3111 haee
330 3075 436 3122 erat,
464 3076 510 3110 ut
542 3068 617 3110 alii
642 3066 847 3121 templum
881 3067 1056 3119 Salutis,

186 3127 262 3169 alii
305 3128 523 3170 Fortunae
564 3129 860 3178 nominarent,
909 3139 1059 3168 omnes

187 3192 328 3227 tamen
369 3186 422 3229 de
462 3187 622 3242 oppido
654 3186 890 3228 Ferentino
923 3185 1057 3226 Etru-

186 3246 302 3299 riae,
349 3245 464 3288 unde
507 3247 720 3288 Scaevino
762 3246 886 3300 origo
939 3247 1057 3299 (cap.

189 3305 293 3360 55),
338 3307 649 3346 consentirent.
711 3304 776 3345 De
822 3303 1058 3344 Ferentino

187 3363 387 3405 Etruriae
432 3362 539 3404 urhe
584 3362 734 3404 Strabo
780 3362 815 3401 V
861 3364 889 3404 2
930 3363 974 3412 ὃ.
1016 3362 1058 3413 9,

189 3421 355 3463 Plinius
399 3419 455 3461 Ill
491 3421 544 3473 8,
595 3421 767 3462 Tacitus
802 3421 895 3473 ipse
938 3420 988 3462 11.
1023 3419 1059 3460 11

191 3482 262 3524 50.
326 3479 531 3522 Eiusdem
567 3481 753 3521 nomini-s
786 3478 990 3532 oppidum
1017 3480 1058 3519 in

191 3539 390 3580 Hernicis
423 3553 447 3580 a
478 3539 605 3579 Livio
638 3539 813 3591 saepius
845 3549 1063 3579 memora-

191 3605 280 3639 tum
316 3597 399 3653 (IV
432 3599 485 3640 51
521 3603 564 3638 et
598 3598 679 3650 61,
729 3595 800 3637 Vll
831 3595 881 3648 9,
915 3596 952 3636 X
982 3597 1063 3652 34)

193 3657 275 3699 hac
310 3662 453 3700 aetate
486 3658 569 3698 iam
603 3670 688 3699 non
714 3655 871 3709 extitit,
906 3655 1065 3711 quippe

1137 2487 1282 2529 neque
1315 2487 1339 2515 a
1373 2474 1583 2516 Strabone
1624 2488 1768 2530 neque
1809 2488 1833 2517 a
1864 2476 2005 2518 Plinio

1138 2535 1182 2574 in
1225 2533 1396 2587 oppidis
1445 2534 1555 2574 Latii
1595 2537 1877 2577 nominatum.
1940 2536 2004 2578 Eo

1138 2594 1279 2633 minus
1312 2604 1420 2647 opus
1462 2598 1554 2635 erat
1596 2593 1694 2634 addi
1725 2594 1772 2633 in
1805 2594 2004 2636 Etruria.

1138 2651 1424 2708 Diligentiam
1438 2650 1585 2692 Tacito
1613 2665 1699 2692 non
1734 2655 2007 2696 convenien-

1138 2717 1224 2751 tem
1256 2710 1405 2752 intulit
1435 2709 1774 2767 Bezzenberger
1820 2713 1864 2752 in
1898 2726 2008 2754 con-

1141 2771 1351 2811 iecturam
1383 2782 1503 2811 suam
1537 2769 1688 2825 templo
1728 2770 1890 2812 Salutis
1921 2773 2008 2814 sive

1144 2829 1324 2880 Triviae,
1358 2829 1445 2869 sive
1476 2835 1521 2869 ut
1553 2829 1633 2870 alii
1665 2829 1882 2872 tradidere
1897 2831 2008 2872 For-

1139 2894 1268 2930 tunae
1300 2893 1385 2929 cet.

1230 2947 1361 2989 Gaius
1391 2944 1584 2988 Plinius.-
1631 2946 1746 2990 conf.
1777 2954 1923 2992 annot.
1957 2948 2009 2990 ad

1141 3004 1235 3048 XIII
1263 3007 1320 3050 20
1353 3011 1393 3047 et
1423 3005 1442 3047 Ι
1473 3005 1544 3049 69.

1232 3123 1335 3175 Cap.
1372 3123 1443 3165 54.
1506 3125 1618 3164 inter
1650 3124 1807 3165 diversi
1841 3126 2012 3179 yeneris

1143 3209 1199 3216 -
1233 3182 1337 3222 dites
1366 3195 1605 3237 pauperes:
1652 3184 1772 3224 notio
1822 3183 2012 3225 homines

1143 3243 1195 3283 ad
1228 3241 1448 3297 genitivos
1482 3254 1536 3282 ex
1567 3241 1672 3283 dites
1699 3256 1911 3298 pauperes
1941 3242 2012 3284 fa-

1144 3301 1228 3343 cile
1267 3301 1512 3341 assumitur.

1230 3358 1379 3400 seditio
1414 3359 1577 3414 coepit.-
1622 3358 1798 3413 antiqua
1840 3356 2013 3411 simpli-

1146 3419 1277 3460 citate
1310 3417 1470 3458 dictum
1512 3428 1588 3470 pro
1625 3430 1726 3458 orsa
1757 3422 1831 3457 est.
1893 3416 1943 3457 H.
1977 3415 2015 3456 Π

1146 3479 1231 3519 47:
1274 3475 1425 3517 bellum
1457 3490 1484 3516 α
1528 3475 1690 3517 Vitellio
1725 3476 1887 3530 coep-it3
1936 3474 2013 3515 XV

1148 3535 1231 3578 68:
1272 3536 1458 3576 Neronis
1506 3534 1646 3575 odium
1680 3559 1735 3566 —
1777 3548 1829 3573 ex
1863 3534 2017 3575 intima

1149 3593 1373 3637 sodalitate
1397 3600 1608 3649 coeperat.
1694 3594 2015 3647 inmucronem,

1151 3652 1193 3696 h.
1229 3666 1268 3694 e.
1301 3658 1349 3694 ut
1378 3665 1525 3695 mucro
1561 3652 1780 3695 evaderet⁴
