2222 4022
206 235 378 280 XLVIII
987 237 1093 281 PRO
1101 235 1257 282 OEMII

204 377 442 446 plagulae
480 383 687 445 quartae
723 377 952 430 decimae
985 379 1200 447 pagina,
1254 395 1384 447 quae
1431 379 1495 431 ad
1531 379 1754 432 Tacitum
1794 383 2028 448 pertinet,

205 470 336 522 haud
373 485 583 537 prorsus
618 475 721 521 tres
757 474 928 536 partes
967 470 1151 537 implet.
1229 473 1417 525 Omnes
1473 476 1636 523 autem
1685 472 1905 540 paginae
1944 489 2034 541 per

204 561 351 613 binas
393 561 652 613 columnas
692 560 843 612 modo
875 561 1091 628 XXXV,
1142 563 1294 614 modo
1331 563 1586 614 XXXVIII
1621 579 1857 616 versuum
1905 580 2034 617 con-

204 654 425 720 scriptae
466 652 611 706 sunt.’
675 654 727 704 In
763 655 994 721 margine
1046 656 1265 721 ascripta
1315 659 1430 706 sunt
1470 655 1742 707 summaria
1778 671 1947 708 rerum
1983 662 2033 709 et

205 744 558 796 annotationes
602 743 875 796 nonnullae
918 746 980 796 ab
1017 743 1114 797 alia
1154 761 1305 796 manu
1346 745 1438 797 sed
1478 744 1700 811 antiqua.

346 837 401 887 ln
436 841 607 887 cetero
637 835 818 887 codice
858 840 1018 899 (totus
1050 837 1183 888 enim
1214 837 1364 889 CXCI
1400 835 1536 888 foliis
1570 835 1774 902 scriptis
1812 839 2036 900 constat)

206 939 254 991 p.
302 923 401 976 104
438 925 469 975 b
507 924 882 991 subsequuntur
914 926 1115 993 Apuleii
1153 927 1397 978 Platonici
1433 926 1784 979 Madaurensis
1827 925 1890 976 de
1924 925 2036 977 Ma-

210 1015 295 1082 gia
350 1015 464 1067 libri
515 1016 631 1067 duo.
698 1014 774 1067 ‘In
813 1011 968 1069 calce’
1007 1017 1270 1081 (Bandinii
1322 1018 1477 1070 verba
1523 1023 1664 1084 sunt)
1710 1015 1844 1067 ‘libri
1889 1014 2035 1081 primi

207 1106 588 1158 characteribus
612 1107 870 1173 quadratis
889 1109 1129 1160 Romanis
1149 1110 1387 1175 scriptum
1409 1114 1511 1161 est:
1549 1109 1685 1162 EGO
1703 1108 1760 1160 G.
1778 1105 2033 1159 CRISPVS

209 1198 554 1252 SALVSTIVS
597 1198 935 1250 EMENDAVI
974 1200 1202 1252 ROMAE
1242 1200 1446 1254 FELIX.
1532 1199 1763 1251 APVLEI
1798 1197 2037 1249 PLATO-

202 1290 332 1342 NICI
359 1289 817 1342 MADAVRENSIS
847 1291 969 1343 PRO
997 1292 1072 1344 SE
1108 1291 1273 1342 APVT
1304 1291 1395 1343 CL.
1422 1290 1730 1345 MAXIMVM
1767 1287 2031 1342 PROCOS.

202 1380 289 1432 DE
331 1381 545 1433 MAGIA
582 1381 698 1432 LIB.
736 1382 772 1432 Ι.
804 1381 1108 1433 EXPLICIT.
1148 1381 1373 1432 INCIPIT
1409 1381 1525 1432 LIB.
1559 1381 1617 1432 11.
1660 1379 1828 1432 LEGE
1866 1378 2037 1431 FELI-

206 1471 406 1523 CITER.
485 1473 709 1538 Itemque
735 1472 787 1522 in
810 1472 951 1524 63166
984 1472 1099 1523 libri
1122 1473 1164 1524 ΙΙ
1200 1472 1411 1540 legitur:
1442 1472 1673 1524 APVLEI
1696 1469 2035 1524 PLATONICI

205 1561 668 1616 MADAVRENSIS
706 1563 956 1617 PROSAE
981 1565 1067 1616 DE
1104 1564 1318 1617 MAGIA
1353 1564 1469 1616 LIB.
1499 1564 1542 1615 11
1567 1562 1870 1615 EXPLICIT.
1901 1560 2034 1614 EGO

205 1652 547 1706 SALVSTIVS
584 1654 922 1706 EMENDAVI
958 1653 1187 1707 ROMAE
1218 1655 1421 1707 FELIX.
1495 1655 1629 1705 Loca
1654 1653 1867 1718 Graeca,
1908 1667 2037 1719 quae

203 1744 256 1794 in
295 1744 439 1796 hisce
477 1744 620 1796 libris
664 1751 963 1810 occurrunt,
1005 1751 1120 1797 sunt
1162 1763 1222 1798 ea
1264 1747 1464 1813 quidem
1510 1745 1721 1797 Graecis
1765 1745 2034 1797 characte-

202 1835 375 1900 ribuS‚
430 1835 520 1886 sed
562 1835 712 1886 valde
752 1836 1002 1902 corruptis
1043 1842 1092 1887 et
1141 1837 1403 1889 mendosis
1444 1851 1716 1903 expressa3
1775 1836 2035 1888 recentior

201 1931 369 1977 tamen
414 1941 475 1977 36
516 1926 666 1977 docta
704 1943 881 1978 manus
920 1928 1098 1979 eadem
1147 1928 1198 1977 in
1240 1928 1471 1995 margine
1509 1927 1774 1979 emendate
1812 1927 2036 1994 diligen-

203 2021 381 2083 terque
421 2015 759 2082 conscripsit.'
832 2017 1083 2084 Idemt‘p.
1115 2017 1236 2070 126:
1274 2019 1515 2070 Eiusdem
1538 2018 2034 2084 Metamorphoseon,

200 2123 292 2160 seu
343 2108 406 2159 de
444 2108 607 2161 Asino
659 2122 816 2159 aureo
871 2107 987 2159 libri
1025 2109 1094 2160 XI
1139 2109 1349 2174 praevio
1388 2108 1638 2176 prolog0,
1698 2114 1753 2159 ut
1799 2109 1852 2159 in
1896 2108 2031 2160 dicto

205 2199 384 2250 codice
421 2207 469 2262 §.
511 2201 578 2250 ll.
653 2200 706 2250 In
759 2199 901 2251 calce
950 2199 1170 2252 omnium
1215 2199 1489 2264 librorum,
1551 2199 1714 2266 primo
1767 2204 1817 2251 et
1859 2199 2033 2251 ultimo

202 2290 465 2355 exceptis,
535 2290 721 2356 legitur
777 2291 1008 2342 censoris
1059 2290 1390 2356 subscriptio:
1465 2290 1597 2342 EGO
1653 2289 2032 2342 SALLVSTIVS

202 2381 351 2432 LEGI
388 2381 469 2431 ET
500 2380 839 2433 EMENDAVI
877 2382 1106 2434 ROMAE
1139 2382 1327 2433 FELIX
1339 2399 1352 2445 3
1392 2381 1442 2431 in
1480 2380 1621 2432 calce
1658 2395 1782 2432 vero
1818 2380 1933 2431 libri
1964 2381 2033 2433 IX

203 2472 461 2538 aliquanto
516 2473 722 2541 longior
779 2474 847 2524 ita
904 2473 1083 2524 habet:
1145 2473 1277 2525 EGO
1329 2472 1708 2524 SALLVSTIVS
1760 2472 1907 2523 LEGI
1953 2471 2034 2522 ET

201 2562 542 2614 EMENDAVI
590 2564 819 2616 ROMAE
875 2565 1064 2617 FELIX
1111 2564 1367 2617 OLIBRIO
1420 2563 1501 2614 ET
1546 2561 1825 2615 PROBINO
1874 2563 1932 2614 V.
1976 2561 2030 2613 C.
2099 2574 2107 2577 *

203 2654 384 2706 CONS.
444 2655 509 2705 IN
562 2655 733 2707 FORO
792 2655 1028 2708 MARTIS
1068 2652 1599 2708 CONTROVERSIAS
1637 2652 2030 2705 DECLAMANS
2137 2666 2142 2668 ⁴

207 2745 492 2796 ORATORI
527 2745 954 2799 ENDELECHIO.
1006 2745 1251 2799 RVRSVS
1290 2744 1881 2798 CONSTANTINOPOLI
1918 2743 2035 2796 RE-

204 2835 493 2888 COGNOVI
533 2836 859 2890 CAESARIO
884 2839 965 2889 ET
992 2838 1227 2890 ATTICO
1257 2836 1492 2890 CONSS?
1561 2834 1732 2903 Pergit
1754 2834 2030 2886 Bandinius

200 2927 397 2978 referre
435 2927 499 2978 de
534 2927 631 2978 hoc
669 2927 828 2979 libro:
862 2924 928 2994 ‘p.
975 2927 1074 2981 184
1108 2928 1334 2980 eiusdem
1374 2927 1692 2979 Floridorum
1728 2925 1845 2978 libri
1882 2923 1976 2978 1V.‘

342 3019 543 3069 Fratres
583 3018 764 3070 Sextus
813 3016 1026 3068 Anicius
1066 3017 1303 3084 Olybrius
1350 3022 1400 3069 et
1437 3018 1618 3070 Sextus
1653 3017 1867 3069 Anicius
1904 3016 2032 3068 Pro-

202 3109 352 3162 binus
406 3127 451 3161 a.
494 3108 596 3162 395
647 3109 700 3159 in
750 3108 1045 3161 Occidentis
1094 3108 1348 3174 partibuS,
1412 3108 1682 3160 Caesarius
1734 3123 1779 3158 a.
1818 3106 1920 3159 397
1975 3107 2028 3157 in

203 3201 412 3253 Oriente
451 3205 501 3252 et
548 3200 731 3252 eodem
783 3214 916 3251 anno
954 3199 1151 3250 Atticus
1204 3200 1255 3250 in
1295 3200 1573 3252 Occidente
1619 3214 1730 3250 cum
1772 3197 2029 3266 gesserint

203 3291 549 3357 consulatum,
611 3291 730 3342 111116
791 3290 1007 3342 efficitur
1064 3291 1321 3356 exemplar
1373 3291 1508 3342 unde
1556 3289 1800 3356 Apuleius
1851 3288 2026 3341 seculo

200 3381 472 3431 undecimo
497 3387 575 3433 est
613 3381 916 3447 descriptuS‚
949 3381 1042 3433 sub
1077 3381 1225 3432 finem
1257 3381 1419 3447 quarti
1446 3380 1733 3432 confectum
1770 3381 1870 3432 iam
1894 3394 2026 3444 esse,

208 3484 374 3537 neque
413 3470 499 3521 alii
540 3472 754 3537 tempori
795 3471 991 3523 codicis
1029 3471 1242 3523 Tacitini
1280 3471 1410 3524 liber
1446 3470 1748 3541 α’ρχέτυπος
1782 3469 2031 3536 delegan-

203 3562 296 3614 dus
332 3561 550 3614 videtur.
