2222 4022
258 257 358 300 XVI
1050 264 1317 308 PROOEMII

259 406 349 452 aut
383 408 672 454 excusatus.
745 405 889 466 Quod
913 405 1253 457 testimonium
1279 412 1333 457 ut
1366 407 1530 458 minus
1560 407 1742 472 valeat,
1783 407 2084 475 interpretes

256 492 325 542 illi
361 494 412 543 in
442 495 600 546 verbo
640 495 981 560 composuisse
1020 498 1262 563 temporis
1304 498 1478 549 aoristi
1518 498 1820 565 pervulgato
1856 498 2078 556 ludibrio

257 583 540 636 abutuntur.
613 587 872 638 Eiusdem.
911 587 1083 652 operis
1133 593 1302 654 partes
1351 604 1523 641 secum
1567 590 2085 642 communicatasaut

254 674 431 726 saltem
482 678 844 729 conscribendi
889 679 1156 730 consilium
1194 680 1303 732 sive
1352 680 1414 731 ab
1466 681 1576 747 ipso
1636 687 1845 733 auctore
1899 681 2011 733 sive
2052 697 2082 733 a

252 765 442 831 Plinio,
501 767 659 819 Taciti
703 773 752 820 et
787 759 1310 836 Quintilians'amicO,
1370 771 1468 823 sibi
1517 772 1798 838 expositum
1834 771 2084 824 intellexit

260 857 613 924 Quintilianus,
653 874 762 910 cum
799 860 937 912 finita
965 861 1304 928 disputatione
1342 862 1405 914 de
1430 863 1620 915 Latinis
1655 878 1826 915 rerum
1861 863 2086 929 scripto·-

252 947 392 999 ribus
435 948 630 1000 addidit
668 951 827 1003 verba
866 952 929 1004 de
956 952 1128 1004 Tacito
1170 953 1302 1005 dicta
1333 955 1380 1006 X
1419 957 1443 1006 1
1489 953 1612 1007 104:
1650 959 1886 1019 superest
1917 953 2085 1005 adhuc

253 1044 302 1089 et
347 1048 568 1100 exornat
623 1043 806 1094 aetatis
853 1051 1063 1096 nostrae
1110 1045 1324 1111 yloriam
1373 1046 1458 1096 vir
1507 1047 1795 1097 seculorum
1839 1045 2085 1099 memoria

251 1131 452 1198 diyuus,
499 1133 585 1198 qui
626 1135 743 1185 olim
778 1135 1150 1199 nominabitur,
1187 1153 1321 1187 nuuc
1356 1137 1659 1203 iuteltiyitur.
1735 1135 1900 1187 Habet
1934 1150 2088 1188 ama-

253 1227 408 1287 tores,
454 1240 547 1275 nec
591 1223 836 1275 immerito
873 1225 1126 1292 [remitti]
1226 1227 1293 1277 At
1331 1227 1569 1288 libertas,
1633 1239 1934 1291 quamquam
1971 1225 2083 1276 cir-

251 1312 487 1363 cumcisis
526 1329 657 1379 quae
695 1315 935 1379 (licuisset,
974 1316 1020 1366 ei
1055 1317 1297 1366 nocuerit.
1386 1316 1487 1366 Sed
1519 1317 1702 1367 elatum
1737 1315 1934 1367 abunde
1964 1315 2081 1380 spi-

248 1403 399 1454 ritum
449 1410 497 1454 et
547 1406 768 1456 audaces
825 1406 1100 1456 sententias
1151 1406 1497 1471 deprehendas
1547 1408 1697 1458 etiam
1747 1407 1801 1458 in
1845 1407 1910 1458 iis
1945 1422 2078 1473 quae

247 1502 448 1546 manent
472 1502 503 1547 ¹.

395 1588 476 1639 Ad
528 1589 737 1649 eosdem
787 1588 947 1639 libros
1003 1588 1222 1653 pertinet
1258 1588 1415 1639 Taciti
1455 1588 1758 1653 Campaniae
1810 1587 1983 1639 clades
2028 1587 2086 1646 in*

247 1679 402 1731 rebus
430 1680 523 1730 Titi
551 1680 805 1731 narraturi
842 1680 1161 1745 percontatio
1197 1679 1259 1730 de
1300 1679 1439 1729 obitu
1462 1678 1621 1743 Plinii,
1662 1678 1846 1730 montis
1870 1679 2080 1732 Vesuvii

246 1770 488 1822 incendio
528 1772 764 1836 extincti,
827 1771 891 1822 de
931 1786 1026 1836 qua
1068 1771 1254 1821 Plinius
1305 1771 1471 1820 minor
1505 1771 1662 1836 Epist.
1703 1770 1768 1821 VI
1807 1769 1901 1822 16:
1947 1769 2081 1834 petis

248 1867 303 1912 ut
361 1862 449 1912 tibi
505 1863 745 1913 auunculi
805 1863 902 1912 mei
953 1863 1139 1912 emitum
1193 1862 1447 1926 scribam,
1503 1877 1599 1926 quo
1658 1861 1832 1911 verius
1877 1860 2083 1911 tradere

241 1954 465 2019 posteris
504 1954 695 2019 possiS.
774 1954 981 2004 Gratias
1014 1969 1140 2019 ayo:
1178 1969 1296 2004 uam
1332 1954 1477 2003 video
1513 1951 1665 2003 morti
1701 1953 1827 2017 eius,
1865 1951 1913 2002 si
1948 1952 2077 2003 cele.

246 2043 423 2095 bretur
464 2060 498 2095 a
545 2051 619 2110 te,
657 2044 985 2094 immortalem
1019 2043 1233 2110 ytoriam
1282 2059 1394 2093 esse
1426 2043 1763 2108 propositam.
1834 2040 2085 2109 Quamvis

246 2135 375 2187 enim
408 2136 868 2201 pulcherrimarum
920 2135 1063 2184 clade
1125 2139 1413 2199 terrarum,
1470 2139 1525 2183 ut
1578 2132 1758 2199 populi
1810 2137 1868 2206 ut
1923 2130 2080 2186 uetes

240 2227 553 2279 memorabili
578 2242 587 2260 x
610 2243 758 2291 casu,
820 2226 970 2291 quasi
1018 2240 1217 2290 semper
1254 2226 1482 2276 victurus
1521 2225 1788 2285 occiderit,
1847 2223 2080 2288 quamvis

241 2318 352 2384 ipse
398 2318 622 2383 plurima
675 2333 835 2382 opera
891 2323 940 2366 et
993 2333 1239 2367 mansura
1301 2316 1602 2382 condiderit,
1657 2316 1862 2367 multum
1908 2313 2079 2367 'tamen

236 2410 566 2476 perpetuitati
606 2409 712 2459 eius
763 2409 1070 2474 scriptorum
1106 2415 1307 2459 tuorum
1348 2408 1623 2458 aeternitas
1673 2407 1836 2459 addet.
1910 2406 2078 2473 Equi-

334 2596 371 2636 1.
415 2593 510 2635 Non
532 2606 625 2635 sum
647 2593 822 2635 nescius
840 2606 864 2635 a
887 2593 1037 2647 Sarpio
1071 2594 1115 2633 in

244 2653 583 2706 Quaestionibus
617 2652 833 2709 philolog.
863 2651 1115 2708 (Rostochii

244 2726 283 2755 a.
322 2713 456 2770 1819)
507 2712 618 2753 haec
661 2712 714 2753 de
763 2713 894 2753 Fabio
938 2712 1114 2753 Rustico

244 2774 520 2827 pronuntiata
581 2784 678 2813 esse
729 2772 949 2813 affirmari.
996 2771 1114 2831 ,Sed

242 2831 400 2873 Fabius
436 2831 717 2886 eloquentiae
740 2831 928 2883 deliciis,
949 2836 995 2870 ut
1013 2836 1114 2871 aute

242 2890 407 2943 Livius,
446 2890 670 2931 historiam
696 2903 908 2931 exornare
933 2896 1114 2931 conatus

243 2956 310 2992 est
343 2952 471 3007 (Agr.
501 2951 578 2993 10:
614 2950 758 2990 Livius
790 2958 991 3002 veterum,
1029 2950 1116 2990 Fa-

246 3010 336 3051 bius
358 3011 558 3052 Rusticus
591 3010 829 3050 recentium
856 3009 1116 3062 eloquentis-

243 3070 339 3111 simi
386 3072 630 3121 auctores).·
694 3069 733 3109 ei
788 3069 926 3124 igitur
975 3069 1116 3108 minus

245 3130 512 3171 convenient
555 3127 689 3169 verba
730 3141 981 3182 quamquam
1026 3128 1116 3167 cir-

245 3190 440 3231 cumcisis
488 3201 594 3242 quae
653 3187 841 3227 dixisset.
934 3185 1118 3226 Accedit

243 3248 359 3303 quod
401 3247 514 3290 idem
559 3247 751 3288 Senecae
797 3246 990 3287 amicitia
1036 3246 1117 3299 {lo-

243 3309 380 3349 ruisse
421 3321 446 3349 a
493 3306 639 3348 'facito
690 3305 785 3346 Xlll
829 3307 887 3348 20
930 3305 1116 3357 dicitur3

245 3367 346 3408 inde
379 3368 654 3420 perspicuum
691 3372 755 3406 est
795 3364 924 3405 huius
957 3365 1118 3418 scripta

244 3438 332 3466 non
365 3425 534 3466 demum
562 3432 657 3479 post
688 3426 879 3466 occisum
900 3423 1118 3464 Domitia-

244 3498 346 3527 num
373 3484 486 3526 edita
517 3498 630 3535 esse,
666 3491 711 3524 ut
737 3479 1032 3535 Quintilianus
1065 3483 1118 3523 de

245 3543 335 3586 illis
353 3551 565 3599 tamquam
583 3557 669 3583 non
687 3545 807 3584 editis
825 3543 944 3597 loqui
970 3548 1119 3596 posset

245 3603 325 3648 sub
369 3603 497 3646 finem
541 3604 809 3658 principatus
854 3602 1116 3644 Domitiani:

1204 2599 1305 2634 tunc
1340 2593 1453 2634 enim
1475 2592 1797 2633 Institutionem
1831 2603 1953 2634 suam
1977 2592 2078 2635 odi.

1202 2652 1277 2694 dit.
1330 2651 1489 2693 Contra
1510 2652 1562 2694 de
1583 2651 1729 2693 Tacito
1755 2657 1934 2708 pel-apte
1959 2651 2076 2694 dicta
2115 2654 2120 2661 “

1202 2717 1302 2752 suut
1336 2713 1517 2765 primum
1552 2710 1662 2753 haec
1704 2718 1890 2752 eaeornat
1921 2713 2076 2754 aetatis

1199 2779 1373 2812 nostrae
1408 2772 1605 2825 qloriam,
1639 2783 1736 2812 nam
1754 2769 1987 2826 Dialogum
2021 2771 2076 2814 de

1201 2831 1446 2871 oratoribus
1473 2831 1555 2870 iam
1578 2829 1773 2871 ediderat
1805 2835 1848 2871 et
1867 2835 2074 2884 patronus

1203 2903 1428 2931 causarum
1471 2890 1656 2945 insignis
1701 2893 1818 2941 erat,
1864 2887 1967 2930 dein
2007 2891 2076 2931 vir

1201 2949 1439 2990 secutorum
1460 2950 1667 2990 memoria
1700 2948 1867 3005 dignus,
1900 2948 2073 3004 qualem

1203 3014 1472 3064 cognoverat
1507 3007 1801 3058 Quintilianus
1846 3020 1900 3049 ex
1944 3006 2075 3050 fami-

1203 3067 1298 3108 liari
1335 3068 1652 3108 consuetudine
1694 3073 1738 3107 et
1780 3078 1859 3120 per
1885 3066 2071 3108 Plinium

1203 3127 1439 3179 minorem,
1508 3132 1727 3180 postremo
1781 3132 1826 3166 at
1874 3125 2074 3178 libertas,

1203 3200 1456 3240 quamquam
1479 3186 1741 3226 circumcisis
1762 3197 1870 3238 quae
1883 3184 2072 3238 dixisset,

1205 3246 1243 3285 ei
1273 3246 1493 3297 nocuerit,
1535 3244 1691 3299 quibus
1724 3243 1908 3285 liberum
1942 3249 1986 3286 et
2017 3256 2072 3285 ex

1203 3310 1428 3359 poetarum
1472 3305 1641 3346 arcanis
1682 3305 1864 3358 petitum
1898 3301 2073 3349 dicendi

1204 3377 1342 3419 genus
1392 3377 1442 3405 ac
1491 3363 1619 3405 simul
1661 3364 1837 3404 concisa
1879 3361 2072 3404 brevitas

1202 3423 1336 3465 Taciti
1383 3424 1698 3479 significantur.
1770 3422 1816 3463 In
1860 3422 2072 3475 scriptura

1203 3482 1290 3524 loci
1315 3484 1472 3525 remitti
1504 3482 1610 3524 mihi
1638 3482 1812 3524 videtur
1843 3493 1940 3522 esse
1973 3481 2071 3524 διτ-

1205 3548 1448 3601 τογραᾳία
1470 3544 1592 3584 vocis
1615 3541 1813 3593 ῑυηενίιος
1844 3544 2072 3593 praeterea

1206 3610 1248 3643 αι
1282 3603 1437 3656 scripsi
1471 3614 1548 3656 pro
1581 3600 1760 3656 vulgato
1791 3605 1851 3641 ut.
