2222 4022
211 256 391 301 xxvm
942 311 944 314 .
983 255 1249 300 Pfloossmu

205 402 401 469 qualem
446 408 767 467 expectamus
805 418 831 452 a
867 402 1050 454 iuvene
1090 403 1367 454 exercitato
1407 406 1455 452 et
1494 402 1606 452 viro
1645 404 1862 468 vegetae
1892 403 2038 455 aeta-

204 494 284 558 tis,
326 499 500 544 contra
537 495 589 544 in
622 493 902 544 Annalibus
943 495 1239 561 agnoscitur
1276 493 1546 559 praeclara·
1577 492 1715 544 senis
1753 490 2036 542 moderatio

205 599 264 636 ac
303 586 563 636 maturitas
601 593 649 638 et
684 586 831 649 periti
872 585 967 636 viri
1008 586 1271 638 multarum
1311 600 1477 636 rerum
1521 583 1753 635 scientia.

342 691 556 741 Traiano
600 697 797 742 mortuo
837 707 940 742 non
978 691 1420 763 diu3superstitem
1443 689 1667 741 Tacitum
1702 688 1860 740 fuisse
1891 700 2038 738 reor:
2059 690 2126 738 17

202 795 317 831 nam
353 782 399 832 si
434 782 536 833 vita
574 782 968 848 suppeditasset,
1026 783 1170 833 libris
1226 799 1253 832 a
1307 797 1363 833 se
1404 781 1669 847 promissis
1702 779 2036 847 principatum

201 872 401 923 Nervae
429 872 793 939 imperiumque
831 875 1073 925 Traiani¹
1119 879 1168 924 et
1219 889 1303 924 res
1341 873 1558 940 Augusti
1599 871 1834 923 Caesaris
1873 869 2041 921 tradi-

209 963 492 1014 turus-suit.
567 965 667 1018 Sed
727 981 857 1031 quae
909 981 1062 1017 causa
1100 965 1234 1016 illum
1272 965 1428 1016 movit
1464 969 1543 1028 ut,
1599 979 1709 1014 cum
1759 962 1822 1014 de
1868 962 2037 1014 Nerva

204 1058 253 1104 et
288 1055 504 1106 Traiano
544 1071 600 1107 se
642 1058 943 1123 scripturum
985 1073 1100 1109 esse
1142 1059 1192 1107 in
1227 1057 1492 1123 prooemio
1545 1055 1881 1106 Historiarum
1920 1051 2039 1118 pol-

204 1143 372 1196 licitus
409 1153 571 1212 esset,
625 1149 782 1199 nihilo
822 1149 985 1200 minus
1027 1155 1293 1215 antequam
1335 1148 1451 1198 huic
1492 1146 1742 1212 promisso
1793 1143 2035 1209 stetisset,

202 1236 336 1288 aliud
377 1253 502 1304 opus
542 1255 569 1289 a
613 1255 670 1290 se
709 1241 1111 1306 componendum
1147 1241 1198 1290 in
1233 1240 1515 1290 Annalibus
1552 1243 1731 1304 postea
1769 1235 2041 1302 annuntia-

202 1329 319 1379 ret?
378 1330 621 1381 Nimirum
663 1337 781 1382 tunc
833 1333 917 1383 diu
969 1332 1272 1397 multumque
1325 1331 1375 1381 in
1415 1331 1568 1381 rebus
1608 1326 2042 1380 Caesarumver-

209 1425 348 1471 satus
379 1421 569 1472 sentire
608 1423 776 1489 coepit
809 1424 1047 1489 operibus
1091 1423 1195 1474 suis
1240 1422 1426 1487 aliquid
1466 1421 1628 1472 videri
1679 1420 1887 1485 deesse,
1941 1418 2039 1470 nisi

205 1528 316 1563 eum
353 1513 632 1579 principem
677 1513 968 1590 complexus
1009 1519 1159 1577 esset,
1204 1514 1286 1579 qui
1326 1528 1509 1564 novam
1547 1511 1623 1562 rei
1662 1510 1896 1576 publicae
1926 1523 2044 1560 mo-

210 1603 468 1654 derandae
529 1604 741 1655 formam
807 1605 1099 1668 invenerat,
1160 1604 1413 1654 inventam
1470 1603 1814 1653 constituerat.
1892 1600 2043 1652 Certe

206 1695 339 1760 quod
380 1695 642 1747 Walchius
684 1696 745 1747 ad
786 1695 1083 1762 Agricolam
1120 1710 1166 1760 p.
1213 1695 1310 1746 132
1347 1694 1583 1757 coniecit,
1623 1693 1846 1744 Tacitum
1898 1691 2043 1743 alteri

205 1801 297 1837 suo
339 1787 588 1851 promisso
637 1787 938 1839 satisfacere
982 1787 1140 1852 ipsum
1181 1786 1435 1849 noluisse,
1492 1785 1582 1835 sed
1630 1799 1734 1834 non
1771 1783 1871 1834 nisi
1905 1797 2044 1850 spem

206 1879 323 1930 olim
361 1884 545 1930 motam
584 1894 646 1930 eo
685 1879 962 1945 reprimere
1001 1878 1257 1942 voluisse,
1307 1877 1357 1927 id
1392 1877 1558 1942 potius
1599 1875 1764 1927 aulico
1802 1873 2041 1940 scriptori

204 1975 492 2021 nostrorum
531 1975 810 2036 temporum
847 1985 993 2036 quam
1030 1969 1244 2036 integris
1283 1974 1332 2019 et
1366 1968 1583 2019 sinceris
1613 1966 1772 2018 Taciti
1817 1964 2046 2016 moribus

204 2062 405 2113 videtur
449 2061 782 2128 respondere.
859 2062 1089 2112 Ceterum
1129 2077 1192 2112 ex
1229 2060 1306 2110 his
1350 2059 1588 2133 operibus
1627 2062 1855 2109 neutrum
1894 2056 2047 2108 aTa-

207 2154 306 2204 cito
341 2154 620 2220 perfectum
655 2169 788 2217 esse,
831 2154 882 2203 id
916 2167 1018 2203 non
1049 2152 1210 2204 solum
1254 2168 1317 2202 ex
1346 2151 1548 2202 silentio
1586 2148 1916 2216 antiquitatis,
1953 2147 2045 2200 sed

207 2246 354 2298 etiam
409 2240 704 2312 Hieronymi
744 2245 913 2296 verbis
964 2260 1113 2310 supra
1165 2243 1339 2294 relatis
1376 2243 1695 2292 manifestum
1736 2246 1842 2305 est,
1881 2239 2049 2290 idem-

208 2353 333 2404 que,
395 2342 631 2403 quantum
681 2337 745 2387 ad
788 2336 1051 2387 historiam
1091 2337 1290 2387 Nervae
1334 2339 1382 2384 et
1419 2332 1620 2384 Traiani
1666 2331 1868 2395 attinet,
1926 2329 2046 2381 hinc

207 2428 529 2495 intelligitur,
602 2428 737 2493 quod
803 2427 1097 2478 Ammianus
1163 2425 1485 2477 Marcellinus
1553 2423 1702 2473 telam
1776 2438 1804 2473 a
1871 2421 2045 2472 Tacito

207 2519 494 2570 inchoatam
561 2524 775 2570 exeunte
840 2518 1015 2569 seculo
1085 2521 1262 2583 quarto
1322 2519 1642 2580 pertexturus
1697 2512 1858 2564 libros
1924 2525 2045 2563 suos

209 2611 544 2662 Historiarum
598 2627 625 2661 a
675 2611 875 2662 Nervae
930 2609 1213 2675 principatu
1276 2621 1489 2658 exorsus
1545 2609 1636 2656 est.
1715 2603 1859 2655 Conf.
1919 2602 2048 2653 Pro-

213 2702 365 2753 oemii
401 2718 444 2753 c.
489 2701 567 2753 19.

353 2808 527 2875 Neque
576 2822 700 2858 vero
755 2805 1072 2856 Facetiarum
1117 2805 1296 2855 librum
1350 2802 1551 2853 'l'acitus
1605 2814 1823 2866 unquam
1865 2798 2045 2862 edidit,

215 2916 360 2966 quem
409 2916 436 2949 a
476 2899 767 2965 FulgentiO,
823 2897 1006 2948 dubiae
1054 2896 1171 2946 fidei
1223 2895 1504 2959 scriptore,
1565 2892 1717 2959 vulgo
1761 2891 2050 2942 existimant

216 2991 474 3042 liberalius
513 3004 657 3055 quam
702 2990 871 3039 verius
912 2989 957 3038 ei
999 2988 1308 3053 assignatum
1351 3000 1465 3034 esse
1504 2985 1554 3032 in
1582 2982 1806 3048 Exposit.
1849 2995 2051 3048 sermo:

215 3098 331 3133 num
374 3082 526 3146 antiq.
570 3095 610 3131 s.
648 3097 694 3130 v.
739 3079 967 3144 Etoyium
1004 3094 1050 3143 p.
1089 3076 1190 3127 566
1228 3076 1306 3127 cd.
1343 3076 1526 3126 Merc.:
1580 3072 1809 3137 Eloqz‘um
1846 3077 1921 3120 est
1956 3070 2049 3120 he-

1206 3166 1231 3180 f

310 3337 347 3375 1.
392 3334 441 3375 ll.
479 3332 493 3373 1
532 3335 581 3375 1:
628 3331 774 3385 quodsi
814 3331 902 3371 vita
940 3342 1096 3384 suppe-
1182 3327 1263 3367 tias
1320 3325 1462 3366 dicere
1508 3324 1650 3363 liccat.
1713 3322 1827 3362 Ann.
1873 3319 1930 3362 111
1973 3323 2055 3362 24:

219 3395 346 3444 ditet,
385 3394 675 3447 principatum
718 3390 805 3431 divi
844 3391 1013 3431 Nervae
1058 3395 1096 3429 et
1182 3387 1254 3427 secl
1301 3385 1485 3425 aliorum
1532 3384 1691 3432 exitus,
1739 3379 1863 3421 simul
1911 3386 2056 3420 celera

219 3453 441 3507 imperium
493 3451 695 3498 Traiani,
746 3450 985 3490 ulmi-iorem
1025 3462 1094 3488 se-
1180 3446 1296 3486 illius
1340 3445 1492 3484 aetatis
1527 3442 1762 3496 (Augusti)
1797 3438 2052 3490 nieman-abo,

222 3514 514 3563 carioremque
578 3511 827 3559 neutericum,
890 3509 1096 3548 senectuti
1181 3507 1217 3546 si
1250 3506 1409 3560 effectis
1439 3505 1485 3544 in
1519 3515 1626 3556 quae
1646 3498 1804 3541 tetendi
1830 3499 1976 3553 plures
1998 3497 2056 3539 ad

222 3569 412 3622 semsui,
455 3580 566 3609 rara
607 3573 839 3621 temporum
870 3566 1093 3620 felicitate,
1181 3577 1309 3606 emas
1340 3564 1470 3605 vitam
1497 3559 1756 3616 produxero.

223 3585 296 3677 ult
325 3626 483 3671 sentire
515 3635 622 3682 quae
653 3623 772 3677 velis,
806 3628 843 3667 et
866 3636 972 3679 quae
993 3635 1093 3666 sen-
