2280 4004
182 302 206 331 a
238 293 285 336 (3.
324 295 391 336 15.
794 290 1018 335 LIBERI.
1084 290 1188 333 ΟΛΡ.
1226 290 1412 334 74—75.
1943 293 2002 333 ⁸79

184 450 382 501 quoque
431 435 483 484 in
533 449 591 484 ea
633 448 783 484 causa
835 433 1047 483 laturum
1096 432 1396 483 sententiam
1443 430 1606 497 palam
1660 436 1707 481 et
1758 430 2002 494 iuratum3

186 542 283 592 quo
338 525 520 577 ceteris
570 525 745 576 eadem
793 524 1072 575 necessitas
1124 524 1280 575 fieret.
1377 522 1648 575 Manebant
1699 523 1848 574 etiam
1900 527 2002 572 tum

187 618 401 683 vestigia
439 616 698 667 morientIS
740 616 1003 666 libertatis.
1099 616 1257 682 Igitur
1294 616 1493 667 Gnaeus
1525 615 1638 666 Piso
1668 613 1802 679 ‘quo’
1846 614 2005 679 inquit

182 705 314 758 ‘loco
359 707 619 769 censebis,
665 707 888 756 Caesar?
947 706 989 756 si
1025 706 1242 770 primus,
1296 706 1493 757 habebo
1537 706 1670 772 quod
1709 721 1919 771 sequar,
1961 705 2005 756 si

185 804 299 864 post
334 799 523 861 omnis,
561 812 747 847 vereor
787 813 851 847 ne
888 797 1178 862 imprudens
1217 797 1539 849 dissentiam'.
1614 799 1871 849 Permotus
1907 798 2045 862 his,5

189 894 474 954 quantoque
531 888 778 938 incautius
831 887 1129 952 efferverat,
1186 888 1491 953 paenitentia
1530 889 1725 954 patiens
1768 889 1877 939 tulit
1915 889 2009 939 ab-

188 981 317 1031 solvi
350 977 491 1030 reum
531 979 821 1029 criminibus
860 979 1153 1029 maiestatis.
1226 980 1301 1030 De
1342 981 1571 1045 pecuniis
1612 980 1903 1046 repetundis
1944 979 2007 1031 ad

186 1071 554 1142 reciperatores
590 1070 709 1119 itum
750 1075 840 1121 cst.

106 1143 207 1217 75
329 1165 433 1215 Nec
471 1168 665 1229 patrum
718 1163 1096 1230 cognitionibus
1147 1163 1354 1213 satiatus
1410 1163 1611 1214 iudiciis
1658 1164 1924 1216 adsidebat
1959 1164 2011 1213 in

189 1270 346 1306 cornu
381 1255 663 1319 tribunalis,
703 1270 766 1306 ne
803 1259 1088 1319 praetorem
1127 1254 1284 1303 curuli
1325 1254 1623 1319 depelleret3
1662 1255 1913 1321 multaque
1948 1269 2077 1307 coto

190 1327 359 1397 coram
422 1346 667 1397 adversus
726 1346 962 1396 ambitum
1028 1351 1075 1396 et
1149 1345 1424 1410 potentium
1479 1361 1660 1411 preces
1725 1347 2009 1397 constituta.

189 1437 288 1489 Sed
332 1438 445 1488 dum
492 1437 690 1487 veritati
731 1436 1038 1499 consulitur,
1103 1436 1308 1486 libertas
1375 1437 1803 1502 corrumpebatur.
1880 1439 2014 1489 Inter

192 1542 318 1593 quae
345 1529 458 1579 Pius
486 1528 722 1579 Aurelius
757 1533 963 1579 senator
1001 1532 1203 1592 questus
1243 1527 1376 1578 mole
1411 1529 1644 1593 publicae
1677 1530 1792 1580 viae
1833 1529 2015 1580 ductu-

192 1632 288 1684 que
316 1633 554 1684 aquarum
584 1618 861 1671 labefactas
891 1618 1032 1669 aedis
1063 1634 1197 1682 suas,
1229 1619 1466 1669 auxilium
1502 1625 1696 1685 patrum
1726 1620 2010 1671 invocabat.

301 1812 342 1854 3.
379 1812 469 1853 CN.
504 1812 557 1854 M.
620 1813 659 1854 5.
697 1826 783 1853 oms
806 1825 902 1853 cum
921 1811 1086 1853 lineola
1109 1813 1162 1854 M.

198 1873 262 1912 11.
293 1886 472 1927 praeces
508 1875 559 1926 (a
590 1879 750 1925 puncto
784 1877 1001 1929 notatum)
1037 1873 1091 1913 M.

197 1932 263 1972 13.
298 1939 492 1984 quaestus
527 1934 578 1986 (a
609 1937 770 1985 puncto
804 1937 1021 1987 notatum)
1058 1932 1110 1973 M.

1228 1813 1268 1855 ὃ.
1295 1814 1526 1869 efferuemt
1549 1814 1601 1857 M.

1169 1874 1409 1915 constituta.

1665 1815 1706 1856 7.
1720 1814 1940 1870 peccuniis
1960 1813 2013 1855 M.

1475 1875 1578 1930 Sed]
1617 1876 1848 1915 constituas
1891 1881 1928 1915 et
1960 1874 2013 1915 M.

195 2126 302 2164 rium
338 2136 359 2162 a
394 2129 594 2175 praetore
629 2122 870 2178 cogendum
918 2129 1061 2163 trans-

197 2184 280 2223 lata
316 2188 395 2232 cst,
432 2189 474 2221 ut
501 2188 705 2236 quantum
732 2183 945 2235 pecuniae
980 2184 1060 2221 sti-

197 2242 430 2295 pendiariis
464 2240 726 2281 reddendum
770 2247 885 2281 esset
924 2244 1061 2282 aesti-

194 2307 394 2342 maretur.
452 2301 556 2341 lN'am
591 2302 619 2340 ii
654 2306 816 2340 tantum
850 2307 1061 2353 repetun-

195 2360 341 2400 darum
381 2361 444 2399 rei
471 2359 522 2399 ad
545 2366 687 2412 patres
721 2360 1059 2411 adducebantur,

195 2422 265 2473 qui
312 2418 516 2474 gravibus
566 2419 815 2459 criminibus
862 2421 1058 2460 obstricti

196 2479 472 2520 tenebantur.
510 2478 606 2518 vid.
630 2478 739 2518 Plin.
762 2478 901 2531 Epist.
921 2479 958 2519 lI
984 2481 1058 2520 11:

196 2538 363 2578 Marius
395 2538 565 2578 Priscus
598 2539 895 2578 accusantibus
922 2539 1059 2592 Afris,

196 2598 340 2650 quibus
369 2611 448 2651 pro
474 2597 643 2636 consule
664 2598 869 2651 praefuit,
906 2599 1060 2637 omissa

196 2657 438 2709 defensione
459 2657 521 2711 (in
548 2659 719 2711 senatu)
736 2656 896 2696 iudices
910 2658 1032 2711 petiit
1046 2671 1060 2695 .-

197 2730 269 2769 eyo
320 2722 358 2755 et
417 2715 639 2756 Cornelius
691 2716 855 2756 Tacitus
913 2716 1058 2756 adesse

193 2774 528 2829 proriucialibus
582 2775 686 2814 iussi
730 2775 1059 2815 existimavimus

192 2834 292 2885 fidei
316 2841 486 2873 nostrae
520 2835 745 2873 convenire
766 2841 909 2874 uotum
929 2848 1058 2874 sena-

198 2893 257 2931 tui
295 2895 441 2944 sacci-e
488 2894 713 2932 excessisse
750 2893 938 2932 Priscum
975 2894 1059 2932 im-

197 2952 400 2989 manitate
430 2958 467 2989 et
490 2952 670 2989 saevitia
693 2952 888 3000 crimina,
917 2952 1059 3003 quibus

200 3009 296 3048 (lari
328 3009 486 3048 iudices
504 3011 681 3062 possint,
721 3024 813 3050 cumr
846 3010 894 3049 ol)
928 3012 1059 3049 iuno-

200 3075 337 3108 centes
363 3069 717 3119 condemnandos,
745 3070 1060 3122 interficiendos

200 3130 346 3178 etima,
388 3129 594 3182 pecunias
634 3131 879 3183 accepisset.
943 3128 1057 3168 Idem

199 3185 253 3225 lv
274 3187 325 3227 9:
362 3189 521 3226 censuit
539 3187 719 3226 Baebius
742 3188 892 3228 Macci·
916 3187 1061 3227 consul

200 3246 441 3297 desi-qualus
475 3245 562 3298 [eye
595 3247 926 3299 repetundarum
950 3247 1061 3286 Bas-

199 3318 287 3343 sum
329 3304 486 3343 teneri:
549 3305 704 3358 Caepio
758 3306 884 3359 Ilispo
941 3305 1062 3344 salt-a

200 3362 401 3415 ‹Iiyteitaettaee
455 3361 520 3411 (b.
571 3377 607 3401 e.
658 3363 808 3402 ordine
842 3365 1059 3403 senatorio

199 3421 343 3476 Bassi)
380 3421 536 3460 iudices
571 3421 761 3470 dandos,
818 3422 855 3460 id
893 3429 953 3461 cst
990 3423 1059 3474 qni

201 3482 427 3532 pecuniam
482 3493 503 3519 a
550 3479 679 3518 Basso
747 3481 1057 3519 restituendam

201 3540 493 3579 aestimarent.
560 3538 623 3578 (Is.
662 3538 853 3579 eiusdem
893 3539 943 3577 x‘l
979 3539 1061 3578 29:

201 3599 324 3637 tuitus
357 3613 444 3639 sum
478 3598 631 3638 Iulium
655 3599 824 3638 Bassum
865 3605 904 3636 ut
940 3599 1063 3636 incu-

202 3657 394 3699 stoditum
445 3658 570 3700 nimis
629 3665 665 3701 et
714 3659 952 3711 itu-autum,
1004 3657 1065 3699 ila

1148 2124 1319 2165 minime
1359 2124 1542 2176 malum3
1590 2124 1797 2165 iudicibus
1832 2127 2017 2180 acceptis

1149 2184 1192 2222 in
1216 2190 1366 2223 senatu
1386 2185 1605 2224 remansit.
1642 2185 1846 2225 Severius
1874 2191 2014 2225 actum

1148 2243 1190 2281 in
1234 2256 1363 2283 causa
1393 2242 1545 2283 Baebii
1576 2244 1742 2285 Massae
1792 2257 1814 2283 a
1862 2251 2016 2285 senatu

1148 2301 1361 2342 damnati:
1413 2302 1524 2343 idem
1559 2302 1723 2343 Plinius
1759 2302 1835 2344 Vll
1867 2305 1939 2345 33.

1234 2387 1338 2441 Cap.
1375 2388 1444 2429 75.
1508 2390 1554 2429 in
1588 2404 1721 2430 cornu
1755 2390 2013 2431 tribunalis:

1146 2446 1201 2486 cs.
1226 2447 1307 2487 Dio
1343 2446 1455 2487 LVII
1485 2450 1523 2489 7.
1561 2450 1739 2489 Sueton.
1775 2449 1915 2490 Tiber.
1942 2451 2014 2491 33.

1144 2505 1356 2546 Adulator
1391 2507 1587 2548 Velleius
1615 2508 1650 2548 11
1676 2508 1780 2550 126:
1814 2515 2018 2549 revocata

1143 2565 1189 2604 in
1215 2567 1357 2618 forum
1380 2566 1511 2619 sides;
1546 2573 1586 2606 et
1612 2568 1714 2610 129:
1743 2581 1835 2607 cum
1858 2575 2018 2621 quanta

1142 2626 1354 2678 ⁴‹Jravitate
1385 2633 1430 2667 ut
1461 2633 1635 2666 senator
1669 2635 1707 2668 et·
1738 2627 1887 2679 iucleoe,
1930 2641 2019 2667 non

1142 2684 1402 2739 utprinceps
1435 2692 1473 2726 et
1493 2686 1672 2739 Caesar,
1710 2700 1862 2728 causas
1891 2701 2017 2742 pres-

1144 2744 1228 2783 sius
1262 2743 1393 2784 audit.

1232 2830 1338 2870 mole
1366 2830 1565 2885 publicae
1591 2832 1711 2871 viae:
1747 2830 1882 2871 moles
1919 2831 2017 2871 viae

1145 2888 1259 2929 haud
1294 2889 1470 2930 denotat
1506 2904 1608 2930 saxa
1642 2891 1838 2944 ingentia
1871 2892 1912 2929 in
1946 2891 2018 2930 via

1143 2948 1364 2989 transvehi
1402 2950 1558 2989 solita:
1612 2949 1652 2988 id
1688 2951 1802 2989 enini
1837 2961 2015 2989 numero

1144 3007 1433 3047 multitudinis
1487 3008 1751 3049 efferendum
1802 3015 1914 3059 crat,
1976 3014 2018 3048 et

1145 3066 1286 3107 obstat
1307 3069 1377 3121 qui
1400 3069 1594 3121 sequitur
1619 3067 1772 3107 ductus
1794 3080 2015 3121 aquarum,

1146 3124 1188 3164 h.
1225 3140 1262 3166 e.
1299 3139 1406 3178 opus
1452 3132 1673 3166 arcuatum
1719 3127 1909 3178 pondere
1946 3127 2015 3164 in-

1146 3197 1267 3236 gens.
1338 3186 1416 3225 via
1457 3184 1662 3238 gravibus
1707 3186 1820 3223 saxis
1870 3189 2014 3233 strata,

1148 3250 1330 3295 urgente
1374 3245 1501 3282 etiam
1546 3243 1658 3281 niolo
1703 3243 2014 3295 aquaeductus,

1146 3301 1398 3341 subsederat
1434 3302 1626 3353 proxime
1673 3301 1841 3339 (lonium
1884 3314 2016 3340 sena-

1148 3361 1250 3397 toris
1285 3359 1474 3409 Aurelii,
1512 3373 1650 3412 coque
1686 3360 1815 3399 eliani
1844 3359 2015 3399 aedium

1148 3418 1423 3457 fundamenta
1473 3420 1511 3456 in
1562 3418 1703 3457 fronte
1758 3418 2015 3458 labefactata

1147 3483 1258 3515 sunt.
1320 3476 1448 3516 Aliud
1492 3483 1555 3516 cst
1607 3477 1658 3516 (lc
1704 3489 1787 3529 quo
1823 3480 2016 3531 queritur

1149 3534 1312 3573 Plinius
1335 3535 1493 3585 l‘ancg.
1530 3536 1581 3576 51.
1625 3538 1666 3575 1:
1701 3550 1800 3580 uon,
1826 3544 1870 3577 ut
1900 3545 2014 3588 (crite,

1147 3595 1392 3634 rinmeam'um
1445 3597 1756 3635 transvectione
1813 3610 2015 3640 saxorum

1149 3653 1264 3696 urbis
1299 3660 1409 3697 tecta
1442 3655 1702 3710 quatiuntur.
