2222 4022
921 277 1067 320 CAvvr
1104 278 1288 323 14—16.
1859 271 2015 319 XXVII

191 428 444 475 servatam
480 424 589 490 ipse
626 424 930 492 significavit
968 424 1031 475 ΙΙΙ
1069 424 1163 475 65;
1222 423 1402 487 eoeequi
1446 420 1718 472 sententias
1764 419 1902 470 haud
1933 419 2018 468 in-

190 513 328 562 stitui
362 513 463 563 nisi
498 514 716 579 insiynes
747 530 844 579 per
882 515 1140 566 honestum
1178 519 1267 564 aut
1310 511 1520 562 notabili
1551 511 1794 562 dedecore
1811 525 1830 569 ‚·
1885 509 2019 576 quod

185 604 521 668 praecipuum
567 619 747 674 munus
802 606 1059 656 annalium
1096 620 1245 669 reor,
1284 620 1347 654 ne
1386 604 1596 654 virtutes
1633 601 1880 652 sileantur
1916 607 2011 654 cet.

190 695 256 745 lv
289 694 384 746 32:
421 709 564 743 nemo
595 678 804 745 annales
839 701 1041 745 nostros
1081 711 1190 745 cum
1219 694 1479 760 scriptura
1509 707 1684 742 eorum
1712 689 2018 741 contenderit

189 783 275 849 qui
317 789 514 834 veteres
563 786 742 850 populi
794 786 1008 836 Romani
1055 802 1138 836 res
1197 801 1536 850 composuere.
1634 784 1747 837 XIII
1798 775 1894 834 313
1950 797 2017 832 em

146 885 147 890 ’
191 867 426 942 diqnitate
462 877 641 940 populi
675 877 890 927 Romani
935 883 1189 946 repertum
1225 909 1289 918 -
1332 892 1414 927 res
1454 877 1692 926 inlustres
1727 872 2014 937 annalibus,
2073 919 2076 923 .

189 967 315 1018 talia
351 968 546 1017 diurnis
573 998 639 1006 --
665 968 791 1017 actis
830 969 1091 1019 mandare.
1148 970 1288 1030 Quae
1321 974 1523 1019 secutus
1544 967 1727 1018 Beatus
1744 965 2015 1018 Rhenanus

190 1148 395 1200 teolano
422 1155 696 1214 receptum,
733 1149 995 1199 Actionum
1036 1150 1145 1201 sive
1175 1153 1415 1200 Actorum
1446 1147 1751 1198 diurnalium
1778 1146 2019 1196 historiae

189 1239 479 1305 Auyustae,
537 1240 628 1290 sed
665 1240 796 1292 idem
835 1241 1046 1305 erravit,
1111 1257 1221 1292 cum
1261 1240 1528 1291 Annalium
1586 1253 1772 1289 nomen
1818 1237 2018 1304 utrique

191 1330 349 1381 Taciti
404 1332 547 1396 operi
589 1331 908 1397 praeposuit,
967 1330 1303 1381 Historiarum
1356 1329 1498 1380 libris
1546 1330 1710 1380 I———V
1767 1333 2017 1394 tamquam

189 1421 535 1474 XVII—XXI
571 1422 839 1471 Annalium
880 1421 1270 1472 connumeratis.
1356 1421 1540 1472 Verum
1581 1420 1644 1471 de
1682 1420 2016 1472 Historiarum

189 1512 395 1563 nomine
435 1517 551 1563 ante
587 1512 832 1566 vidimus:
888 1513 1113 1564 Annales
1153 1518 1318 1564 autem
1359 1517 1412 1562 ut
1453 1513 1757 1564 inscriberet
1808 1512 2016 1563 alteram

192 1608 242 1654 et
277 1603 551 1661 senectutis
590 1618 789 1667 curam,
831 1618 891 1654 ea
921 1603 1122 1654 videtur
1158 1609 1413 1668 permotus
1453 1618 1567 1654 esse
1603 1603 1829 1667 ratione,
1871 1617 2018 1668 quam

192 1694 400 1751 Verrius
427 1693 637 1745 Flaccus
670 1709 967 1759 quamquam
998 1709 1108 1744 cum
1149 1694 1313 1759 aliqua
1351 1693 2016 1759 dubitatione‘probaverat,

187 1789 241 1836 ut
273 1784 433 1836 refert
459 1784 647 1835 Gellius
673 1786 715 1836 V
757 1785 844 1836 18:
887 1784 1147 1834 historiam
1186 1783 1249 1834 ab
1290 1784 1558 1836 annalibus
1587 1784 1787 1850 quidam
1816 1781 2019 1850 differre

189 1890 248 1926 eo
280 1880 463 1941 putant
495 1876 660 1939 quod,
713 1891 822 1924 cum
862 1876 1229 1939 utrumquesit
1264 1891 1434 1928 rerum
1468 1882 1724 1941 qestarum
1761 1874 2013 1939 narratio,

193 1980 367 2016 earum
402 1971 566 2016 tamen
601 1966 814 2030 proprie
863 1982 1034 2017 rerum
1082 1967 1148 2016 sit
1190 1967 1435 2029 historia,
1511 1968 1689 2033 quibus
1731 1966 1882 2017 rebus
1931 1982 2022 2032 ye—

190 2054 361 2104 rendis
395 2055 679 2121 interfuerit
708 2056 751 2105 is
789 2056 874 2120 qui
907 2061 1095 2106 narret.
1170 2057 1396 2122 Eamque
1433 2073 1543 2107 esse
1580 2058 1863 2122 opinionem
1893 2074 2022 2124 quo-

190 2145 406 2195 rundam
436 2144 641 2195 Verrius
665 2145 878 2196 Flaccus
918 2147 1077 2211 refert
1103 2146 1155 2196 in
1193 2148 1321 2197 libro
1360 2149 1419 2198 de
1443 2148 1724 2214 siqnisicatu
1749 2149 2021 2201 verborum

189 2239 403 2298 quarto;
443 2251 506 2285 ac
545 2251 602 2285 se
633 2236 828 2300 quidem
861 2235 1093 2286 dubitare
1129 2252 1287 2301 super
1326 2253 1388 2288 ea
1410 2253 1467 2287 re
1502 2239 1634 2305 dicit,
1668 2255 1825 2305 posse
1857 2246 2022 2291 autem

188 2324 352 2375 videri
382 2330 531 2390 putat
568 2326 793 2376 nonnihil
832 2343 943 2377 esse
977 2329 1191 2378 rationis
1235 2329 1287 2377 in
1337 2344 1400 2379 ea
1437 2330 1699 2394 opinione,
1762 2331 1897 2396 quod
1940 2331 2023 2382 hi-

187 2414 355 2464 storia
391 2416 585 2466 Graece
623 2418 865 2483 siginific‘et
885 2435 1057 2471 rerum
1090 2420 1416 2486 cognitionem
1434 2422 1796 2485 praesentium.
1871 2424 2016 2475 Conf.

190 2505 398 2558 Servius
434 2508 499 2558 ad
539 2509 678 2576 Virg.
718 2510 846 2561 Aen.
888 2512 908 2562 I
948 2512 1074 2564 373:
1115 2512 1246 2562 inter
1284 2513 1548 2563 historiam
1596 2519 1642 2563 et
1676 2515 1886 2564 annales
1925 2515 2020 2565 hoc

191 2595 422 2646 interest:
479 2597 696 2648 historia
749 2606 825 2650 est
856 2617 1030 2653 eorum
1083 2608 1360 2668 temporum
1402 2619 1533 2668 quae
1572 2606 1654 2656 vel
1691 2605 1906 2656 vidimus
1940 2607 2022 2657 vel

188 2686 361 2736 videre
412 2688 698 2752 potuimus:
753 2693 965 2742 annales
1025 2708 1149 2744 cero
1198 2701 1317 2744 sunt
1363 2711 1536 2747 eorum
1574 2702 1851 2762 temporum
1888 2714 2019 2764 quae

190 2783 332 2828 aetas
369 2784 547 2829 nostra
580 2795 680 2829 non
717 2780 879 2845 novit,
933 2782 1064 2831 unde
1101 2781 1275 2832 Livius
1313 2799 1378 2832 ecc
1413 2784 1681 2835 annalibus
1720 2791 1768 2834 et
1801 2786 2019 2837 historia

189 2872 397 2918 constat.
471 2870 600 2920 Hinc
643 2872 894 2924 Iuvenalis
928 2874 969 2923 lI
1015 2875 1144 2925 102:
1183 2889 1266 2922 res
1301 2876 1627 2926 memoranda
1664 2877 1812 2927 novis
1848 2892 2016 2927 anna-

188 2954 318 3006 libus
361 2964 508 3023 atque
543 2962 731 3011 recenti
765 2963 840 3024 (h.
884 2979 927 3014 e.
970 2965 1130 3015 nostri
1167 2967 1434 3032 temporis)
1475 2967 1704 3019 historia.
1758 2971 1868 3021 Hoc
1908 2971 2018 3021 dis-

188 3047 412 3100 criminis
450 3050 719 3103 unum‘est
757 3069 854 3119 quo
895 3055 1051 3106 Taciti
1086 3056 1312 3108 Annales
1350 3059 1411 3108 ab
1455 3059 1692 3111 Historiis
1751 3060 2015 3112 differunt:

188 3138 376 3204 alioqui
413 3141 545 3192 idem
582 3144 823 3194 narrandi
863 3145 991 3196 ordo
1051 3152 1100 3197 et
1147 3148 1411 3213 dispositio
1469 3150 1683 3217 singulis
1738 3153 1883 3203 annis
1922 3170 2011 3204 ac-

189 3231 503 3282 commodata
543 3234 810 3301 utrobique
849 3238 1160 3302 agnoscitur,
1201 3254 1364 3304 neque
1400 3256 1521 3291 vera
1561 3247 1676 3292 sunt
1718 3257 1846 3307 quae
1886 3244 2013 3293 Nie-

186 3319 394 3371 buhrius
434 3322 485 3371 in
526 3329 949 3379 commentatione
986 3334 1102 3379 ante
1138 3331 1393 3381 nominata
1437 3332 1499 3382 (le
1538 3333 1798 3398 utriusque
1839 3336 2008 3400 operis

188 3409 471 3463 differentia
525 3413 810 3479 disputavit.
885 3419 1007 3469 Stilo
1056 3425 1220 3470 autem
1274 3421 1511 3471 differunt
1549 3421 1774 3492 Annales
1824 3426 1886 3476 ab
1922 3427 2014 3477 Hi-

188 3503 359 3554 storiis
398 3504 506 3557 fere
548 3505 646 3570 ita,
707 3511 762 3557 ut
796 3508 1053 3560 Historiae
1100 3526 1126 3561 a
1164 3511 1369 3578 dialogo
1412 3513 1474 3563 de
1515 3514 1831 3580 oratoribuS,
1873 3516 2010 3567 scri-

186 3590 357 3657 ptione
381 3590 603 3647 iuvenili.
661 3590 785 3649 Nam
811 3594 861 3648 in
885 3594 1119 3650 Historiis
1154 3596 1370 3669 insignis
1403 3593 1562 3655 ardor
1592 3606 1669 3657 est
1709 3603 1765 3658 et.
1783 3603 2004 3676 ubertas,
