2280 4004
223 283 319 329 8441
1004 279 1298 326 ANNALivm
1796 294 1836 324 a.
1845 290 1859 304 ¹
1869 291 1916 326 u.
1947 280 2055 328 815.

644 540 862 630 LIBER
922 568 1236 645 va‘rvs
1297 567 1632 644 ossclMVS.

745 892 1266 955 BREVIARIVM·
1307 893 1534 947 LIBRI.

395 1043 501 1102 Cap.
539 1045 698 1089 1—-22,
761 1043 882 1086 Anni
912 1042 1168 1099 sexagesimi
1198 1041 1376 1084 secundi
1406 1055 1476 1083 res
1509 1048 1712 1083 externae
1744 1054 1798 1085 ac
1828 1037 2064 1086 nonnullae

225 1119 484 1163 domesticae
517 1118 838 1159 continuantur.
916 1115 1134 1171 Vologeses
1179 1114 1362 1156 Parthus
1408 1113 1561 1156 bellum
1601 1115 1830 1159 meditatur
1861 1115 2066 1163 adversus

232 1192 459 1250 Tiqranem
489 1191 725 1235 Armeniae
756 1204 901 1247 reqem
933 1203 960 1230 a
995 1190 1201 1232 Romanis
1231 1189 1472 1245 impositum
1504 1188 1672 1247 (1—2).
1736 1188 1776 1230 A
1825 1189 2065 1232 Corbulone

160 1302 162 1306 .
227 1274 273 1310 et
298 1267 455 1322 Syriae
486 1265 742 1322 provinciae
774 1270 815 1306 et
845 1263 1080 1305 Armeniae
1112 1274 1245 1318 reqno
1274 1262 1514 1318 provisum,
1548 1262 1619 1317 qui
1646 1263 1839 1317 ‘quamvis
1868 1262 2067 1305 secundis

225 1342 351 1384 rebus
384 1347 526 1394 tamen
555 1337 863 1381 moderandum
893 1339 1096 1392 fortunae
1127 1343 1248 1378 ratus
1281 1350 1375 1378 cum
1404 1335 1604 1391 Voloqese
1620 1336 1812 1379 indutias
1829 1337 2069 1393 paoiaeeitm·

226 1416 395 1474 (3———5).
447 1412 711 1456 Caesennius
743 1410 897 1454 Paetus
921 1410 1157 1453 Armeniae
1192 1409 1374 1451 tuendae
1405 1410 1555 1451 missus
1587 1415 1626 1450 et
1658 1408 1812 1451 bellum
1835 1409 2066 1467 propalam

225 1502 255 1530 a
286 1486 458 1530 Parthis
488 1492 708 1542 sumptum.
768 1484 881 1526 Dum
907 1482 1090 1525 Corbulo
1116 1483 1272 1538 Syriae
1299 1483 1569 1541 provinciae,
1601 1496 1704 1524 suae
1735 1483 1961 1527 securitati
1990 1495 2068 1526 sa-

222 1560 394 1618 pienter
424 1557 620 1610 consulit,
654 1557 808 1600 Paetus
839 1557 1092 1599 Armeniam
1120 1556 1355 1612 improvide
1385 1555 1580 1609 intravit,
1611 1556 1828 1613 imperitia
1856 1556 1924 1598 rei
1951 1554 2071 1599 mili-

229 1633 353 1686 taris,
390 1631 675 1689 trepidatione
707 1630 856 1684 animi,
889 1629 1071 1672 notabili
1101 1629 1396 1672 inconstantia
1427 1643 1518 1671 rem
1552 1630 1796 1672 Romanam
1827 1629 2070 1686 afflictavit,

150 1716 190 1745 ,·;
225 1713 439 1765 postremo
468 1719 579 1762 pace
612 1718 641 1746 a
681 1703 883 1760 Voloqese
909 1705 1115 1760 precario
1146 1705 1377 1760 impetrata
1407 1703 1585 1745 decessit
1626 1702 1837 1745 Armenia
1868 1702 2068 1759 (3-16),

228 1781 358 1823 Paeto
393 1794 488 1822 cum
520 1779 711 1821 exercitu
743 1777 1006 1833 reqredienti
1038 1777 1221 1819 Corbulo
1255 1777 1399 1820 obvius
1432 1777 1490 1818 ad
1521 1777 1663 1832 ripam
1701 1776 1942 1833 Euphratis
1977 1788 2072 1819 cum

231 1869 306 1901 suo
337 1853 484 1896 milite.
550 1851 594 1895 Is
626 1866 654 1894 a
695 1851 897 1908 Voloqese
936 1851 1116 1894 obtinuit
1155 1857 1202 1892 ut
1234 1849 1433 1893 Armenii
1462 1851 1635 1892 interim
1677 1851 1768 1892 sine
1800 1850 1964 1894 arbitro
1995 1864 2073 1895 re-

229 1928 541 1983 linquerentur,
573 1925 664 1982 ipse
696 1924 877 1967 castella
911 1931 1033 1967 trans
1055 1924 1313 1980 Euphraten
1338 1923 1526 1967 detraxit
1547 1924 1777 1980 (16-17).
1827 1923 1886 1967 At
1908 1925 2074 1967 Romae

226 2009 411 2058 tropaea
441 2000 493 2042 de
526 1999 698 2042 Parthis
731 2011 955 2054 arcusque.
1018 1998 1101 2041 Rei
1130 1998 1446 2053 frumentariae
1486 2004 1621 2040 status
1654 1998 1765 2055 (18).
1829 1997 2070 2041 simulatae

229 2074 479 2131 adoptiones
513 2072 796 2130 prohibentur
830 2072 941 2131 (19).
1025 2071 1255 2114 Decretum
1285 2085 1340 2113 ne
1372 2072 1464 2127 quis
1498 2071 1556 2113 ad
1597 2070 1827 2114 concilium
1856 2071 2071 2114 sociorum

231 2151 431 2206 referret,
460 2146 652 2203 aqendas
683 2146 799 2203 apud
821 2152 1014 2188 senatum
1039 2145 1276 2187 rectoribus
1298 2145 1622 2201 provinciarum
1641 2153 1809 2202 yrates3
1841 2143 2071 2197 nobilitata

226 2237 308 2280 per
340 2235 435 2264 eam
466 2220 735 2263 occasionem
759 2219 974 2261 Thraseae
1005 2219 1218 2261 sententia
1249 2225 1290 2260 et
1312 2217 1567 2274 eloquentia.
1614 2218 1821 2276 Prodiqia
1842 2215 2070 2266 nonnulla.

234 2296 444 2354 Oppidum
476 2294 650 2351 Pompei
679 2300 794 2335 motu
830 2300 973 2335 terrae
1004 2306 1165 2348 mayna
1197 2307 1249 2334 eoe
1276 2299 1404 2348 parte
1431 2293 1602 2348 proruit
1634 2294 1875 2350 (20—22).

400 2367 506 2424 Cap.
539 2368 731 2411 23—32.
795 2366 947 2408 Annus
979 2379 1007 2407 a
1041 2365 1210 2407 Christo
1240 2366 1529 2422 seoeaqesimus
1561 2368 1733 2419 tertius,
1779 2365 1966 2409 Neronis
1998 2365 2076 2409 de-

233 2439 379 2493 cimus,
411 2438 612 2496 publicae
642 2439 852 2494 infamiae
880 2453 1015 2495 prope
1048 2439 1259 2480 immunis.
1325 2438 1485 2481 Natam
1515 2438 1596 2480 sibi
1628 2453 1681 2480 ex
1713 2439 1914 2495 Poppaea
1939 2438 2078 2493 filiam

232 2513 350 2555 ultra
379 2513 559 2555 mortale
588 2512 793 2568 gaudium
825 2511 919 2554 tulit
952 2512 1169 2568 princeps.
1239 2511 1428 2553 Thrasea
1463 2511 1704 2568 prohibitus
1745 2525 1774 2553 a
1818 2511 2079 2555 salutatione

236 2583 442 2628 Caesaris
494 2586 638 2627 animo
678 2585 890 2641 intrepido
943 2585 1244 2626 contumeliam
1284 2585 1542 2628 imminentis
1586 2585 1731 2626 caedis
1771 2585 2079 2641 praenuntiam

237 2660 417 2715 excepit.
485 2659 640 2714 Infans
664 2659 927 2714 principalis
958 2673 1057 2699 mom
1094 2660 1283 2699 extincta
1313 2659 1424 2716 (23).
1491 2658 1644 2714 Leyati
1686 2658 1942 2702 Parthorum
1982 2658 2080 2703 dum

235 2732 445 2775 mandata
484 2733 601 2787 reqis
657 2730 870 2786 Voloqesis
913 2732 1123 2787 afferunt,
1171 2745 1296 2773 verus
1349 2731 1587 2773 Armeniae
1624 2739 1759 2774 status
1806 2731 2076 2789 intelligitur.

237 2804 332 2849 Iam
366 2804 550 2848 Corbulo
580 2805 768 2862 =qerendo
802 2805 1006 2847 adversus
1048 2804 1280 2861 Voloycsen
1322 2811 1362 2847 et
1406 2805 1625 2846 Tiridaten
1670 2805 1776 2847 bello
1808 2805 2076 2862 praeficitur,

237 2880 489 2923 Armeniam
519 2878 764 2935 inyreditur
801 2885 912 2921 tutus
949 2879 1081 2935 copiis
1114 2878 1383 2935 et,provisu‚·
1427 2893 1505 2934 quo
1543 2878 1735 2936 perculsi
1776 2877 1997 2936 Vologeses
2041 2885 2081 2922 et

244 2953 454 2997 Tiridates
486 2951 648 3009 leqatos
675 2953 874 3005 mittunt,
909 2952 1183 3007 colloquium>
1193 2959 1386 3009 poscunt.
1440 2952 1652 2996 Placitum
1676 2967 1838 3010 ponere
1864 2952 2083 2996 Tiridaten

236 3027 353 3084 apud
382 3028 563 3083 effiqiem
589 3026 802 3083 principis
828 3026 995 3082 insiqne
1029 3027 1207 3081 reyium,
1238 3040 1319 3067 nec
1350 3027 1436 3067 nisi
1467 3041 1600 3069 manu
1632 3027 1816 3070 Neronis
1847 3041 2076 3074 resumere.

243 3101 451 3144 Tiridates
493 3100 594 3142 visis
640 3106 740 3141 ante
778 3099 988 3154 fratribus
1039 3098 1239 3154 Voloqese
1283 3106 1322 3140 et
1362 3097 1527 3141 Pacoro
1577 3100 1661 3141 iter
1696 3101 1742 3141 in
1787 3099 1934 3142 urbem
1973 3100 2080 3156 adit,

238 3173 473 3217 Armeniae
504 3186 683 3230 reqnum
715 3185 744 3214 a
767 3173 966 3229 principe
1003 3179 1258 3229 precaturus
1291 3173 1520 3230 (24—31).
1585 3172 1750 3215 Eodem
1783 3185 1898 3214 anno
1930 3173 2080 3216 natio-

237 3258 312 3289 nes
332 3246 504 3304 Alpium
532 3247 850 3289 maritimarum
880 3247 926 3288 in
958 3247 1023 3288 ius
1046 3246 1164 3288 Latii
1196 3246 1451 3288 translatae.
1502 3245 1763 3302 Spectacula
1788 3246 2078 3302 yladiatorum

238 3319 461 3364 celebrata
471 3335 487 3374 ,-
518 3321 706 3376 feminae
737 3319 923 3362 illustres
956 3327 995 3362 et
1026 3326 1273 3362 senatorum
1299 3320 1446 3376 plures
1479 3334 1618 3362 arena
1649 3319 1813 3375 foedati
1845 3321 1960 3378 (32).

407 3394 512 3450 Cap.
552 3395 743 3437 33—-47,
808 3393 961 3435 Annus
993 3407 1021 3435 a
1055 3392 1224 3435 Christo
1264 3395 1552 3449 seoeayesimus
1595 3401 1792 3448 quartus,
1836 3394 1961 3436 rebus
2001 3392 2081 3435 do-

237 3467 423 3510 mesticis
456 3481 510 3509 ac
536 3469 771 3524 praecipue
817 3467 1022 3510 Caesaris
1064 3468 1238 3523 flayitiis
1280 3467 1481 3523 repletus.
1545 3468 1660 3509 Nero
1704 3467 1889 3524 Neapoli
1913 3465 2082 3523 promi-

239 3555 387 3584 scuam
436 3555 610 3584 scenam
655 3541 816 3583 incedit
869 3541 1154 3582 citharoedus.
1216 3541 1448 3583 Beneventi
1495 3540 1802 3597 yladiatorium
1852 3551 2002 3581 munus
2052 3551 2083 3581 a

253 3611 426 3657 Vatinio
461 3615 617 3657 editum
648 3615 739 3657 adit
780 3629 834 3657 ac
874 3629 928 3656 ne
960 3616 1074 3658 inter
1116 3613 1352 3670 voluptates
1385 3614 1551 3668 quidem
1592 3608 1763 3656 cessans
1794 3627 1823 3654 a
1851 3610 2083 3654 sceleribus

249 3686 502 3748 Torquatum
530 3687 731 3737 Silanum
759 3688 871 3735 mori
901 3688 1038 3750 adigit
1069 3687 1318 3749 (33—35).
1382 3687 1488 3736 Mox
1521 3684 1678 3735 ‘urbem
1707 3677 1878 3746 revisit,
1922 3686 2006 3732 iter
2035 3684 2084 3733 in
