2280 4004
203 1741 216 1745 ··
275 1733 465 1772 correxit
497 1729 754 1772 Beroaldus.

268 266 360 320 θῇ
1034 274 1040 282 ’
1059 265 1354 314 ANNALWM
1842 282 1882 314 a.
1914 275 1959 316 n.
1981 267 2094 317 178.

411 410 631 462 Auditae
672 407 856 459 dehinc
890 407 1412 462 Lacedaemoniorum
1461 414 1510 460 et
1546 410 2098 482 Messeniorumlegae
2112 412 2183 463 43

272 502 438 552 tiones
477 500 540 551 de
576 500 686 550 iure
724 498 894 565 templi
924 499 1118 551 Dianae
1157 499 1469 564 Limnatidis,
1507 501 1641 567 quod
1682 502 1788 554 suis
1825 504 2100 566 a'maiori-

272 593 366 644 bus
400 606 591 657 suaque
628 592 679 641 in
715 595 850 641 terra
883 590 1520 664 dicatumzLacedaemonii
1558 592 1823 645 firmabant
1849 594 2100 648 annalium

273 683 516 733 memoria
553 686 823 748 vatumque
863 664 1197 746 carminibuS,
1251 682 1341 733 sed
1378 683 1676 735 Macedonis
1711 684 1949 752 Philippi,
1988 701 2100 737 cum

234 786 371 840 aquo
419 772 725 838 bellassent,
790 773 942 824 armis
993 773 1307 839 ademptum,
1369 790 1432 827 ac
1480 779 1597 841 post
1634 774 1727 826 Gai
1765 776 2000 828 Caesaris
2052 781 2103 828 et

270 866 430 917 Marci
473 865 682 916 Antonii
719 866 971 916 sententia
1023 864 1291 915 redditum.
1376 865 1562 917 Contra
1600 866 1840 918 Messenii
1876 871 2100 919 veterem

271 957 403 1008 inter
450 956 683 1008 Herculis
759 961 995 1022 posteros
1065 957 1368 1008 divisionem
1426 957 1762 1024 Peloponnesi
1827 959 2100 1026 protulere,

278 1063 473 1114 suoque
493 1048 604 1115 regi
622 1047 991 1099 Dentheliatem
1016 1063 1210 1115 agrum,
1250 1049 1302 1098 in
1329 1063 1427 1115 quo
1452 1049 1502 1100 id
1532 1049 1810 1116 delubrum,
1854 1051 2101 1115 cessisse3

271 1140 682 1205 monimentaque
722 1139 830 1190 eius
867 1139 943 1190 rei
981 1139 1174 1206 sculpta
1211 1141 1350 1191 saxis
1398 1146 1446 1192 et
1499 1157 1620 1193 aere
1666 1142 1837 1208 pr1sco
1876 1158 2099 1195 manere.

198 1248 259 1284 -ιο
275 1231 469 1293 Quodsi
507 1235 703 1295 vatum,
742 1230 995 1282 annalium
1034 1230 1096 1281 ad
1139 1231 1428 1283 testimonia
1465 1238 1744 1299 vocentur,
1796 1233 1968 1300 plures
2005 1233 2102 1285 sibi

275 1340 335 1374 ac
377 1323 736 1389 locupletiores
777 1337 910 1373 esse.
983 1323 1158 1388 Neque
1192 1322 1465 1389 Philippum
1490 1325 1712 1389 potentia
1748 1325 1840 1376 sed
1878 1341 1944 1377 ex
1976 1339 2101 1376 vero

274 1414 528 1465 statuisse.
619 1413 756 1463 Idem
807 1413 949 1480 regis
996 1412 1271 1479 Antigoni,
1334 1413 1467 1464 idem
1527 1414 1846 1480 imperatoris
1881 1414 2102 1468 Mummii

274 1504 530 1555 iudicium.
617 1504 701 1556 Sic
737 1503 962 1555 Milesios
1002 1504 1253 1569 permisso
1307 1504 1508 1569 publice
1552 1505 1793 1570 arbitrie,
1845 1509 2102 1572 postremo

394 1673 431 1713 1.
466 1671 608 1713 audite
640 1671 695 1713 M.
760 1673 802 1714 2.
838 1671 1090 1713 liminatidis
1112 1671 1180 1713 M:
1215 1673 1406 1712 correxit
1436 1671 1623 1726 Lipsius.
1685 1673 1728 1715 4.
1763 1686 1936 1727 velinque
1972 1672 2010 1715 b.
2039 1672 2102 1714 M:

830 1731 870 1773 5.
909 1731 1106 1786 adeptum
1138 1732 1191 1772 Μ.
1279 1731 1326 1772 C.
1363 1731 1416 1772 Μ.
1509 1732 1550 1774 6.
1589 1731 1649 1774 M.
1683 1731 1739 1774 M.
1834 1732 2015 1773 messem?
2044 1731 2099 1773 Μ.

274 1792 313 1832 7.
350 1791 544 1833 hercules
579 1790 634 1831 M.
719 1789 1001 1845 Peloponnesi
1030 1790 1086 1842 M,
1119 1802 1206 1831 non
1235 1790 1439 1831 Beroaldi
1473 1790 1756 1846 Peloponessi.
1834 1789 1878 1833 8.
1911 1790 2103 1832 recident

273 1850 473 1892 loeliatem
504 1850 569 1890 M:
605 1850 795 1890 correxit
825 1849 1012 1902 Lipsius,
1106 1849 1147 1892 9.
1182 1850 1268 1890 reis
1304 1848 1430 1905 culpa
1461 1850 1529 1890 M:
1564 1855 1806 1891 correctum
1839 1850 1885 1890 in
1905 1848 2103 1891 Beroal-

275 1910 390 1950 dina.
533 1910 600 1950 11.
632 1907 921 1964 locupletioris
954 1909 1010 1950 M.
1151 1910 1219 1954 12.
1257 1909 1450 1950 Mummii
1481 1909 1543 1962 M,
1578 1921 1665 1951 non
1695 1908 1899 1951 Beroaldi
1934 1908 2100 1951 Mumii.

279 1970 348 2012 13.
381 1969 576 2011 iuditium
605 1968 660 2010 M.
728 1966 928 2024 publicae
958 1968 1014 2009 M.
1102 1974 1289 2023 postrem
1320 1967 1375 2010 M.

363 2107 469 2164 Gap.
491 2110 564 2152 43.
633 2109 843 2151 Limnatis
875 2109 1015 2151 Diana
1048 2101 1143 2151 ἀπὸ

270 2168 370 2213 ,τῶν
410 2170 590 2228 λιμνῶν
626 2171 935 2225 cognominata
969 2174 1062 2221 est3
1105 2181 1147 2210 V.

276 2228 460 2271 Pausan.
498 2228 557 2270 IV
590 2230 645 2270 31
678 2231 736 2271 3:
788 2231 885 2273 ἔστι
927 2227 976 2271 δὲ
1018 2229 1068 2273 ἓν
1098 2227 1150 2286 τῇ

275 2293 520 2346 μεσογαίῳ
551 2287 669 2347 κόμη
688 2287 916 2347 Καλάμαι
945 2290 1023 2330 καὶ
1059 2290 1149 2329 Λί-

275 2363 398 2404 μναι
420 2351 624 2404 χωρίον·
662 2349 711 2391 ἐν
742 2348 790 2390 δὲ
815 2345 939 2403 αὐτῷ
956 2347 1149 2403 Λιμνά-

279 2406 409 2454 τιδος
434 2407 564 2463 ἱερόν
584 2408 683 2449 ἐστι
698 2407 981 2465 Ἀρτέμιδος.
1015 2405 1150 2447 Prae-

280 2471 345 2506 ter
376 2465 460 2506 hoc
491 2466 783 2507 Messenicum
823 2465 942 2507 aliud
981 2464 1149 2506 Dianae

279 2524 532 2566 Limnatidis
546 2525 787 2567 Achaicum
812 2524 1020 2579 templum
1035 2523 1149 2565 Pau-

279 2585 421 2624 sanias
468 2589 678 2625 memorat
722 2583 797 2624 VII
842 2585 899 2627 20
931 2587 982 2635 43
1031 2582 1148 2624 conf.

281 2642 433 2683 Strabo
469 2642 568 2683 VIII
599 2643 628 2684 4
657 2643 684 2685 9
716 2655 815 2697 pag.
841 2642 943 2693 362,
981 2641 1035 2682 VI
1067 2644 1088 2683 1
1122 2641 1149 2683 6

280 2713 380 2757 pag.
415 2701 515 2745 257.

291 2800 297 2809 .
366 2759 683 2802 Denthaliatem
720 2773 896 2815 agrum:
942 2760 985 2800 in
1020 2758 1149 2800 exhi-

279 2819 422 2861 benda
464 2818 545 2861 hac
586 2818 725 2860 forma
767 2819 940 2873 Lipsius
985 2818 1149 2859 codicis

279 2879 319 2920 M
374 2879 565 2934 vestigia
620 2891 771 2932 presse
822 2883 998 2920 secutus
1059 2883 1148 2919 est:

281 2951 377 2978 nam
412 2939 454 2978 in
496 2938 587 2978 reci
628 2950 703 2991 pro
744 2940 837 2992 regi
870 2938 1149 2979 commutatio

282 2997 524 3039 litterarum
559 2995 592 3037 G
622 3002 665 3037 et
687 2995 719 3037 C
754 3011 807 3039 ex
843 2999 1020 3051 antiqua
1045 3009 1150 3050 spe-

283 3057 351 3097 cie
399 3069 545 3097 earum
585 3063 679 3097 orta
722 3062 802 3098 est.
867 3056 913 3098 ln
963 3056 1149 3095 nominis

282 3115 599 3157 Denthaliatem
616 3120 738 3170 parte
752 3115 889 3158 altera
906 3120 1150 3168 promptum

284 3180 350 3216 est
383 3187 625 3230 agnoscere
658 3175 730 3229 ἕλη
759 3176 853 3217 sive
881 3173 1076 3230 paludes,
1107 3174 1150 3213 in

284 3234 440 3287 quibus
483 3234 601 3276 culta
641 3234 781 3277 Diana
813 3233 1047 3275 Palustris:
1098 3231 1151 3272 de

283 3293 428 3345 priore
452 3293 558 3334 mihi
580 3306 666 3335 non
691 3293 845 3349 liquet.
881 3291 1151 3346 Stephanus:

281 3352 634 3404 Δελθᾶνιοι,
693 3355 854 3403 πόλις,
918 3357 1005 3409 μία
1062 3355 1153 3393 τῶν

283 3411 618 3469 περιμαχήτων
639 3415 924 3465 Μεσσηνίων
946 3413 1023 3453 καὶ
1049 3413 1153 3454 Ace-

270 3470 616 3527 κεδαιμονίων.
683 3470 807 3523 Quod
846 3470 995 3511 dicunt
1041 3481 1153 3509 non-

283 3527 394 3569 nulli
407 3529 630 3581 postulare
643 3531 802 3571 seriem
817 3528 1153 3585 alphabeticam,

286 3591 332 3626 ut
363 3586 577 3643 scribatur
597 3588 867 3643 Δενθάνιοι,
892 3599 979 3630 non
1003 3599 1155 3631 verum

289 3650 369 3691 est.
776 3677 778 3680 -
1006 3652 1013 3659 '

1324 2108 1540 2164 Erycum:
1575 2109 1714 2151 forma
1750 2109 1901 2151 Latina
1935 2113 2001 2150 est
2028 2117 2104 2163 pro

1233 2167 1397 2210 Graeca
1416 2168 1616 2224 Erycem.
1671 2167 1835 2210 Eadem
1869 2168 2005 2208 utitur
2029 2167 2107 2209 Ci-

1232 2241 1334 2269 cero
1392 2229 1436 2268 in
1494 2229 1621 2271 Verr.
1671 2226 1747 2270 lib.
1796 2227 1834 2268 11
1873 2226 1902 2269 8
1945 2232 1988 2268 et
2031 2227 2105 2269 47.

1230 2286 1371 2328 Etiam
1407 2286 1520 2340 apud
1541 2286 1716 2329 Florum
1749 2285 1788 2328 11
1819 2289 1847 2329 2
1883 2287 1937 2329 12
1963 2285 2107 2327 bonae

1231 2352 1362 2387 notae
1385 2345 1560 2387 codices
1579 2346 1726 2398 Eryco
1749 2344 1987 2399 praebent,
2017 2356 2105 2386 non

1231 2405 1391 2459 Eryce.
1485 2404 1601 2446 laeta
1627 2404 1819 2445 Tiberio.-
1841 2402 1960 2445 lutus
1985 2404 2101 2445 enlm
2136 2404 2143 2454 ξ

1232 2463 1347 2505 filius
1388 2465 1593 2516 Aeneae,
1640 2464 1709 2504 cui
1759 2467 1896 2504 mater
1940 2462 2141 2520 Venus‚g

1232 2529 1384 2564 auctor
1417 2524 1563 2579 gentis
1595 2522 1758 2574 Iuliae,
1796 2522 1840 2562 in
1871 2533 1998 2576 quam
2031 2520 2137 2562 Ti-f

1231 2582 1378 2623 berius
1411 2581 1647 2636 adoptione
1680 2581 1924 2622 transierat.
1977 2576 2129 2632 Conf.;l

1233 2641 1371 2683 Strab.
1417 2640 1516 2682 XIV
1560 2642 1588 2684 2
1635 2640 1716 2683 19:
1766 2638 1820 2693 ἦν
1865 2639 1915 2682 δὲ
1956 2642 2034 2683 καὶ
2081 2639 2125 2689 ἧί

1233 2699 1531 2758 ιῖναδυομίνη
1566 2699 1821 2757 Ἀφροδίτη
1875 2699 1951 2754 (in
2000 2685 2127 2755 urbel¹

1233 2758 1462 2815 Com-um),
1496 2759 1520 2813 ἢ
1553 2759 1639 2803 νῦν
1667 2759 1906 2804 α’νακεῖιαι
1928 2759 1990 2813 τῷ
2012 2758 2107 2812 θεῷ
2125 2756 2131 2780 ⁴

1231 2822 1446 2872 Καίσαρι
1475 2820 1525 2863 ἐν
1547 2817 1715 2876 Ῥώμῃ,
1757 2819 1838 2862 τοῦ
1863 2815 2106 2871 Σεβαστοῦ

1234 2876 1492 2928 ἀναθέντος
1509 2878 1572 2935 τῷ
1590 2881 1732 2936 πατρὶ
1754 2876 1835 2931 τὴν
1857 2874 2108 2934 ἄρχηγέην
2138 2919 2141 2922 ⁴

1234 2938 1317 2981 τοῦ
1350 2941 1518 2993 γένους
1549 2935 1708 2980 αὐτοῦ.
1771 2934 1877 2978 Inde
1908 2933 2137 2979 Tiberius

1236 2997 1420 3038 Veneris
1455 2997 1808 3051 consanguineus
1846 2994 1992 3036 statim
2025 3005 2133 3047 rip-5

1235 3055 1437 3109 pellatur,
1471 3056 1546 3097 sed
1580 3067 1665 3096 non
1699 3056 1794 3096 sine
1824 3052 1970 3108 aliqua
2005 3042 2130 3144 iffi-⁵)

1234 3117 1375 3157 sione.
2106 3136 2111 3142 .

1343 3171 1447 3227 Cap.
1500 3175 1572 3215 44.
1635 3184 1761 3227 super
1810 3168 2108 3217 consulatum.-

1236 3231 1374 3288 gessit
1407 3231 1679 3273 consulatum
1711 3243 1751 3272 a.
1770 3228 1870 3272 736.
1905 3227 1990 3271 Dio
2014 3227 2108 3270 LIV

1240 3293 1309 3334 12.
1373 3290 1490 3332 Idem
1523 3289 1723 3331 laudatur
1755 3287 1771 3330 l
1805 3288 1880 3331 27.

1323 3364 1420 3405 opes
1469 3350 1723 3390 innocenter
1769 3353 1963 3403 partae.-
2013 3346 2108 3386 sive

1239 3416 1395 3463 sponte
1416 3421 1495 3450 sua
1517 3409 1612 3450 sive
1633 3405 1931 3461 imprudenter
1951 3410 2109 3458 partae

1240 3481 1315 3522 pro
1344 3474 1530 3524 paratae
1553 3481 1578 3509 a
1601 3467 1745 3520 Ljpsio
1773 3468 1921 3505 contra
1945 3460 2108 3502 codicis

1241 3529 1545 3569 auctoritatem
1606 3525 1846 3580 profectum
1915 3525 1981 3561 est
2033 3518 2110 3573 (in

1246 3586 1533 3628 Rhenaniana
1574 3598 1612 3626 a.
1659 3582 1773 3624 1544
1815 3585 1947 3634 palae
2001 3582 2109 3635 est),

1245 3639 1388 3691 cert&
1415 3656 1582 3692 verum,
1619 3641 1696 3687 ille
1751 3637 1961 3698 reposuit.
2024 3637 2111 3686 Sed
2185 3698 2194 3705 ν
