2280 4004
246 300 273 330 a
305 287 352 332 C.
389 288 457 332 17.

849 282 1014 327 LIBER
1042 283 1094 327 n.
1158 280 1265 326 cir.
1298 283 1489 329 41—42.

1983 284 2073 329 125

247 430 346 482 tios
382 430 569 481 viritim
611 428 778 493 dedit,
817 442 974 494 seque
1014 426 1264 494 collegam
1307 424 1589 477 consulatui
1629 424 1737 477 eius
1780 424 2067 477 destinavit.

246 522 352 574 Nec
390 521 508 573 ideo
545 521 778 573 sincerae
819 519 1044 570 caritatis
1083 517 1233 569 fidem
1273 517 1562 582 adsecutus,
1600 515 1798 568 amoliri
1834 516 2070 569 iuvenem

247 613 421 679 specie
470 612 681 663 honoris
733 611 935 675 statuit,
991 609 1270 675 struxitque
1319 624 1500 661 causas
1561 613 1645 661 aut
1692 608 1825 659 forte
1876 607 2069 660 oblatas

247 704 471 770 arripuit.
543 704 653 755 Rex
687 702 970 753 Archelaus
1021 702 1491 768 quinquagesimum
1528 699 2071 766 01111111110011110110010

243 793 559 859 potiebatur,
611 792 806 844 invisus
840 792 1091 856 Tiberim·
1133 791 1267 856 quod
1309 807 1421 842 eum
1456 790 1623 843 Rhodi
1655 795 1894 867 *agentem
1933 789 2113 843 nullos

247 883 416 937 officio
466 883 725 935 coluisset.

799 883 906 934 Nec
942 882 994 932 id
1034 882 1318 933 Archelaus
1355 896 1447 947 per
1489 881 1775 948 superbiam
1813 882 2071 947 omiserat,
2139 940 2142 942 ,

245 975 338 1028 sed
376 976 438 1026 ab
474 974 661 1026 intimis
698 973 915 1040 Augusti
965 973 1212 1037 1110111103,
1277 973 1392 1038 quia
1430 973 1645 1024 florente
1684 972 1810 1025 Gaio
1852 972 2074 1024 Caesare

243 1067 502 1131 missoque
541 1065 605 1115 ad
656 1078 741 1115 res
783 1063 1005 1115 Orientis
1057 1063 1215 1112 intuta
1252 1062 1439 1113 Tiberii
1492 1062 1714 1113 amicitia
1753 1062 2071 1113 credebatur.

244 1157 307 1207 Ut
340 1170 492 1206 versa
494 1154 813 1232 Caesarum
829 1152 1009 1227 subole
1046 1152 1308 1217 imperium
1333 1151 1542 1216 adeptus
1580 1157 1672 1216 est,
1707 1151 1846 1202 elicit
1873 1151 2077 1202 Arche-

363 1214 464 1231 ’,Μ-
467 1219 474 1223 »-

244 1231 378 1297 laum
417 1222 601 1297 matris
627 1244 838 1308 litter1S,
904 1257 1033 1309 quae
1070 1257 1174 1293 non
1214 1240 1542 1293 dissimulatis
1581 1241 1667 1292 filii
1707 1241 2074 1294 offensmnihus
2096 1257 2142 1295 10

247 1337 566 1388 clementiam
603 1334 882 1398 offerebat,
919 1334 962 1386 si
1001 1334 1065 1384 ad
1101 1333 1411 1399 precandum
1445 1332 1659 1384 veniret.

1735 1333 1824 1384 Ille
1865 1333 2074 1400 ignarus

247 1428 352 1480 doli
389 1427 503 1492 vel,
555 1427 599 1478 si
638 1426 938 1492 intellegere
977 1425 1302 1489 crederetur,
1356 1425 1457 1475 vim
1494 1429 1753 1490 metuens,
1810 1425 1863 1474 in
1897 1424 2076 1476 urbem

245 1522 507 1584 properat3
546 1521 887 1582 exceptusque
919 1515 1095 1566 immiti
1132 1531 1159 1566 a
1193 1515 1436 1580 principe,
1480 1519 1530 1566 et
1564 1529 1684 1566 mox
1721 1519 1987 1566 accusatus
2023 1515 2076 1565 in

248 1613 444 1673 senatu,
482 1621 586 1658 non
621 1607 685 1657 ob
728 1606 939 1657 crimina
974 1589 1108 1670 quae
1143 1605 1491 1672 fingebantur,
1533 1605 1625 1656 sed
1664 1620 1886 1672 angore,
1929 1604 2076 1657 simul

248 1699 414 1750 fessus
449 1698 629 1761 seme,
686 1701 735 1748 et
784 1695 904 1767 quia
946 1679 1155 1762 regibus
1196 1710 1387 1761 aequa,
1445 1695 1630 1746 nedum
1667 1695 1835 1749 infima
1862 1696 2075 1759 ,insolita
2095 1715 2142 1754 15

248 1795 377 1859 sunt,
419 1789 568 1840 finem
603 1788 754 1851 vitae,
794 1791 974 1852 sponte
1011 1802 1075 1837 an
1117 1786 1247 1851 fate,
1286 1786 1525 1852 implevit.

1599 1788 1830 1854 Regnum
1866 1788 1917 1838 in
1953 1802 2078 1854 pro-

246 1882 465 1933 vinciam
488 1879 748 1931 redactum
777 1883 869 1943 est,
898 1878 1244 1943 fructibusque
1268 1879 1376 1929 eius
1399 1878 1560 1929 levari
1585 1893 1740 1944 posse
1771 1880 2078 1931 centesimae

365 2033 406 2074 5.
435 2031 688 2088 pociebatur
719 2031 773 2073 M.
839 2030 879 2072 7.
917 2030 965 2071 C.
1000 2030 1054 2071 M.
1123 2032 1190 2072 11.
1223 2043 1386 2085 gnarus
1418 2030 1483 2072 M:
1518 2031 1650 2072 tacite
1684 2032 1873 2074 correxit
1897 2032 2076 2075 Rhena-

251 2103 347 2133 nus.
445 2092 513 2133 14.
546 2097 607 2131 set
638 2090 692 2131 Μ.

342 2237 382 2271 et
413 2229 721 2285 Angrivariis:
767 2228 846 2271 1103
892 2229 1006 2271 inter
1040 2230 1121 2270 Vi-

253 2289 415 2344 surgim
469 2294 512 2330 et
569 2288 714 2329 Albim
770 2287 1015 2330 habitantes
1077 2290 1121 2329 in

252 2354 470 2402 postrema
532 2345 775 2388 Germanici
840 2348 1121 2401 expeditione

251 2405 436 2447 domitos
488 2419 584 2447 esse
627 2406 837 2446 monitum
879 2409 921 2447 in
973 2412 1119 2448 annot.

251 2466 304 2507 ad
337 2479 375 2508 c.
409 2465 466 2509 20
499 2470 542 2506 et
573 2466 659 2516 223
705 2464 761 2505 cf.
796 2464 849 2505 ad
882 2479 919 2506 0.
952 2466 994 2508 8.
1029 2465 1122 2506 Ex-

250 2525 374 2566 tremi
427 2530 549 2564 erant
593 2523 852 2577 populorum
905 2524 958 2565 ad
1013 2536 1121 2578 quos

252 2583 532 2625 Germanicus
562 2588 884 2636 penetraverat,
919 2589 961 2624 et
985 2584 1121 2637 probe

251 2641 483 2696 separandi
515 2646 614 2683 sunt
646 2641 698 2682 ab
731 2642 784 2682 iis
803 2643 875 2696 qui
902 2655 939 2683 c.
962 2642 990 2684 8
1008 2641 1119 2684 falso

251 2700 508 2756 Anyrivarii
541 2700 831 2741 nominantur.

340 2760 520 2814 quinque
539 2759 686 2801 liberis
709 2766 880 2800 onustus
899 2773 911 2799 .·
944 2760 1121 2800 nomina

251 2817 487 2859 liberorum
538 2817 680 2870 Nero,
732 2817 923 2870 Drusus,
974 2817 1119 2871 Gaius,

250 2877 519 2932 Agrippina,
570 2875 777 2918 Drusilla.
839 2876 992 2918 Iuliam
1038 2889 1120 2917 no-

252 2935 431 2976 vissimo
447 2940 572 2989 partu
596 2941 734 2976 mater
748 2936 990 2990 Agrippina
1007 2947 1120 2976 anno

252 2995 450 3047 proximo
499 2995 544 3034 in
587 2993 730 3035 insula
773 2993 913 3035 lesbo
961 2993 1119 3036 edidit·

251 3050 288 3092 11
321 3053 392 3095 54.
485 3051 658 3107 populi
695 3053 883 3094 Romani
924 3065 1119 3094 amores.-

253 3110 295 3151 h.
330 3124 370 3153 e
406 3122 482 3151 eos
514 3122 641 3171 quos·
654 3123 800 3152 amore
831 3123 910 3153 suo
932 3112 1119 3165 populus

252 3168 470 3210 Romanus
527 3165 841 3224 prosequatur,
901 3170 1121 3225 Lieblinye

253 3226 325 3267 vel
350 3226 799 3282 Liebesqeqenstande.
831 3229 901 3270 Sic
925 3227 1121 3270 Catullus

254 3297 419 3325 amores
477 3284 582 3325 dicit
639 3287 829 3339 puellam
883 3300 1121 3340 puerumve

254 3348 440 3383 amatum
476 3342 532 3382 VI
561 3343 626 3395 16,
660 3344 697 3385 X
720 3347 757 3396 1,
790 3345 869 3385 XV
888 3348 925 3397 1,
960 3345 1054 3386 XXI
1083 3348 1120 3397 1,

255 3400 324 3442 XL
358 3401 405 3452 7,
440 3400 553 3442 XLV
589 3404 627 3453 1,
661 3401 791 3443 LXIV
824 3404 895 3446 27.

343 3458 447 3512 Cap.
480 3461 552 3502 42.
616 3461 1003 3515 ᾳηίηᾳααςεείτηαηι
1037 3476 1122 3502 an-

252 3531 353 3559 num
366 3518 644 3573 Cappadocia
653 3519 895 3573 potiebatur
909 3533 918 3559 z
941 3533 1120 3576 regnum

255 3581 485 3631 acceperat
527 3590 565 3618 a.
609 3577 694 3619 718
737 3577 790 3618 01)
829 3590 872 3619 11.
904 3578 1121 3620 beneficio

255 3633 385 3680 Marci
403 3635 608 3681 Antonii:
641 3635 725 3684 Dio
743 3635 873 3684 XLIX
901 3638 974 3694 32,
1006 3637 1058 3682 LI
1079 3640 1121 3695 2,

789 2089 857 2130 15.
891 2088 1049 2130 nudum
1079 2089 1134 2130 M.

1204 2228 1318 2270 LVII
1352 2229 1419 2271 17.
1483 2230 1662 2272 Sueton.
1695 2229 1837 2272 Tiber.
1870 2231 1899 2273 8
1931 2236 1974 2273 et
2003 2232 2076 2276 37.

1207 2287 1273 2329 Cf.
1308 2288 1423 2329 infra
1442 2287 1539 2330 XlV
1566 2289 1637 2333 26.
1680 2289 1784 2331 Erat
1817 2303 1871 2331 ex
1889 2292 2078 2344 posteris

1203 2346 1436 2398 Archelai,
1471 2361 1599 2403 quem
1633 2347 1787 2390 ducem
1819 2348 2078 2392 Mithridatis

1205 2406 1329 2448 Sulla
1360 2405 1540 2448 devicit.
1601 2406 1725 2449 Alius
1744 2407 1988 2451 Archelaus
2014 2415 2080 2451 est

1204 2465 1320 2506 filius
1343 2464 1528 2507 Herodis
1557 2472 1599 2508 et
1627 2465 1815 2508 Iudaeae
1842 2468 2077 2521 teti-‚archa

1205 2524 1258 2565 de
1298 2535 1383 2579 quo
1425 2523 1638 2579 Iosephus
1680 2526 1897 2581 Antiquit.
1961 2501 2081 2569 XVII

1205 2585 1330 2624 0.11
1366 2588 1410 2624 et
1439 2584 1506 2626 13.

1291 2655 1418 2684 versa
1460 2642 1697 2685 Caesarum
1733 2644 1900 2686 subole:
1951 2659 2080 2687 versa

1203 2700 1334 2754 paulo
1359 2702 1536 2757 gravius
1559 2702 1721 2744 dictum
1741 2716 1868 2759 quam
1887 2705 2078 2747 extincta

1206 2760 1287 2814 (cf.
1321 2760 1375 2801 ad
1396 2759 1471 2801 Xll
1500 2761 1599 2818 45),
1633 2768 1765 2816 atque
1796 2762 1880 2804 hoc
1901 2765 2077 2806 nonnisi

1204 2818 1257 2859 ad
1282 2818 1462 2860 Lucium
1496 2825 1539 2860 et
1566 2819 1717 2861 Gaium
1743 2820 1969 2876 Caesares,
1987 2836 2076 2865 non

1205 2878 1334 2918 etiam
1368 2878 1421 2919 ad
1463 2878 1701 2934 Agrippam
1733 2879 1981 2922 Postumum
2031 2883 2077 2923 in

1205 2936 1385 2977 exilium
1419 2943 1560 2978 actum
1595 2941 1777 2992 attinet,
1811 2946 1858 2981 ut
1890 2941 2074 2982 credidit

1203 2995 1400 3049 Lipsius,
1450 3009 1506 3037 110
1555 2998 1659 3051 quid
1702 2998 1842 3040 dicam
1893 3000 1947 3041 de
1991 3000 2076 3042 hoc

1204 3055 1403 3095 acumine
1452 3054 1752 3098 Waltheriano
1806 3057 1950 3099 ‘versa
2010 3065 2076 3100 est

1205 3111 1438 3154 Caesarum
1485 3114 1688 3167 suboles,
1739 3129 1836 3157 cum
1886 3117 2075 3170 Augusti

1203 3173 1418 3226 sanguine
1451 3173 1534 3212 orti
1568 3173 1774 3215 cede-rent
1798 3176 1921 3227 stirpi
1939 3173 2074 3216 Clau..

1204 3229 1371 3270 diorum
1384 3242 1461 3282 per
1471 3229 1749 3283 adoptionem
1760 3233 2071 3285 irrepentium'.

1204 3286 1269 3328 De
1300 3300 1348 3328 re
1382 3287 1439 3328 cf.
1472 3287 1489 3328 Ι
1520 3289 1562 3329 3.

1291 3359 1470 3400 requam
1498 3347 1545 3386 in
1560 3349 1832 3402 provinciam
1854 3349 2074 3392 redactam

1206 3411 1295 3445 est:
1330 3405 1447 3445 conf.
1481 3405 1632 3446 Strabo
1665 3406 1740 3447 XII
1766 3408 1787 3448 1
1820 3405 1850 3449 4
1880 3420 1922 3462 p.
1957 3410 2072 3452 534:

1206 3462 1284 3513 τῆς
1317 3463 1366 3505 δὲ
1370 3464 1596 3534 μεγάλης
1613 3465 1957 3514 Καππαδοκίας
1989 3470 2074 3514 ιῦν

1204 3521 1293 3579 μὲν
1327 3520 1409 3565 οὐκ
1443 3525 1580 3581 ἴομεν
1617 3539 1691 3567 πω
1727 3540 1806 3594 ‘1131‘
1838 3526 2071 3577 διάταξιν.

1206 3579 1562 3632 τελευτήσαντος
1593 3577 1687 3640 γὰρ
1722 3581 1806 3628 τὸν
1833 3589 1934 3640 βίον
1960 3584 2075 3646 ’Λρ-

1201 3640 1373 3698 χελαου
1411 3642 1494 3689 τοῦ
1521 3642 1900 3701 βασιλεύσαντος,
1952 3646 2072 3709 ἔγνω
