2280 4004
109 714 181 763 59

194 312 222 356 a
249 297 439 355 0.15.„

193 456 479 509 nomenque
517 441 836 508 imperatoris
874 445 1083 495 auctore
1109 439 1312 492 Tiberio
1347 438 1564 505 accepit.

1116 532 1360 584 educatus
1415 532 1690 583 Ravennae
1743 543 1868 595 puer
1915 541 2023 599 quo

192 534 353 585 virilis
402 548 553 586 sexus
610 534 817 599 stirpem
867 532 1052 585 edidit:

788 298 963 351 LIBERJ
981 298 1016 344 1.
1075 297 1185 350 (Lot.
1218 296 1409 344 58-59.

1957 300 2015 342 68

1636 437 1851 488 Arminii
1887 450 2017 489 uxor

195 639 314 676 mox
347 624 568 675 ludibrio
609 623 959 696 conflictatus
957 624 1041 693 sit,
1082 623 1135 673 in
1174 628 1401 688 tempore
1438 620 1748 673 memorabo.

189 687 406 698 Ἀρ-..
409 693 485 699 ...-

332 715 480 766 Fama
519 693 684 765 dediti
706 714 1028 782 benigneque
1062 713 1262 779 excepti
1287 712 1517 780 Segestis
1550 711 1772 779 vulgata,
1813 714 1866 761 ut
1903 708 2019 776 qui-

192 805 387 871 busque
424 805 608 856 bellnm
666 805 835 856 invitis
886 809 971 855 aut
1019 804 1334 870 cupientibus
1388 808 1522 868 erat,
1577 817 1667 869 spe
1714 801 1796 853 vel
1835 800 2055 854 dolores

542 896 826 947 Arminium
879 910 1031 962 super
1074 895 1276 946 insitam
1326 893 1620 945 violentiam
1671 897 1813 959 rapta
1867 906 2015 956 uxor,

192 985 448 1038 subiectus
473 987 683 1038 servitio
719 987 895 1038 uxoris
930 991 1102 1038 uterus
1142 985 1417 1057 Qfirdssm
1458 985 1703 1052 agebant3
1742 982 2017 1034 volitabat-
2074 1013 2197 1043 mg„

194 1090 290 1141 que
328 1091 420 1142 per
458 1077 776 1141 CheruscOS,
835 1092 976 1128 arma
1027 1076 1080 1126 in
1118 1055 1407 1142 Segestem]
1467 1090 1605 1126 arma
1657 1074 1708 1123 in
1748 1074 2018 1124 Caesarem
2046 1054 2085 1117 ³.

539 1168 714 1234 Neque
774 1167 980 1233 ¹probris
1041 1166 1368 1231 temperabat.

192 1272 427 1324 magnum
467 1258 851 1324 imperatorem,
910 1257 1095 1308 fortem
1130 1256 1440 1320 exercitum,
1482 1270 1695 1321 quorum
1732 1259 1805 1305 tot
1842 1268 2018 1305 manus
2033 1270 2084 1314 ae

190 1364 341 1400 unam
395 1349 742 1401 nuilierculam
805 1348 1082 1402 av-exerint.

843 1440 955 1491 Non
992 1439 1124 1491 enim
1162 1454 1219 1490 se
1243 1428 1534 1504 proditione
1570 1453 1735 1503 neque
1774 1437 2019 1487 adversus

194 895 457 962 accipitur„

191 1181 428 1232 poscens.

191 1439 391 1507 legatos
418 1440 768 1506 procubuisse.

1478 1164 1754 1231 Egregium
1805 1168 2017 1229 patrem,

1166 1347 1278 1401 Sibi
1325 1352 1429 1398 tres
1479 1346 1744 1414 legioneS,
1809 1344 2019 1395 totidem

193 1531 405 1583 feminas
429 1531 695 1599 gravidas,
734 1532 826 1584 sed
856 1531 1019 1597 palam
1046 1530 1291 1582 adversus
1317 1534 1538 1581 armatos
1562 1527 1747 1581 bellum
1782 1533 2019 1586 tractare.

196 1623 346 1675 Cerni
394 1624 558 1674 adhuc
596 1624 962 1675 Germanorum
1015 1623 1067 1673 in
1114 1623 1242 1674 lucis
1278 1623 1425 1688 signa
1462 1622 1713 1685 Romana,
1775 1635 1903 1686 quae
1942 1620 2019 1671 dis

193 1715 370 1781 patriis
406 1715 743 1781 suspenderit.

311 1945 354 1990 2.
385 1959 604 1988 revennae
625 1944 680 1987 M.
744 1945 785 1988 7.
817 1944 1071 1988 vaecordem
1092 1943 1146 1987 M.
1209 1942 1253 1986 8.
1289 1956 1487 1985 ceruscos
1505 1941 1560 1984 M.
1629 1941 1696 1984 16.
1731 1940 2019 1982 sacerdotium

195 2005 465 2049 Romanum:
504 2006 743 2048 Germanos
774 2005 984 2047 Wolfius:
1031 2003 1316 2046 sacerdotium
1347 2003 1565 2044 hominum
1599 2002 1835 2043 Germanos
1883 2013 1933 2054 pr
1964 1999 2019 2053 M,

195 2065 503 2107 sacerdotium:
567 2065 786 2107 limatum
828 2065 1066 2108 Germanos

194 2138 420 2179 numquam
450 2123 523 2166 Or„

194 2253 365 2296 adultus
392 2253 443 2294 in
479 2265 666 2307 regnum
698 2252 903 2303 venisset,
940 2261 1066 2308 ‚posse

197 2314 436 2364 extirnesoi,
482 2313 689 2367 infeotmn
728 2309 932 2352 alimonio
968 2325 1065 2352 ser..

194 2375 295 2415 vitio
329 2371 464 2423 cultu,
508 2370 699 2412 ommibus
727 2371 935 2411 emtwnis.
997 2370 1065 2411 Ex

196 2433 372 2473 nomine
394 2428 779 2472 't'hfflneliconihil
814 2429 1064 2471 conficien-

196 2491 296 2533 dum
329 2495 394 2534 est
412 2489 468 2532 de
493 2489 756 2545 giadintoria
788 2499 946 2542 opera:
979 2488 1065 2530 hoc

197 2551 310 2592 enim
343 2562 440 2592 cum
458 2550 591 2589 'trium
610 2559 824 2589 annorum
851 2560 958 2601 puer
981 2561 1064 2603 ge..

195 2614 338 2662 reret,
367 2614 504 2651 mater
532 2607 650 2649 haud
682 2607 813 2648 dubie
847 2608 887 2648 ei
917 2608 1064 2660 impo-

196 2669 296 2720 sui-t,
319 2668 666 2723 nequeeumpsit
689 2679 714 2707 a
738 2678 850 2708 voce
872 2670 1060 2723 θυμέὶη,

197 2726 272 2768 sed
301 2733 529 2782 paternum
557 2725 739 2781 aliquod
771 2731 816 2767 et
834 2724 1064 2767 Germani..

198 2798 294 2827 cum
325 2785 478 2842 elegit.

253 2880 258 2883 ,
289 2843 394 2899 Cap.
432 2845 502 2888 59.
555 2847 677 2899 fania
705 2844 835 2887 dediti
857 2844 1063 2900 beni-qne.-

199 2916 274 2956 que
306 2905 470 2958 excepti
499 2904 683 2958 Segestis
712 2926 769 2938 —--
802 2904 1064 2960 cupientibus

200 2968 320 3002 erat:
373 2961 476 3003 vide
525 2973 651 3016 quam
692 2963 930 3019 diligenter
979 2962 1062 3004 sibi

200 3020 365 3062 caverit
418 3020 471 3061 ab
530 3021 777 3063 nominibus
833 3022 1064 3064 abstractis

199 3091 309 3132 quae
340 3091 419 3121 nos
453 3091 612 3121 vocare
644 3080 850 3123 solemus.
907 3080 1064 3137 Cogita

199 3136 307 3180 haec
338 3150 416 3192 per
444 3140 622 3180 nomina
651 3139 931 3193 pronuntiata
965 3153 1063 3182 esse

197 3220 253 3228 -
294 3199 438 3252 famae
496 3198 721 3241 deditionis
774 3199 1063 3254 ὀεηὶςηαεφιε

199 3257 456 3310 exceptionis
487 3257 674 3312 Segestis
718 3257 972 3312 divulgatio,
1018 3265 1064 3299 ut

198 3314 423 3368 quibusque
469 3314 567 3358 belli
610 3316 750 3356 odium
792 3323 867 3357 aut
913 3317 1063 3371 cupido

127 3421 130 3424 .
198 3379 316 3424 erat,
358 3397 413 3406 --
445 3374 588 3413 statim
621 3375 786 3415 senties
817 3387 943 3429 quam
977 3387 1064 3415 non

197 3431 349 3473 Latine
382 3430 538 3473 nedum
570 3431 766 3472 Tacitino
803 3446 922 3474 more
956 3433 1065 3473 haec

199 3490 313 3532 elata
370 3491 517 3532 verbis
570 3497 862 3543 compareant.
935 3490 1063 3532 Conf.

199 3555 344 3591 annot.
380 3549 431 3592 ad
464 3549 519 3590 III
557 3551 624 3592 13.

313 3609 595 3663 volitabatque
657 3621 736 3663 per
799 3608 1063 3650 Cheruscos:

200 3673 348 3722 unctor
390 3667 563 3714 delecta
601 3668 727 3729 gravi
765 3667 891 3713 verbi
925 3668 1067 3716 forma

1120 2075 1216 2104 corr
1260 2062 1297 2104 M
1344 2068 1389 2104 et
1428 2059 1670 2103 Beroaldus
1721 2061 1765 2101 in
1807 2059 2017 2101 editione.

1149 2263 1245 2292 cum
1265 2249 1469 2291 adiuncta
1485 2246 1704 2303 particula
1734 2245 2018 2287 velocitatem

1149 2315 1192 2350 et
1224 2309 1561 2363 trepidationem
1588 2308 1685 2360 ipso
1719 2317 1828 2347 sono
1861 2306 2018 2360 pingit.

1149 2368 1276 2410 Conf.
1298 2382 1339 2410 c.
1373 2368 1451 2410 18:
1479 2366 1813 2423 properantibus
1843 2363 2020 2405 Blaesus

1148 2428 1335 2480 advenit,
1367 2427 1700 2482 increpabatque
1724 2438 1777 2465 ac
1807 2424 2021 2465 retinebat

1146 2489 1213 2529 sin
1215 2486 1367 2542 qidosg
1443 2485 1523 2528 63:
1576 2484 1937 2536 trudebanturque
1973 2484 2020 2524 in

1141 2546 1366 2615 paludem3
1425 2543 1463 2586 ΙΙ
1494 2545 1577 2587 30:
1614 2544 1918 2595 certabantque
1951 2542 2021 2583 cui

1145 2608 1212 2647 ius
1259 2604 1499 2661 perorandi
1547 2604 1594 2643 in
1640 2617 1760 2643 reum
1812 2601 2018 2652 daretur-3

1145 2664 1200 2706 111
1238 2666 1320 2707 44·
1371 2662 1737 2719 increpabantque
1785 2660 2019 2712 Tiberium

1144 2723 1204 2766 IV
1239 2724 1319 2766 17:
1364 2722 1670 2776 incusabatque
1703 2721 1918 2762 diductam
1951 2720 2018 2760 ci-

1144 2785 1318 2825 vitatem
1356 2789 1404 2823 ut
1459 2781 1576 2824 civili
1620 2780 1758 2832 bello;
1833 2778 1889 2819 XI
1930 2778 2016 2821 34.

1146 2842 1503 2895 clamitabatque3
1575 2839 1649 2881 XII
1680 2838 1764 2883 34:
1809 2838 2017 2879 vocabat-

1146 2917 1248 2956 que3
1273 2901 1351 2942 XV
1385 2900 1466 2942 58:
1499 2898 1832 2952 volitabantque.
1876 2897 2017 2939 Novi-

1146 2968 1277 3003 tatem
1300 2958 1493 3000 notatIV
1516 2958 1570 3001 67
1589 2973 1598 2999 :
1619 2957 2014 3014 prospectabatque.

1237 3020 1407 3062 totidem
1426 3018 1613 3074 legatos:
1647 3018 1690 3058 hi
1710 3018 1834 3059 fuere
1861 3017 2015 3069 Varus,

1147 3079 1338 3132 Caenus,
1367 3077 1742 3120 ValaNumonius.
1777 3074 1845 3118 Cf.
1866 3081 2014 3117 annot.

1146 3138 1214 3181 ad.
1252 3153 1289 3180 c.
1322 3140 1395 3180 42.

1227 3197 1514 3239 sacerdotium
1534 3196 1775 3238 Romanum
1790 3206 1803 3233 .·
1831 3193 2015 3234 Germa*-

1144 3255 1516 3298 uos—viderint:
1548 3254 1657 3295 haec
1690 3251 1774 3293 duo
1798 3252 1833 3292 si
1877 3252 2016 3292 lector

1145 3327 1310 3356 memor
1359 3318 1534 3364 teneat,
1598 3314 1640 3352 in
1676 3312 1713 3352 M
1758 3316 1801 3351 et
1832 3310 1897 3350 Ma
1927 3321 2014 3351 non

1146 3386 1242 3414 raro
1274 3375 1291 3414 i
1326 3379 1368 3413 et
1412 3386 1440 3412 a
1473 3372 1751 3421 commutari,
1806 3368 1943 3410 veluti
1978 3366 2015 3411 lI

1147 3435 1204 3475 20
1236 3438 1278 3472 et
1311 3430 1405 3471 XIII
1420 3431 1478 3472 39
1507 3429 1722 3470 libritores
1757 3440 1834 3481 pro
1872 3427 2013 3469 libra-

1147 3498 1272 3542 tores,
1306 3489 1364 3530 lv
1395 3490 1450 3531 37
1480 3489 1583 3541 ficta
1617 3500 1692 3542 pro
1725 3490 1860 3541 sacta,
1894 3501 1931 3528 c.
1954 3486 2014 3530 49

1145 3549 1304 3590 sibinus
1335 3561 1412 3601 pro
1445 3548 1655 3599 Sabinus,
1690 3545 1744 3587 XI
1784 3548 1836 3588 10
1867 3547 2013 3587 invisit

1147 3619 1224 3661 pro
1263 3609 1444 3658 invasit,
1494 3606 1591 3648 XIV
1629 3608 1647 3648 1
1696 3605 1891 3647 redditur
1932 3617 2010 3659 pro

1146 3666 1366 3724 reddatur,
1400 3672 1444 3712 et
1464 3678 1591 3726 quam
1612 3665 1746 3709 facile
1771 3664 1843 3708 vel
1862 3666 2011 3722 potius

2094 635 2099 642 ι
2123 639 2131 648 ς
2279 629 2280 632 ’

2057 658 2121 691 '‘Px-J
2138 662 2207 688 2²³⁴».
2222 669 2238 685 f.

2108 694 2119 707 ἱ

812 1715 1022 1766 Coieret
1056 1715 1303 1781 Segestes
1344 1713 1530 1764 victam
1566 1713 1744 1778 ripam,
1782 1711 2022 1763 redderet
2039 1724 2086 1777 ¹.⁵

196 1806 298 1857 filio
341 1800 687 1859 ‘sacerdotium
720 1807 1027 1859 Romanum:
1087 1804 1367 1857 Germanos
1410 1818 1663 1870 nunquam
1701 1803 1823 1855 satis
1864 1817 2024 1854 excu-
