2280 4004
145 1221 194 1258 ιυ
210 1207 361 1259 vatim
398 1206 592 1258 liceret.

0 1348 16 1367 (ν
42 1329 127 1359 (90*ῗῆ
147 1337 163 1347 ‘

0 1377 71 1443 3155.
100 1375 117 1429 ἐ
210 1404 302 1454 per
329 1388 555 1439 Africam
594 1387 744 1439 etiam
787 1402 848 1438 ac
879 1387 1103 1440 Siciliam
1142 1391 1191 1438 et
1218 1386 1418 1438 Italicas
1446 1386 1694 1450 colonias,
1733 1384 2043 1437 carminibus

7 1466 70 1489 ‘Le

183 246 290 338 ψ
356 308 372 327 .

993 234 1284 282 ANNALWM

1773 249 1815 281 a.
1845 244 1893 283 ιι.
1924 236 2032 286 ⁷85.

165 354 404 440 '‘ceter-os
445 381 672 436 eiusdem
713 379 870 445 vatis,
912 385 962 432 et
999 394 1059 431 ea
1098 377 1162 431 de
1199 393 1257 430 re
1292 382 1498 430 senatus
1535 378 1818 431 consultum
1851 383 2035 447 postu-

201 479 398 531 laverat
411 496 426 541 ;
489 489 587 541 quo
637 488 728 539 per
783 470 1159 545 discessionem
1209 469 1344 522 facto
1397 469 1533 522 misit
1578 470 1773 522 litteras
1825 469 2032 536 Caesar,

202 570 407 622 modice
432 542 977 630 tribunummincrepans
995 562 1234 630 ignarum
1265 562 1457 629 antiqui
1485 561 1642 614 moris
1671 561 1736 613 ob
1762 561 2032 614 iuventam.

207 660 351 712 Gallo
389 655 729 724 exprobrabat
766 654 902 722 quod
933 654 1180 723 scientiae
1211 653 1735 721 caerimoniarumque
1769 658 1915 706 vetus
1953 653 2038 704 in-

167 755 349 806 scerto
392 754 619 813 auctore,
654 752 770 800 ante
802 746 1104 799 sententiam
1143 746 1369 814 collegii,
1409 761 1530 812 non,
1563 751 1617 797 ut
1649 725 2036 811 adsoletJleeto

206 858 298 910 per
336 841 610 908 magistros
653 838 1020 905 aestimatoque
1063 837 1316 903 carmine,
1377 837 1508 905 apud
1542 838 1912 905 infrequentem
1950 852 2038 890 se·-

205 938 377 985 natum
414 932 622 1000 egisset.

714 930 869 984 Simul
910 912 1331 995 commonefecit,
1385 929 1501 997 quia
1557 929 1709 981 multa
1758 944 1890 982 vana
1944 930 2036 983 sub

206 1025 414 1076 nomine
454 1022 644 1075 celebri
683 1021 1046 1090 vulgabantur,
1092 1021 1327 1074 sanxisse
1363 1021 1679 1091 Augustum,
1726 1036 1872 1088 quem
1908 1020 2039 1073 int-ra

209 1116 343 1167 diem
381 1115 444 1166 ad
497 1119 785 1180 praetorem
827 1114 1075 1165 urbanum
1132 1113 1453 1165 deferrentur
1501 1128 1664 1179 neque
1706 1112 1898 1165 habere
1936 1111 2044 1180 pri-

669 1205 816 1268 Quod
856 1222 883 1257 a
923 1204 1199 1256 maioribus
1252 1219 1452 1272 quoque
1490 1204 1747 1256 decretum
1784 1209 1893 1256 erat
1928 1208 2042 1271 post

212 1303 441 1350 exustum
481 1297 662 1370 sociali
696 1297 829 1348 hello
862 1295 1178 1362 Capitolium,
1214 1295 1456 1362 quaesitis
1486 1295 1635 1348 Samo
1672 1295 1763 1347 llio
1791 1293 2039 1362 ErythriS,

211 1479 451 1543 Sibullae,
492 1494 591 1530 una
631 1494 722 1530 seu
758 1478 928 1544 plures
969 1478 1129 1542 suere,
1161 1478 1381 1544 datoque
1419 1476 1775 1529 sacerdotibus
1814 1477 2042 1552 negotio,

213 1575 449 1637 quantum
483 1570 699 1620 humana
729 1584 825 1636 ope
859 1568 1158 1635 potuissent,
1195 1584 1316 1620 vera
1353 1568 1673 1621 discernere.
1737 1568 1895 1636 Igitur
1929 1573 2046 1621 tunc

149 1676 415 1730 nsquoque
453 1660 647 1712 notioni
686 1660 1141 1727 quindecimvirum
1180 1660 1223 1712 is
1259 1660 1390 1712 liber
1426 1659 1688 1712 subicitur.

329 1829 371 1870 6.
406 1829 678 1881 estimatoqite
713 1828 765 1870 M.

214 1888 404 1930 correxit
436 1886 692 1929 Beroaldus.

213 2032 457 2076 Beroaldus
469 2044 620 2074 verum
636 2033 808 2074 videtur
827 2033 1089 2073 restituisse.

215 2094 261 2137 Si
280 2091 570 2134 multitudinis
599 2105 777 2133 numero
803 2091 975 2133 'l'aeitus
1007 2105 1091 2133 vo-

216 2152 371 2194 luisset
405 2153 482 2203 uti,
517 2165 571 2192 ex
596 2165 714 2192 more
739 2153 980 2205 scripturus
1001 2157 1092 2192 erat

137 2234 144 2243 ·
216 2226 240 2252 e
271 2211 632 2266 quindecimviris.
696 2210 880 2252 Formae
910 2211 1092 2265 quinde-

216 2271 440 2312 cimvirum
462 2271 587 2325 origo
611 2269 712 2311 hine
735 2270 975 2323 repetenda
1010 2277 1090 2323 est,

216 2329 333 2385 quod
380 2330 580 2370 librarius
623 2329 677 2369 ob
726 2329 909 2370 verbum
960 2331 1095 2385 recipi

217 2401 366 2430 casum
400 2389 697 2429 accusativum
728 2389 888 2443 requiri
912 2388 1093 2429 credidit

217 2448 408 2502 ideoque
459 2460 534 2501 pro
581 2460 660 2487 suo
708 2448 871 2489 iudicio
907 2454 950 2489 ct
983 2461 1093 2489 con-

217 2505 453 2548 suetudine
486 2507 802 2547 nominativum
831 2508 1091 2549 immutavit.

218 2566 354 2607 Nimis
396 2565 590 2606 studiose
642 2566 769 2606 talem
822 2567 1094 2620 antiquitatis

219 2624 476 2678 aeruginem
541 2623 730 2665 editores
794 2626 837 2664 in
901 2623 1092 2666 'l'acitum

222 2682 469 2723 contulere.

310 2741 417 2782 lecto
449 2754 530 2796 per
561 2742 855 2796 maqistros—
874 2743 1092 2783 carmine:

220 2799 402 2856 collegii
430 2799 834 2854 quindecin·1viralis
865 2814 974 2842 unus
1001 2815 1094 2842 ma-

220 2861 359 2914 gister
400 2865 443 2900 et
483 2860 771 2912 praepositus
852 2861 935 2901 Sed
981 2873 1095 2916 quo-

212 2919 336 2960 ³·niam
369 2917 540 2973 singula
587 2918 858 2959 sacerdotnm
902 2919 1094 2975 collegia

219 2978 262 3018 in
299 2976 427 3018 rebus
452 2976 728 3031 gravioribus
756 2984 900 3019 cetera
936 2978 1092 3019 adiun-

220 3048 327 3090 gere
373 3035 454 3076 sibi
494 3041 537 3076 et
570 3042 771 3089 poterant
804 3043 846 3078 et
878 3037 1093 3085 solebant,

220 3094 331 3136 nihil
366 3094 594 3148 impedivit
625 3095 857 3141 Tiberium.
892 3109 977 3152 quo
1010 3099 1093 3137 mi-

220 3166 301 3195 nus
335 3155 560 3209 mayistros
581 3155 808 3207 scriberet,
844 3168 929 3196 non
953 3156 1093 3210 maqi-

219 3219 366 3254 strum.
473 3214 667 3255 sanxisse
689 3213 949 3270 Auqustum:
983 3215 1094 3257 Sue-

214 3272 367 3312 tonius
388 3273 503 3328 Aug.
522 3274 596 3314 31:
611 3281 835 3329 postquam
859 3288 959 3316 vero
978 3288 1093 3331 pon-

222 3332 426 3382 tificatum
440 3332 671 3373 maximum
686 3358 740 3364 —
753 3335 948 3390 suscepit,
970 3334 1093 3388 quid-

220 3389 321 3441 quid
365 3390 644 3443 fatidicorum
688 3392 895 3434 librorum.
937 3394 1095 3434 Graeci

221 3446 451 3501 Latinique
482 3451 652 3503 generis
684 3451 813 3492 nullis
845 3452 911 3493 vel
938 3466 1094 3508 parum.

223 3506 385 3546 idoneis
418 3509 660 3549 auctoribus
701 3510 823 3565 vulqo
855 3512 1090 3566 serebatur,

221 3578 353 3618 supra
385 3566 464 3605 cluo
498 3565 618 3607 milia
650 3576 876 3611 contracta
906 3571 1090 3625 nandique

212 3625 440 3675 cremavit,
458 3639 510 3665 ac
526 3625 635 3666 solos
657 3630 830 3669 retinuit
844 3629 1088 3684 Sibyllinos,

920 1829 959 1870 7.
996 1829 1320 1884 cummunesecit
1354 1829 1407 1870 Μ.

823 1891 889 1931 12.
926 1887 1127 1943 affricam
1159 1887 1213 1929 M.

1580 1829 1646 1871 11.
1682 1798 1946 1885 erytrythrqs
1977 1826 2046 1872 M:

1173 2032 1247 2073 lios
1279 2044 1439 2086 quoquc
1463 2032 1626 2074 delectu
1648 2031 1808 2083 habito,
1833 2031 2048 2074 condidit-

1173 2106 1251 2146 que
1282 2091 1439 2133 duobus
1470 2091 1626 2147 forulis
1657 2091 1825 2133 auratis
1851 2091 1926 2133 sub
1957 2090 2045 2135 Pa·

1174 2150 1302 2193 latini
1322 2151 1535 2207 Apollinis
1566 2151 1672 2192 basi.
1735 2150 1820 2192 Dio
1844 2149 1939 2192 LiV
1976 2151 2042 2194 17.

1261 2210 1416 2252 sociali
1447 2209 1584 2251 bello:
1626 2210 1829 2252 incendio
1869 2210 2046 2252 absum-

1175 2276 1292 2324 ptum
1335 2275 1401 2311 est
1461 2268 1723 2323 Capitolium
1773 2283 1813 2311 a.
1855 2269 1937 2312 671
2000 2269 2046 2312 1..

1175 2330 1381 2383 Scipione
1420 2327 1467 2370 C.
1520 2328 1722 2370 Norbano
1775 2328 2044 2380 consulibus,

1177 2401 1272 2428 cum
1307 2387 1427 2429 Sulla
1463 2387 1583 2429 bello
1616 2387 1911 2429 Mithridatico
1938 2399 2047 2430 con-

1176 2448 1292 2489 l'ecto
1329 2447 1369 2488 in
1406 2446 1570 2487 ltaliam
1607 2445 1742 2488 redux
1777 2451 1921 2501 partes
1955 2446 2046 2489 Ma-

1176 2508 1319 2548 rianas
1383 2507 1671 2561 oppugnavit.
1824 2506 2047 2549 Adversus

1176 2565 1338 2606 Sullam
1385 2565 1597 2606 acerrime
1638 2565 1890 2621 pugnabant
1923 2566 2046 2607 Sam-

1175 2626 1288 2665 nites
1344 2629 1386 2664 et
1435 2623 1588 2675 Tusci3
1651 2630 1915 2679 quapropter
1964 2624 2046 2666 hoc

1176 2683 1353 2734 bellum,
1390 2695 1473 2723 non
1495 2682 1668 2737 quidem
1698 2682 1870 2740 vulgari
1905 2684 2046 2740 signi-

1176 2743 1379 2784 ficatione
1424 2742 1499 2783 sed
1550 2754 1663 2783 nova
1717 2746 1838 2798 (nam
1887 2743 2048 2786 sociale

1176 2802 1338 2843 bellum
1373 2801 1485 2857 qnod
1513 2802 1688 2856 proprie
1712 2808 1892 2844 vocatur
1924 2815 2046 2845 com-

1177 2863 1362 2915 positum
1411 2867 1503 2902 erat
1550 2875 1589 2903 a.
1633 2861 1771 2918 666),
1833 2861 2047 2917 appellari

1177 2922 1315 2975 potuit
1349 2920 1526 2961 sociale.
1589 2920 1851 2963 Accuratius
1874 2921 2046 2964 locutus

1176 2987 1241 3021 est
1273 2979 1443 3021 'l'acitus
1481 2979 1529 3021 Η.
1574 2978 1627 3020 ΙΙΙ
1673 2980 1752 3023 72:
1804 2987 1975 3022 arserat
2008 2989 2046 3024 et

1176 3047 1274 3080 (ente
1310 3039 1567 3094 Capitolium
1597 3038 1716 3079 civiti
1746 3039 1869 3081 bello.

1265 3098 1429 3138 notioni
1461 3097 1872 3152 quindecimvirum:
1918 3112 1960 3141 v.
1993 3098 2046 3140 ad

1177 3156 1234 3199 ΙΙΙ
1270 3157 1340 3199 59.

1241 3214 1345 3269 Cap.
1379 3218 1443 3258 143.
1494 3216 2046 3273 incultaque—efflagitata.-

1175 3277 1320 3316 mitcm
1355 3288 1402 3317 se
1425 3274 1622 3317 Tiberius
1655 3275 1914 3331 praebuerat
1946 3282 2045 3318 ante

1177 3334 1241 3375 his
1277 3334 1647 3388 postulationibus
1679 3335 1854 3390 populi:
1896 3333 1933 3376 li
1967 3334 2038 3376 87.

1263 3393 1408 3448 quibus
1449 3409 1502 3435 em
1534 3395 1799 3450 provinciis.-
1843 3392 1957 3448 quod
1993 3405 2045 3433 ea*

1174 3454 1349 3506 reposui
1390 3466 1466 3507 pro
1493 3469 1513 3494 c
1536 3458 1802 3494 monstrante
1833 3451 2043 3506 quodam·

1179 3512 1305 3553 modo
1341 3514 1451 3553 viam
1487 3513 1699 3564 Mediceo,
1732 3522 1858 3552 nemo
1891 3521 2043 3562 repre-

1178 3570 1402 3617 henderit:
1438 3572 1554 3613 conf.
1589 3571 1647 3612 lv
1679 3572 1707 3613 6
1741 3584 1791 3610 eat
1821 3568 2041 3624 principe,-

1174 3631 1232 3672 :33
1263 3645 1315 3672 ex
1341 3633 1607 3687 prqpinqpto5
1670 3628 1719 3670 Η.
1754 3627 1771 3669 1
1801 3626 1830 3668 8
1861 3640 1914 3668 ex
1934 3640 2041 3683 pro,-
