2280 4004
214 297 241 330 a
270 283 319 328 G.
351 286 424 331 63.
770 286 938 331 LIBER
969 287 1064 332 XV.
1117 287 1234 332 Cu.
1267 289 1462 336 25-26.

1955 298 2045 340 263

214 430 321 483 cias
371 431 650 500 regebant,
700 431 854 485 iussis
911 418 1215 487 Corbulonis
1255 435 1495 502 obsequi,
1552 434 1605 486 in
1660 440 1848 488 tantum
1887 436 2046 490 ferme

211 521 414 573 modum
454 527 601 574 aucta
642 528 922 590 potestate,
961 540 1107 591 quem
1143 526 1356 591 populus
1390 528 1646 579 Romanus
1686 527 1859 579 Gnaeo
1896 527 2047 579 Pom-

210 613 326 679 peio
377 613 559 664 bellum
605 614 872 669 Piraticum
919 621 1128 682 gesturo
1176 616 1403 668 dederat.
1477 618 1784 684 Regressum
1821 618 2042 684 Paetum,

212 719 322 756 cum
365 705 606 771 graviora
643 711 905 771 metueret,
950 707 1147 758 facetiis
1186 708 1430 759 insectari
1466 709 1589 759 satis
1627 708 1800 759 habuit
1834 710 2039 774 Caesar,

209 793 289 847 his
326 795 485 847 ferme
521 796 719 861 verbis,
775 797 1049 864 ignoscere
1086 813 1143 850 se
1182 798 1379 863 statim,
1434 814 1500 850 ne
1549 803 1650 850 tam
1689 805 1945 866 promptus
1986 802 2077 853 ins

125 890 195 937 26
209 900 447 952 pavorem
486 885 722 954 longiore
756 887 1098 940 sollicitudine
1123 894 1465 956 aegresceret.
1519 890 1586 940 At
1609 889 1830 941 Corbulo
1859 895 2035 956 quarta

208 981 258 1030 et
294 977 611 1029 duodecuma
648 978 964 1046 legionibus,
1019 994 1147 1045 quae
1199 979 1477 1031 fortissimo
1524 994 1724 1046 quoque
1763 981 1950 1032 amisso
1989 986 2038 1033 et

205 1069 389 1128 ceteris
427 1070 681 1123 exterritis
720 1085 893 1136 parum
938 1070 1131 1124 habiles
1165 1071 1364 1136 proelio
1402 1071 1721 1135 videbantur,
1762 1072 1812 1122 in
1839 1072 2036 1138 Syriam

202 1159 475 1224 translatis,
515 1164 707 1211 sextam
745 1160 864 1212 inde
902 1176 962 1212 ac
1000 1161 1197 1212 tertiam
1237 1161 1499 1228 legioneS,
1537 1162 1786 1229 integrum
1827 1162 2034 1214 militem

204 1254 254 1302 et
305 1250 499 1302 crebris
555 1267 616 1303 ac
667 1251 925 1317 prosperis
973 1251 1232 1303 laboribus
1281 1252 1592 1317 exercitum,
1648 1254 1700 1303 in
1741 1253 2032 1305 Armeniam
2052 1268 2099 1304 ιο

202 1341 355 1397 ducit.
420 1341 730 1408 Addiditque
761 1342 1017 1409 legionem
1053 1343 1291 1408 quintam,
1336 1357 1465 1409 quae
1497 1359 1589 1409 per
1626 1344 1835 1395 Pontum
1871 1359 2032 1410 agens

202 1447 383 1498 expers
422 1432 582 1484 cladis
624 1433 803 1497 fuerat,
843 1433 989 1484 simul
1029 1433 1514 1499 quintadecumanos
1553 1449 1737 1486 recens
1765 1434 2030 1499 adductOS,

201 1527 251 1574 et
283 1523 467 1575 vexilla
503 1523 812 1577 delectorum
851 1540 915 1578 ex
955 1524 1156 1590 Illyrico
1196 1530 1246 1575 et
1283 1525 1537 1592 AegyptO,
1577 1527 1813 1591 quodque
1839 1525 2031 1577 alarum

203 1613 610 1681 cohortiumque,
661 1619 711 1666 et
745 1614 932 1667 auxilia
966 1631 1144 1682 regum
1182 1616 1235 1667 in
1275 1631 1427 1667 unum
1467 1616 1717 1668 conducta
1754 1615 1884 1681 apud
1923 1617 2034 1667 Me-

317 1788 361 1834 2.
394 1787 475 1832 Gn.
508 1785 589 1831 Ma.
678 1786 722 1830 8.
753 1786 895 1844 prael.
930 1786 1002 1831 Or.
1422 1790 1491 1832 13.
1525 1788 1684 1831 illirico
1705 1785 1785 1830 Ma.

199 1840 280 1890 Ma.
379 1847 447 1890 14.
480 1846 733 1889 cohortium.
769 1860 876 1903 quae
908 1854 948 1889 et
978 1845 1059 1889 Ma.
1096 1802 1215 1845 surm
1246 1787 1327 1832 ΜἎ.

1885 1794 2032 1844 eqypto

199 2003 388 2047 Medicei
433 2003 533 2044 citio
572 2013 650 2056 pro
697 2008 907 2057 perpetua
945 2002 1070 2045 litte..

200 2076 343 2106 rarum
375 2070 390 2105 t
424 2068 467 2104 et
488 2076 511 2103 c
532 2063 871 2105 commutatione
903 2068 968 2104 est
991 2075 1068 2117 pro

201 2123 334 2175 eicio,
367 2121 453 2163 hoc
487 2127 631 2162 autem
667 2120 820 2163 eodem
854 2121 980 2162 modo
1016 2135 1070 2163 ex

203 2182 354 2224 Cincio
402 2181 568 2238 (Cicio)
616 2186 788 2232 natum,
841 2186 887 2220 ut
934 2180 991 2222 XI
1043 2182 1068 2223 5

202 2242 316 2284 cicia
347 2253 402 2282 ex
427 2240 596 2282 Cincia.
654 2238 845 2282 Orellius
877 2240 996 2281 dedit
1019 2240 1067 2282 C.

203 2301 300 2354 Ilio,
327 2299 554 2341 hominem
587 2310 674 2339 non
711 2300 949 2355 cognitum,
983 2311 1069 2340 no-

200 2373 300 2402 men
333 2365 477 2401 autem
509 2364 595 2399 tam
628 2357 868 2411 insolitum,
889 2364 1070 2399 utnon..

201 2420 286 2460 nisi
329 2431 383 2460 ex
425 2429 598 2459 nummo
641 2417 851 2473 (Morellii
890 2417 1016 2459 Thes.
1051 2418 1069 2458 Ι

206 2491 248 2533 p.
269 2479 378 2534 201)
412 2477 459 2519 L.
484 2475 556 2517 1'1‘1
587 2477 731 2518 afferri
755 2477 905 2529 possit.
950 2476 1070 2528 Qua-

201 2542 380 2592 propter
411 2537 485 2591 qui
518 2537 776 2589 pronomine
811 2548 959 2577 carere
985 2548 1070 2576 no-

200 2597 278 2647 let,
311 2595 554 2649 simplicius
590 2595 638 2636 C.
669 2595 819 2635 Cincio
852 2607 1069 2649 reposue-

199 2656 270 2697 rit.
336 2653 461 2705 Quod
500 2653 681 2709 Pighius
735 2655 780 2694 in
825 2654 1068 2695 Annalibus

198 2715 288 2756 suis
331 2713 384 2755 ad
435 2712 476 2754 h.
519 2725 558 2755 a.
610 2713 748 2754 Cestio
791 2713 1068 2754 scribendum

198 2773 349 2823 suasit,
369 2771 659 2826 spernendum
684 2777 774 2813 est:
807 2772 928 2814 illum
954 2774 1067 2814 enim

199 2838 273 2874 aut
307 2831 491 2873 Cestium
528 2830 722 2882 Gallum,
767 2837 815 2871 ut
844 2831 895 2872 H.
930 2832 962 2871 V
999 2832 1067 2882 10,

200 2896 274 2933 aut
316 2889 599 2944 praenomine
640 2888 785 2930 addito
834 2895 1068 2930 vocaturus

202 2954 308 2992 crat.
362 2947 481 2989 Haec
501 2944 645 2988 Cincii
673 2947 917 2989 iurisdictio
948 2954 1068 2990 extra

200 3006 395 3050 ordinem
428 3018 638 3048 concessa
670 3006 784 3048 haud
815 3006 947 3049 dubie
989 3007 1069 3049 de-

200 3069 275 3109 siit
305 3071 402 3120 post
433 3064 598 3108 bellum
621 3078 646 3108 a
668 3064 918 3109 Corbulone
946 3079 1068 3108 com-

200 3126 404 3181 positum.
459 3123 607 3165 Gallus
640 3130 784 3167 autem
817 3139 856 3168 a.
890 3125 944 3168 67
983 3126 1069 3178 Sy-

200 3187 292 3227 riae
326 3184 602 3237 praepositus
636 3190 702 3225 est
733 3190 832 3238 post
875 3185 1067 3230 occisum

202 3242 510 3286 Corbulonem.

278 3302 591 3358 praefectisque
620 3309 661 3344 et
687 3302 1066 3357 procuratoribus.-

200 3361 413 3416 praesecti
446 3359 530 3401 hoc
570 3360 670 3402 loco
713 3363 937 3403 memorati
970 3367 1071 3403 sunt

201 3421 333 3462 duces
367 3417 610 3460 cohortium
644 3426 687 3460 et
730 3420 892 3462 alarum
923 3421 1069 3461 socia-

205 3481 310 3522 lium
348 3491 425 3532 per
466 3479 713 3531 provincias
758 3481 976 3531 minores,
1026 3480 1068 3519 in

203 3539 358 3594 quibus
394 3537 541 3579 nullae
572 3536 798 3594 legiones,
833 3538 1070 3592 disposita-

202 3610 311 3650 rum,
345 3596 398 3639 de
432 3609 613 3651 quorum
640 3598 780 3651 copiis
813 3597 1069 3651 accipienda

203 3654 337 3699 verba
357 3669 395 3699 c.
416 3654 474 3700 26
495 3654 683 3710 quodque
713 3654 884 3702 olerum
912 3655 1069 3699 cohor-

1155 2004 1351 2058 tiumque.
1412 2002 1643 2057 Perperam
1698 2002 1926 2044 Ernestius
1984 2008 2029 2044 et

1154 2063 1409 2118 pedisequi:
1437 2063 1703 2119 ‘praefectos
1743 2074 1822 2116 per
1855 2061 2027 2103 enalla-

1156 2136 1241 2179 gen
1278 2122 1417 2163 dictos
1449 2126 1569 2175 puto,
1634 2122 1761 2164 Solus
1797 2121 2027 2172 enivae-

1155 2183 1279 2238 gypti
1337 2194 1515 2235 praeses
1579 2180 1911 2237 intelligendus,
1972 2179 2028 2221 Et

1153 2242 1347 2297 Aegypti
1379 2242 1523 2281 statim
1559 2242 1724 2282 mentio
1759 2245 1804 2281 et
1837 2238 2024 2280 militum

1154 2300 1256 2343 inde
1289 2297 1598 2354 acceptorum?

1233 2360 1304 2415 qui
1335 2366 1585 2415 praetorum
1611 2359 1816 2413 finitimas
1842 2359 2026 2415 provin-

1156 2419 1246 2461 cias
1267 2418 1499 2474 regebant.-
1528 2419 1750 2474 genitivus
1774 2424 2026 2474 praetorum

1154 2490 1239 2519 non
1273 2477 1435 2531 pendet
1466 2490 1492 2518 a
1522 2478 1780 2531 pronomine
1826 2477 1897 2532 qui
1938 2478 2027 2531 (sic

1156 2538 1269 2579 enim
1312 2536 1463 2578 debuit
1504 2537 1698 2578 scribere
1736 2537 1810 2591 qui
1844 2543 2026 2592 praeto-

1154 2601 1263 2652 res),
1307 2595 1384 2637 sed
1418 2610 1443 2637 a
1474 2596 1651 2637 nomine
1679 2596 1885 2649 finitimas
1913 2609 2022 2650 pro-

1153 2656 1334 2697 vincias.
1379 2653 1631 2696 Praetorum
1667 2660 1810 2696 autem
1839 2655 2023 2709 provin-

1155 2716 1248 2757 ciae
1282 2716 1382 2756 sunt
1411 2714 1678 2770 praetoriae,
1713 2713 1755 2756 h.
1784 2727 1821 2755 e.
1852 2713 1894 2753 in
1918 2725 2026 2767 quas

1154 2775 1381 2817 mittuntur
1425 2775 1497 2828 qui
1549 2773 1727 2814 nomine
1776 2778 2025 2826 praetorum

1155 2834 1198 2873 in
1255 2832 1363 2872 urbe
1415 2833 1638 2888 agentium
1690 2833 1733 2872 in
1786 2832 2025 2885 provinciis

1154 2893 1301 2933 munia
1332 2903 1410 2931 sua
1442 2891 1607 2932 obeunt
1651 2893 2025 2946 (propraetores).

1155 2949 1223 2992 Cf.
1258 2954 1404 2991 annot.
1440 2949 1494 2990 ad
1528 2949 1544 2990 1
1580 2947 1650 2991 74.

1243 3008 1347 3062 Cap.
1397 3009 1469 3052 26.
1532 3007 1692 3051 vexilla
1737 3007 2023 3050 delectorum.-

1156 3067 1197 3111 h.
1236 3081 1275 3110 e.
1324 3067 1524 3123 singulos
1567 3066 1812 3122 manipulos
1857 3080 1911 3108 ex
1955 3067 2023 3109 le-

1155 3127 1359 3182 gionibus
1392 3125 1615 3167 delectos:
1660 3139 1683 3166 e
1725 3126 1907 3181 regione
1941 3138 2025 3179 po..

1154 3187 1264 3227 sitae
1298 3190 1399 3226 sunt
1431 3184 1529 3225 alae
1550 3184 1769 3226 sociorum
1800 3189 1843 3224 et
1867 3184 2026 3225 cohor-

1155 3252 1229 3285 tes.
1295 3241 1509 3284 Cohortes
1559 3244 1673 3284 enim
1726 3254 1837 3296 quae
1901 3242 1943 3284 h.
1994 3243 2022 3284 l.

1155 3308 1448 3344 memorantur
1489 3307 1588 3343 sunt
1643 3302 1766 3342 leves
1811 3301 1905 3342 sive
1948 3313 2024 3341 so-

1156 3361 1305 3404 cialeS.
1399 3361 1513 3416 apud
1540 3361 1796 3403 Melitenen:
1832 3365 1897 3400 est
1929 3359 2024 3401 Me-

1154 3421 1291 3462 litene
1332 3419 1635 3474 Cappadociae
1685 3419 1756 3459 vel
1790 3419 2024 3460 Armeniae

1155 3480 1347 3531 minoris,
1382 3478 1495 3519 haud
1527 3477 1677 3532 procul
1702 3477 1754 3518 ab
1784 3476 2023 3531 Euphrate,

1154 3539 1349 3594 regionis
1391 3537 1621 3579 Melitenes
1667 3542 1821 3590 caput:
1872 3535 2024 3578 Ptole-

1154 3609 1302 3638 maeus
1361 3597 1396 3637 V
1439 3598 1462 3638 7
1505 3598 1548 3648 ὃ.
1594 3597 1645 3647 5,
1699 3595 1794 3636 Vm
1848 3597 1896 3638 17
1947 3595 2019 3638 39.

1153 3655 1323 3711 Lipsius
1355 3653 1467 3698 falso
1501 3652 1713 3711 cogitavit
1734 3653 1788 3696 de
1810 3653 2019 3699 Susianae
