2280 4004
181 327 209 358 a
239 309 288 370 G.
325 314 415 359 15.’
789 306 955 354 LIBER
983 309 1016 354 1.
1080 303 1187 353 Cn.
1207 301 1409 354 '57-58,
1945 296 2004 347 ”et

181 458 431 525 profugus
472 455 535 508 ad
578 453 814 509 rebelles.
904 452 1169 505 Adductus
1221 455 1389 502 tamen
1435 448 1488 500 in
1531 460 1670 515 spem
1709 445 2006 498 clementiae

182 551 440 603 Romanae
474 547 677 614 pertulit
711 546 867 612 patris
922 543 1187 606 mandata3
1245 542 1568 610 benigneque
1605 543 1843 605 exceptus
1896 550 2007 589 cum

182 639 441 708 praesidio
483 638 726 689 Gallicam
773 637 825 686 in
863 637 1023 702 ripam
1061 634 1246 686 missus
1287 638 1379 684 est.
1456 630 1758 683 Germanico
1794 629 2008 705 pretium

187 731 278 782 suit
312 733 888 802 CQEY-fflltss-l'fijgnlfiffl
904 730 1280 792 pugnatumque
1314 724 1366 773 in
1396 722 1694 787 obsidentis,
1734 725 1783 773 et
1810 702 2010 787 ereptus

185 822 426 888 Segestes
463 834 645 886 magna
683 798 793 868 cum
840 817 1236 883 propinquorum
1272 819 1321 866 et
1359 814 1614 866 clientium
1652 827 1818 864 manu.
1894 812 2050 864 Ine-5

185 916 300 963 rant
338 911 557 962 feminae
591 908 817 971 nobiles;
857 908 989 958 inter
1027 921 1151 972 quas
1188 920 1319 957 uxor
1344 904 1559 956 Arminii
1600 905 1877 970 eademque
1911 903 2010 954 filia

188 1002 441 1069 Segestis,
490 999 655 1051 mariti
695 998 859 1065 magis
901 1011 1047 1063 quam
1086 997 1311 1062 parentis
1348 996 1543 1060 animo,
1592 1011 1756 1061 neque
1794 995 1928 1045 victa
1959 994 2013 1044 in

189 1094 426 1146 lae-rimas
455 1107 619 1158 neque
651 1105 782 1142 voce
819 1088 1044 1156 supplex,
1083 1088 1389 1153 compressis
1425 1088 1555 1138 intra
1583 1088 1746 1142 sinum
1783 1086 2014 1137 manibus

190 1185 455 1254 gravidum
510 1189 705 1235 uterum
765 1182 982 1232 intuens.
1080 1179 1392 1230 Ferebantur
1443 1182 1492 1230 et
1545 1178 1706 1244 spolia
1762 1177 2016 1228 Varianae

191 1277 368 1341 cladis,
406 1275 664 1342 plerisque
700 1288 875 1325 eorum
914 1271 997 1337 qui
1022 1276 1124 1321 tum
1148 1271 1200 1319 in
1229 1269 1537 1321 deditionem
1565 1269 1838 1320 veniebant
1862 1284 2016 1334 prae-
2033 1261 2081 1318 lo

104 1369 286 1423 58dae
325 1368 456 1419 data.
567 1365 723 1418 Simul
762 1365 1004 1431 Segestes
1056 1362 1195 1428 ipse,
1263 1361 1445 1428 ingens
1495 1361 1610 1412 visu
1669 1366 1717 1411 et
1771 1360 2015 1433 memoria

190 1457 645 1533 ¹³⁰⁰3‘2-§991‘JJ2‘55
671 1454 970 1521 impavidus.
1034 1453 1201 1505 Verba
1228 1453 1336 1504 eius
1369 1453 1420 1502 in
1447 1452 1581 1503 hunc
1605 1452 1808 1502 modum
1844 1449 2015 1502 fuere:

182 1551 306 1602 ‘non
345 1550 429 1601 hic
458 1528 603 1599 ‘mitff
636 1548 826 1615 primus
880 1560 1004 1613 erga
1050 1544 1287 1611 populum
1321 1544 1602 1597 Romanum
1650 1543 1767 1594 fidei
1805 1548 1853 1594 et
1891 1557 2019 1593 con-

192 1642 407 1694 stantiae
458 1640 585 1691 dies.
656 1639 733 1690 Ex
766 1652 864 1705 quo
906 1654 934 1688 a
973 1637 1091 1688 divo
1120 1635 1352 1702 Augusto
1393 1635 1596 1687 civitate
1635 1634 1851 1685 donatus
1889 1649 2016 1697 sum,

193 1733 385 1785 amicos
421 1731 757 1796 inimicosque
794 1745 858 1780 ex
892 1727 1077 1780 vestris
1116 1725 1411 1776 utilitatibus
1451 1725 1647 1792 delegi,
1695 1740 1860 1790 neque
1899 1723 2018 1774 odio
2036 1720 2085 1773 as

191 1824 383 1890 patriae
420 1822 629 1888 [quippe
680 1819 972 1885 proditores
1024 1818 1173 1869 etiam
1225 1817 1288 1867 iis
1345 1831 1472 1882 quos
1521 1820 1832 1882 anteponunt
1870 1814 2021 1865 invisi

193 1920 361 1981 sunt),
420 1928 596 1965 verum
653 1911 768 1978 quia
804 1910 1047 1963 Romanis
1100 1907 1466 1973 Germanisque
1515 1907 1650 1982 idem
1712 1906 2020 1979 conducere,

315 2039 358 2083 3.
388 2039 576 2096 presidio
606 2038 661 2080 Μ.
723 2038 766 2080 4.
805 2050 956 2078 acmen
978 2036 1033 2077 M.
1098 2036 1139 2077 5.
1174 2033 1450 2077 eticlientium
1483 2035 1523 2088 (i
1554 2040 1654 2075 ante
1689 2049 1711 2075 c
1742 2039 1904 2088 puncto
1937 2045 2024 2074 no-

199 2104 335 2156 tatur)
370 2099 423 2140 M.
487 2099 526 2141 7.
560 2103 740 2153 segestes
771 2096 826 2137 M.
889 2101 1094 2152 parentes
1125 2094 1179 2136 M.
1257 2096 1324 2137 12.
1358 2095 1447 2149 inp.
1480 2093 1535 2134 M.
1604 2094 1671 2136 13.
1707 2107 1936 2134 ramanum
1966 2091 2022 2135 M.

204 2159 271 2202 16.
303 2159 492 2200 invisunt
522 2157 586 2198 M:
618 2156 748 2197 invisi
777 2161 874 2196 sunt
905 2156 949 2195 in
982 2167 1069 2210 mg.
1093 2153 1132 2194 M
1167 2158 1210 2194 et
1241 2152 1482 2194 Beroaldus
1518 2154 1563 2193 in
1598 2152 1807 2193 editione.

202 2279 319 2314 tanto
337 2271 588 2328 promptior.
627 2268 754 2323 Apud
780 2267 964 2310 eundem
985 2279 1072 2307 non

202 2333 344 2373 minus
410 2343 544 2384 saepe
606 2330 795 2369 nominis
859 2327 1072 2369 adiectivi

205 2391 343 2432 forma
375 2389 660 2444 comparativi
693 2387 944 2441 praeeedit,
999 2399 1073 2427 se-

203 2456 366 2505 quente
397 2450 616 2504 positivo:
665 2446 724 2488 IV
745 2445 828 2488 48:
862 2452 979 2487 tanto
1000 2446 1074 2486 in-

202 2510 364 2564 fensius
414 2509 553 2562 caesi,
587 2533 643 2539 —-
675 2513 832 2561 quanto
861 2508 1074 2561 perfugae

203 2568 526 2610 incusabantur.
605 2566 663 2607 vl
702 2566 786 2608 45:
842 2570 960 2606 tanto
994 2578 1074 2604 ac-

209 2628 367 2683 ceptius
399 2629 446 2669 in
477 2625 660 2682 vulgum,
696 2629 853 2679 quanto
885 2623 1075 2664 modicus

202 2687 382 2742 privatis
423 2684 804 2739 aedificationibus.
883 2682 1074 2737 Aliquo-

205 2749 318 2788 tiens
350 2745 488 2787 altera
517 2747 654 2800 (tanto
677 2743 749 2785 vel
772 2744 839 2798 eo)
873 2755 928 2783 ex
952 2754 1075 2783 eom-

207 2804 460 2859 parantibus
492 2803 665 2846 voculis
686 2803 926 2844 omittitur:
958 2800 997 2842 ll
1022 2801 1074 2843 5:

209 2871 364 2918 quanto
393 2865 569 2905 acriora
597 2864 644 2905 in
664 2875 756 2903 eum
787 2861 928 2903 studia
957 2859 1076 2901 mili-

210 2930 294 2963 tum
326 2929 365 2963 et
395 2935 549 2963 aversa
579 2921 727 2976 patrui
755 2919 966 2972 voluntas,
1002 2934 1076 2960 ce..

211 2981 418 3022 lerandae
436 2982 642 3022 victoriae
662 2980 878 3021 intentior.
915 2979 972 3020 VI
997 2979 1074 3020 17:

212 3046 366 3094 quanto
387 3041 478 3094 quis
508 3039 766 3091 obaeratior,
784 3039 956 3094 aeqrius
988 3038 1078 3079 dis-

212 3098 453 3140 trahebant.
507 3097 564 3139 Vl
595 3099 680 3141 34:
723 3105 878 3152 quanto
909 3098 1079 3138 maiora

208 3164 423 3214 peterent,
474 3157 571 3214 plus
613 3157 779 3199 decoris
810 3182 865 3189 —-
899 3156 1076 3198 laturos.

213 3217 263 3258 n.
294 3215 446 3258 11118:
478 3218 650 3258 moenia
679 3223 835 3271 quanto
865 3214 959 3272 plus
990 3215 1082 3270 spei

213 3276 270 3315 acl
300 3276 514 3331 effuyium,
545 3276 753 3316 minorem
785 3275 842 3315 ad
872 3274 1080 3315 resisten-

214 3334 310 3374 dum
340 3334 528 3374 animam
561 3333 732 3374 dabant.
808 3332 888 3375 58:
924 3339 1080 3387 quanto

214 3393 304 3447 quis
346 3391 536 3443 clarior,
586 3392 724 3432 minus
760 3391 881 3444 fidus.
946 3391 1083 3432 Maior

214 3451 393 3493 licentia
427 3451 661 3503 conspicua
692 3448 812 3490 174:
845 3456 1082 3502 quantoque

212 3513 427 3552 incautius
451 3511 691 3566 efferverat,
710 3508 978 3562 paenitentia
997 3521 1082 3561 pa-

214 3572 321 3612 tiens
362 3569 469 3612 tulit.
530 3568 632 3611 12:
686 3566 817 3607 ceteri
862 3565 1079 3617 nobilium,

215 3636 369 3682 quanto
393 3629 484 3684 quis
503 3627 673 3670 servitio
699 3626 951 3682 promptior,
986 3625 1081 3680 opi-

216 3687 290 3734 bus
320 3696 361 3735 et
389 3687 618 3735 honoribus
658 3684 976 3732 extollerentur.
1024 3681 1082 3730 Vl

1155 2266 1237 2309 26:
1275 2273 1430 2321 quanto
1446 2267 1624 2322 propius
1651 2266 1767 2306 mala
1788 2266 1855 2307 rei
1879 2263 2027 2321 publi-

1155 2340 1231 2367 cae
1262 2327 1431 2378 viseret,
1452 2351 1507 2357 —
1534 2325 1754 2366 honestum
1789 2326 1916 2379 finem
1948 2338 2027 2365 vo-

1153 2385 1295 2426 luisse.
1358 2385 1409 2426 H.
1443 2384 1461 2425 I
1498 2383 1576 2427 14:
1625 2398 1676 2425 ea
1714 2399 1820 2440 pars
1863 2396 2027 2425 morum

1153 2446 1243 2486 eius
1275 2458 1353 2498 quo
1385 2445 1619 2500 suspectior
1650 2443 1869 2496 sollicitis,
1916 2444 2026 2484 ado-

1147 2504 1291 2559 ptanti
1306 2502 1521 2559 placebat.
1572 2504 1622 2544 Η.
1655 2503 1691 2543 II
1716 2505 1796 2544 11:
1831 2516 1908 2557 quo
1930 2502 2027 2558 plus

1151 2564 1306 2605 virium
1330 2577 1383 2603 ac
1401 2562 1581 2615 roboris,
1617 2577 1637 2603 e
1659 2562 1820 2616 fiducia
1844 2563 2027 2604 tarditas

1150 2625 1309 2664 inerat.
1382 2621 1613 2676 Perperam
1662 2621 1747 2662 huc
1779 2622 1934 2663 referri
1967 2620 2026 2662 lv

1152 2682 1210 2724 69
1240 2693 1318 2723 suo
1353 2679 1452 2722 loeo
1487 2681 1649 2722 dictum
1685 2687 1764 2722 est.
2081 2718 2089 2731 -,

1259 2741 1515 2783 Germanico
1555 2741 1738 2797 pretium
1780 2741 1887 2795 suit:
1939 2751 2026 2778 non
2088 2734 2093 2762 7

1155 2812 1318 2854 operae
1369 2801 1557 2853 pretium
1612 2801 1746 2840 cisum
1798 2804 1886 2848 cst,
1950 2797 2028 2839 sed

1156 2861 1295 2913 ipsum
1328 2861 1515 2913 pretium
1543 2859 1655 2910 tulit,
1685 2857 1800 2913 quod
1833 2857 1910 2898 ille
1944 2870 2027 2911 ag-

1157 2932 1255 2960 men
1278 2932 1333 2959 ex
1352 2917 1520 2959 Chattis
1542 2917 1595 2959 ad
1619 2917 1818 2959 Rhenum
1851 2928 2025 2957 versum

1157 2979 1203 3018 in
1251 2979 1411 3019 itinere
1454 2977 1509 3019 ad
1551 2977 1660 3018 fines
1705 2975 2027 3018 Cheruscorum

1160 3037 1392 3079 convertit.
1447 3036 1690 3078 Theodisce
1709 3037 1999 3088 interpretare
2016 3047 2027 3074 z

1161 3097 1440 3138 Germanicus
1468 3095 1547 3137 sah
1579 3096 1669 3138 sich
1706 3094 1897 3145 belohnt,
1931 3094 2029 3134 dass

1159 3169 1206 3196 er
1253 3157 1329 3197 mit
1357 3155 1464 3196 ·dem
1507 3156 1769 3208 Heereszuqe
1820 3154 2029 3192 seitwdrts

1160 3213 1297 3268 (nach
1325 3213 1524 3269 Norden)
1558 3213 1722 3267 einboq.
1795 3211 1865 3252 Sic
1898 3211 1941 3250 in
1976 3209 2026 3249 11.

1157 3272 1285 3314 1118:
1317 3274 1363 3313 in
1397 3271 1706 3314 Veronensibus
1734 3270 1918 3324 pretinm
1947 3268 2030 3322 suit

1159 3330 1270 3371 nihil
1293 3336 1358 3371 est
1382 3332 1466 3371 nisi
1492 3336 1703 3383 occupata
1732 3329 1904 3369 Verona
1926 3338 2029 3380 pre-

1159 3391 1266 3429 tium
1299 3388 1461 3429 laboris
1508 3387 1640 3430 dedit.
1713 3385 1841 3427 Conf.
1875 3385 1911 3426 11
1943 3385 2028 3427 35:

1159 3449 1206 3488 ni
1234 3449 1418 3501 pretium
1448 3450 1561 3501 soret
1593 3472 1647 3479 --
1678 3459 1869 3487 noscere.
1934 3443 2030 3485 Non

1162 3505 1342 3546 multum
1366 3504 1531 3546 abludit
1554 3507 1666 3547 ratio
1699 3506 1780 3560 suit
1810 3504 2028 3544 infinitivo

1165 3564 1460 3618 subsequente
1500 3571 1547 3605 ut
1590 3565 1640 3606 ll.
1672 3563 1728 3606 111
1762 3565 1843 3607 22:
1899 3561 2031 3605 Vitel-

1166 3623 1308 3665 lianus
1362 3625 1595 3676 exercitus,
1648 3625 1717 3665 cui
1762 3622 2032 3678 acquiescere

1168 3683 1407 3730 Cremonae
1439 3708 1496 3720 --
1525 3685 1638 3729 ratio
1669 3684 1766 3744 suit.
