<?xml version="1.0" encoding="UTF-8"?>
<!DOCTYPE html PUBLIC "-//W3C//DTD XHTML 1.0 Transitional//EN"
    "http://www.w3.org/TR/xhtml1/DTD/xhtml1-transitional.dtd">
<html xmlns="http://www.w3.org/1999/xhtml" xml:lang="en" lang="en">
 <head>
  <title>
</title>
<meta http-equiv="Content-Type" content="text/html;charset=utf-8" />
  <meta name='ocr-system' content='tesseract 3.04.00' />
  <meta name='ocr-capabilities' content='ocr_page ocr_carea ocr_par ocr_line ocrx_word'/>
</head>
<body>
  <div class='ocr_page' id='page_1' title='image "./operaadcodicesan01taciuoft_0650.png"; bbox 0 0 2280 4004; ppageno 0'>
   <div class='ocr_carea' id='block_1_1' title="bbox 279 285 2115 344">
    <p class='ocr_par' dir='ltr' id='par_1_1' title="bbox 279 285 2115 344">
     <span class='ocr_line' id='line_1_1' title="bbox 279 285 2115 344; baseline -0.001 0"><span class='ocrx_word' id='word_1_1' title='bbox 279 285 374 344; x_wconf 65' lang='lat' dir='ltr'>‘eoo</span> <span class='ocrx_word' id='word_1_2' title='bbox 956 286 966 293; x_wconf 80' lang='grc'><strong><em>”</em></strong></span> <span class='ocrx_word' id='word_1_3' title='bbox 1046 286 1339 339; x_wconf 80' lang='lat' dir='ltr'><strong>ANNALIVM</strong></span> <span class='ocrx_word' id='word_1_4' title='bbox 1859 309 1900 341; x_wconf 81' lang='lat' dir='ltr'>a.</span> <span class='ocrx_word' id='word_1_5' title='bbox 1924 287 1974 342; x_wconf 58' lang='grc' dir='ltr'>ἢ.</span> <span class='ocrx_word' id='word_1_6' title='bbox 2004 286 2115 344; x_wconf 73' lang='lat'>8132</span> 
     </span>
    </p>
   </div>
   <div class='ocr_carea' id='block_1_2' title="bbox 224 428 2119 1427">
    <p class='ocr_par' dir='ltr' id='par_1_2' title="bbox 224 428 2119 1427">
     <span class='ocr_line' id='line_1_2' title="bbox 274 428 2118 512; baseline -0.001 -16"><span class='ocrx_word' id='word_1_7' title='bbox 274 428 578 512; x_wconf 78' lang='lat' dir='ltr'><strong>propulsare</strong></span> <span class='ocrx_word' id='word_1_8' title='bbox 636 441 820 492; x_wconf 88' lang='lat' dir='ltr'>famem</span> <span class='ocrx_word' id='word_1_9' title='bbox 864 438 1050 491; x_wconf 88' lang='lat' dir='ltr'>adacti.</span> <span class='ocrx_word' id='word_1_10' title='bbox 1122 439 1205 491; x_wconf 92' lang='lat' dir='ltr'>Ad</span> <span class='ocrx_word' id='word_1_11' title='bbox 1252 439 1351 491; x_wconf 91' lang='lat' dir='ltr'>hoc</span> <span class='ocrx_word' id='word_1_12' title='bbox 1404 439 1616 506; x_wconf 87' lang='lat' dir='ltr'>penuria</span> <span class='ocrx_word' id='word_1_13' title='bbox 1655 432 1872 508; x_wconf 78' lang='lat' dir='ltr'>aquae,</span> <span class='ocrx_word' id='word_1_14' title='bbox 1917 434 2118 496; x_wconf 59' lang='lat' dir='ltr'>fervida</span> 
     </span>
     <span class='ocr_line' id='line_1_3' title="bbox 283 529 2112 602; baseline -0.001 -14"><span class='ocrx_word' id='word_1_15' title='bbox 283 539 486 599; x_wconf 89' lang='lat' dir='ltr'>aestas,</span> <span class='ocrx_word' id='word_1_16' title='bbox 530 533 809 600; x_wconf 86' lang='lat' dir='ltr'>longinqua</span> <span class='ocrx_word' id='word_1_17' title='bbox 859 529 1043 583; x_wconf 92' lang='lat' dir='ltr'>itinera</span> <span class='ocrx_word' id='word_1_18' title='bbox 1096 533 1207 584; x_wconf 93' lang='lat' dir='ltr'>sola</span> <span class='ocrx_word' id='word_1_19' title='bbox 1259 531 1404 584; x_wconf 89' lang='lat' dir='ltr'>ducis</span> <span class='ocrx_word' id='word_1_20' title='bbox 1457 533 1697 600; x_wconf 89' lang='lat' dir='ltr'>patientia</span> <span class='ocrx_word' id='word_1_21' title='bbox 1735 533 2112 602; x_wconf 80' lang='lat' dir='ltr'>mitigabantur,</span> 
     </span>
     <span class='ocr_line' id='line_1_4' title="bbox 284 623 2116 691; baseline 0 -15"><span class='ocrx_word' id='word_1_22' title='bbox 284 625 463 677; x_wconf 88' lang='lat' dir='ltr'>eadem</span> <span class='ocrx_word' id='word_1_23' title='bbox 517 623 762 690; x_wconf 87' lang='lat' dir='ltr'>pluraque</span> <span class='ocrx_word' id='word_1_24' title='bbox 819 623 1063 691; x_wconf 89' lang='lat' dir='ltr'>gregario</span> <span class='ocrx_word' id='word_1_25' title='bbox 1114 623 1272 676; x_wconf 91' lang='lat' dir='ltr'>milite</span> <span class='ocrx_word' id='word_1_26' title='bbox 1324 623 1606 676; x_wconf 86' lang='lat' dir='ltr'>tolerantis.</span> <span class='ocrx_word' id='word_1_27' title='bbox 1678 625 1892 677; x_wconf 90' lang='lat' dir='ltr'>Ventum</span> <span class='ocrx_word' id='word_1_28' title='bbox 1929 624 2116 678; x_wconf 85' lang='lat' dir='ltr'>dehinc</span> 
     </span>
     <span class='ocr_line' id='line_1_5' title="bbox 281 714 2114 793; baseline 0.002 -28"><span class='ocrx_word' id='word_1_29' title='bbox 281 715 337 766; x_wconf 90' lang='lat' dir='ltr'>in</span> <span class='ocrx_word' id='word_1_30' title='bbox 369 714 515 767; x_wconf 93' lang='lat' dir='ltr'>locos</span> <span class='ocrx_word' id='word_1_31' title='bbox 552 715 714 767; x_wconf 89' lang='lat' dir='ltr'>cultos</span> <span class='ocrx_word' id='word_1_32' title='bbox 735 753 749 780; x_wconf 90' lang='lat'>,</span> <span class='ocrx_word' id='word_1_33' title='bbox 787 714 1154 793; x_wconf 71' lang='lat' dir='ltr'>demessaeque</span> <span class='ocrx_word' id='word_1_34' title='bbox 1190 719 1425 783; x_wconf 83' lang='lat' dir='ltr'>segeteS,</span> <span class='ocrx_word' id='word_1_35' title='bbox 1465 720 1515 767; x_wconf 94' lang='lat' dir='ltr'>et</span> <span class='ocrx_word' id='word_1_36' title='bbox 1552 732 1617 768; x_wconf 85' lang='lat' dir='ltr'>ex</span> <span class='ocrx_word' id='word_1_37' title='bbox 1645 715 1842 769; x_wconf 92' lang='lat' dir='ltr'>duobus</span> <span class='ocrx_word' id='word_1_38' title='bbox 1873 715 2114 783; x_wconf 80' lang='lat' dir='ltr'><strong>castellis,</strong></span> 
     </span>
     <span class='ocr_line' id='line_1_6' title="bbox 246 807 2116 878; baseline 0.003 -21"><span class='ocrx_word' id='word_1_39' title='bbox 246 808 339 860; x_wconf 77' lang='lat' dir='ltr'>sin</span> <span class='ocrx_word' id='word_1_40' title='bbox 380 822 511 875; x_wconf 89' lang='lat' dir='ltr'>quae</span> <span class='ocrx_word' id='word_1_41' title='bbox 547 807 885 875; x_wconf 81' lang='lat' dir='ltr'>confugerant</span> <span class='ocrx_word' id='word_1_42' title='bbox 925 807 1183 873; x_wconf 83' lang='lat' dir='ltr'>Armenii,</span> <span class='ocrx_word' id='word_1_43' title='bbox 1245 807 1456 860; x_wconf 90' lang='lat' dir='ltr'>alterum</span> <span class='ocrx_word' id='word_1_44' title='bbox 1509 807 1698 876; x_wconf 90' lang='lat' dir='ltr'>impetu</span> <span class='ocrx_word' id='word_1_45' title='bbox 1748 815 1989 878; x_wconf 50' lang='lat' dir='ltr'>captum3¹</span> <span class='ocrx_word' id='word_1_46' title='bbox 2029 809 2116 878; x_wconf 82' lang='lat' dir='ltr'>qui</span> 
     </span>
     <span class='ocr_line' id='line_1_7' title="bbox 282 898 2119 970; baseline 0.002 -20"><span class='ocrx_word' id='word_1_47' title='bbox 282 899 495 967; x_wconf 83' lang='lat' dir='ltr'>primam</span> <span class='ocrx_word' id='word_1_48' title='bbox 528 898 630 951; x_wconf 89' lang='lat' dir='ltr'>vim</span> <span class='ocrx_word' id='word_1_49' title='bbox 668 898 982 965; x_wconf 87' lang='lat' dir='ltr'>depulerant,</span> <span class='ocrx_word' id='word_1_50' title='bbox 1023 898 1294 952; x_wconf 87' lang='lat' dir='ltr'>obsidione</span> <span class='ocrx_word' id='word_1_51' title='bbox 1329 904 1594 968; x_wconf 90' lang='lat' dir='ltr'>coguntur.</span> <span class='ocrx_word' id='word_1_52' title='bbox 1667 900 1812 954; x_wconf 88' lang='lat' dir='ltr'>Unde</span> <span class='ocrx_word' id='word_1_53' title='bbox 1847 901 1902 952; x_wconf 86' lang='lat' dir='ltr'>in</span> <span class='ocrx_word' id='word_1_54' title='bbox 1935 901 2119 970; x_wconf 84' lang='lat' dir='ltr'>regio-</span> 
     </span>
     <span class='ocr_line' id='line_1_8' title="bbox 282 990 2113 1059; baseline 0.002 -16"><span class='ocrx_word' id='word_1_55' title='bbox 282 1006 399 1043; x_wconf 87' lang='lat' dir='ltr'>nem</span> <span class='ocrx_word' id='word_1_56' title='bbox 438 990 813 1043; x_wconf 83' lang='lat' dir='ltr'>Tauraunitium</span> <span class='ocrx_word' id='word_1_57' title='bbox 852 996 1206 1059; x_wconf 88' lang='lat' dir='ltr'>transgressus</span> <span class='ocrx_word' id='word_1_58' title='bbox 1245 991 1558 1059; x_wconf 86' lang='lat' dir='ltr'>inprovisum</span> <span class='ocrx_word' id='word_1_59' title='bbox 1603 993 1882 1059; x_wconf 86' lang='lat' dir='ltr'>periculum</span> <span class='ocrx_word' id='word_1_60' title='bbox 1918 993 2113 1046; x_wconf 78' lang='lat' dir='ltr'>vitavit.</span> 
     </span>
     <span class='ocr_line' id='line_1_9' title="bbox 282 1080 2118 1151; baseline 0.001 -16"><span class='ocrx_word' id='word_1_61' title='bbox 282 1080 409 1136; x_wconf 85' lang='lat' dir='ltr'>Nam</span> <span class='ocrx_word' id='word_1_62' title='bbox 456 1081 590 1133; x_wconf 91' lang='lat' dir='ltr'>haud</span> <span class='ocrx_word' id='word_1_63' title='bbox 626 1081 804 1149; x_wconf 90' lang='lat' dir='ltr'>procul</span> <span class='ocrx_word' id='word_1_64' title='bbox 851 1082 1071 1133; x_wconf 89' lang='lat' dir='ltr'>tentorio</span> <span class='ocrx_word' id='word_1_65' title='bbox 1115 1083 1223 1136; x_wconf 90' lang='lat' dir='ltr'>eius</span> <span class='ocrx_word' id='word_1_66' title='bbox 1272 1097 1377 1135; x_wconf 92' lang='lat' dir='ltr'>non</span> <span class='ocrx_word' id='word_1_67' title='bbox 1427 1083 1669 1151; x_wconf 92' lang='lat' dir='ltr'>ignobilis</span> <span class='ocrx_word' id='word_1_68' title='bbox 1708 1084 1957 1137; x_wconf 90' lang='lat' dir='ltr'>barbarus</span> <span class='ocrx_word' id='word_1_69' title='bbox 2003 1098 2118 1137; x_wconf 86' lang='lat' dir='ltr'>cum</span> 
     </span>
     <span class='ocr_line' id='line_1_10' title="bbox 284 1172 2116 1242; baseline 0.002 -17"><span class='ocrx_word' id='word_1_70' title='bbox 284 1174 387 1227; x_wconf 89' lang='lat' dir='ltr'>telo</span> <span class='ocrx_word' id='word_1_71' title='bbox 426 1179 656 1241; x_wconf 88' lang='lat' dir='ltr'>repertus</span> <span class='ocrx_word' id='word_1_72' title='bbox 695 1172 927 1225; x_wconf 91' lang='lat' dir='ltr'>ordinem</span> <span class='ocrx_word' id='word_1_73' title='bbox 965 1174 1266 1227; x_wconf 89' lang='lat' dir='ltr'>insidiarum</span> <span class='ocrx_word' id='word_1_74' title='bbox 1322 1189 1479 1242; x_wconf 90' lang='lat' dir='ltr'>seque</span> <span class='ocrx_word' id='word_1_75' title='bbox 1529 1180 1789 1228; x_wconf 86' lang='lat' dir='ltr'>auctorem</span> <span class='ocrx_word' id='word_1_76' title='bbox 1837 1179 1888 1229; x_wconf 90' lang='lat' dir='ltr'>et</span> <span class='ocrx_word' id='word_1_77' title='bbox 1938 1176 2116 1229; x_wconf 87' lang='lat' dir='ltr'>socios</span> 
     </span>
     <span class='ocr_line' id='line_1_11' title="bbox 224 1264 2118 1335; baseline 0.002 -19"><span class='ocrx_word' id='word_1_78' title='bbox 224 1279 273 1316; x_wconf 72' lang='lat' dir='ltr'>io</span> <span class='ocrx_word' id='word_1_79' title='bbox 287 1280 377 1334; x_wconf 89' lang='lat' dir='ltr'>per</span> <span class='ocrx_word' id='word_1_80' title='bbox 412 1270 663 1318; x_wconf 89' lang='lat' dir='ltr'>tormenta</span> <span class='ocrx_word' id='word_1_81' title='bbox 701 1264 891 1328; x_wconf 82' lang='lat' dir='ltr'>edidit3</span> <span class='ocrx_word' id='word_1_82' title='bbox 956 1265 1280 1334; x_wconf 85' lang='lat' dir='ltr'>convictique</span> <span class='ocrx_word' id='word_1_83' title='bbox 1333 1271 1382 1318; x_wconf 90' lang='lat' dir='ltr'>et</span> <span class='ocrx_word' id='word_1_84' title='bbox 1418 1267 1578 1333; x_wconf 91' lang='lat' dir='ltr'>puniti</span> <span class='ocrx_word' id='word_1_85' title='bbox 1624 1271 1747 1319; x_wconf 89' lang='lat' dir='ltr'>sunt</span> <span class='ocrx_word' id='word_1_86' title='bbox 1802 1267 1887 1334; x_wconf 90' lang='lat' dir='ltr'>qui</span> <span class='ocrx_word' id='word_1_87' title='bbox 1943 1267 2118 1335; x_wconf 88' lang='lat' dir='ltr'>specie</span> 
     </span>
     <span class='ocr_line' id='line_1_12' title="bbox 287 1356 2118 1427; baseline 0.001 -17"><span class='ocrx_word' id='word_1_88' title='bbox 287 1357 542 1410; x_wconf 86' lang='lat' dir='ltr'>amicitiae</span> <span class='ocrx_word' id='word_1_89' title='bbox 576 1356 745 1408; x_wconf 91' lang='lat' dir='ltr'>dolum</span> <span class='ocrx_word' id='word_1_90' title='bbox 775 1357 1038 1423; x_wconf 87' lang='lat' dir='ltr'>parabant.</span> <span class='ocrx_word' id='word_1_91' title='bbox 1112 1359 1218 1410; x_wconf 88' lang='lat' dir='ltr'>Nec</span> <span class='ocrx_word' id='word_1_92' title='bbox 1245 1357 1400 1410; x_wconf 92' lang='lat' dir='ltr'>multo</span> <span class='ocrx_word' id='word_1_93' title='bbox 1427 1363 1544 1425; x_wconf 91' lang='lat' dir='ltr'>post</span> <span class='ocrx_word' id='word_1_94' title='bbox 1569 1358 1724 1427; x_wconf 90' lang='lat' dir='ltr'>legati</span> <span class='ocrx_word' id='word_1_95' title='bbox 1749 1358 2118 1426; x_wconf 74' lang='lat' dir='ltr'>Tigranocerta</span> 
     </span>
    </p>
   </div>
   <div class='ocr_carea' id='block_1_3' title="bbox 286 1448 2142 1701">
    <p class='ocr_par' dir='ltr' id='par_1_3' title="bbox 286 1448 2142 1701">
     <span class='ocr_line' id='line_1_13' title="bbox 286 1448 2112 1516; baseline -0.001 -16"><span class='ocrx_word' id='word_1_96' title='bbox 286 1449 427 1501; x_wconf 92' lang='lat' dir='ltr'>missi</span> <span class='ocrx_word' id='word_1_97' title='bbox 476 1453 651 1516; x_wconf 85' lang='lat' dir='ltr'>patere</span> <span class='ocrx_word' id='word_1_98' title='bbox 695 1448 898 1500; x_wconf 91' lang='lat' dir='ltr'>moenia</span> <span class='ocrx_word' id='word_1_99' title='bbox 951 1448 1215 1514; x_wconf 90' lang='lat' dir='ltr'>adferunt,</span> <span class='ocrx_word' id='word_1_100' title='bbox 1279 1449 1501 1501; x_wconf 90' lang='lat' dir='ltr'>intentos</span> <span class='ocrx_word' id='word_1_101' title='bbox 1542 1449 1801 1516; x_wconf 90' lang='lat' dir='ltr'>popularis</span> <span class='ocrx_word' id='word_1_102' title='bbox 1855 1448 1920 1501; x_wconf 91' lang='lat' dir='ltr'>ad</span> <span class='ocrx_word' id='word_1_103' title='bbox 1956 1449 2112 1501; x_wconf 84' lang='lat' dir='ltr'>iussa.</span> 
     </span>
     <span class='ocr_line' id='line_1_14' title="bbox 286 1540 2119 1609; baseline -0.001 -14"><span class='ocrx_word' id='word_1_104' title='bbox 286 1540 445 1595; x_wconf 88' lang='lat' dir='ltr'>Simul</span> <span class='ocrx_word' id='word_1_105' title='bbox 479 1540 729 1607; x_wconf 91' lang='lat' dir='ltr'>hospitale</span> <span class='ocrx_word' id='word_1_106' title='bbox 761 1540 965 1607; x_wconf 89' lang='lat' dir='ltr'>donum,</span> <span class='ocrx_word' id='word_1_107' title='bbox 1009 1555 1252 1592; x_wconf 91' lang='lat' dir='ltr'>coronam</span> <span class='ocrx_word' id='word_1_108' title='bbox 1290 1555 1512 1607; x_wconf 86' lang='lat' dir='ltr'>auream,</span> <span class='ocrx_word' id='word_1_109' title='bbox 1548 1540 1852 1607; x_wconf 84' lang='lat' dir='ltr'>tradebant3</span> <span class='ocrx_word' id='word_1_110' title='bbox 1889 1541 2119 1609; x_wconf 58' lang='lat' dir='ltr'>accepit»-</span> 
     </span>
     <span class='ocr_line' id='line_1_15' title="bbox 288 1625 2142 1701; baseline 0.001 -17"><span class='ocrx_word' id='word_1_111' title='bbox 288 1647 386 1700; x_wconf 87' lang='lat' dir='ltr'>que</span> <span class='ocrx_word' id='word_1_112' title='bbox 424 1648 535 1684; x_wconf 88' lang='lat' dir='ltr'>cum</span> <span class='ocrx_word' id='word_1_113' title='bbox 576 1632 808 1698; x_wconf 80' lang='lat' dir='ltr'>honore3</span> <span class='ocrx_word' id='word_1_114' title='bbox 858 1648 956 1686; x_wconf 90' lang='lat' dir='ltr'>nec</span> <span class='ocrx_word' id='word_1_115' title='bbox 995 1633 1263 1701; x_wconf 87' lang='lat' dir='ltr'>quicquam</span> <span class='ocrx_word' id='word_1_116' title='bbox 1301 1633 1417 1685; x_wconf 91' lang='lat' dir='ltr'>urbi</span> <span class='ocrx_word' id='word_1_117' title='bbox 1455 1633 1763 1700; x_wconf 90' lang='lat' dir='ltr'>detractum,</span> <span class='ocrx_word' id='word_1_118' title='bbox 1805 1646 1905 1701; x_wconf 91' lang='lat' dir='ltr'>quo</span> <span class='ocrx_word' id='word_1_119' title='bbox 1942 1625 2142 1701; x_wconf 64' lang='lat' dir='ltr'>prom-⁴</span> 
     </span>
    </p>
   </div>
   <div class='ocr_carea' id='block_1_4' title="bbox 282 1830 1219 2128">
    <p class='ocr_par' dir='ltr' id='par_1_4' title="bbox 282 1830 1205 2128">
     <span class='ocr_line' id='line_1_16' title="bbox 410 1830 704 1887; baseline -0.003 -12"><span class='ocrx_word' id='word_1_120' title='bbox 410 1833 448 1875; x_wconf 89' lang='lat'>1.</span> <span class='ocrx_word' id='word_1_121' title='bbox 484 1845 592 1887; x_wconf 90' lang='lat' dir='ltr'>aque</span> <span class='ocrx_word' id='word_1_122' title='bbox 623 1830 704 1874; x_wconf 70' lang='lat' dir='ltr'>Ma.</span> 
     </span>
     <span class='ocr_line' id='line_1_17' title="bbox 282 1890 429 1949; baseline 0.014 -17"><span class='ocrx_word' id='word_1_123' title='bbox 282 1890 429 1949; x_wconf 82' lang='lat' dir='ltr'>plura.</span> 
     </span>
     <span class='ocr_line' id='line_1_18' title="bbox 286 1950 1181 2008; baseline 0.003 -16"><span class='ocrx_word' id='word_1_124' title='bbox 286 1965 499 2007; x_wconf 87' lang='lat' dir='ltr'>messeque</span> <span class='ocrx_word' id='word_1_125' title='bbox 530 1950 611 1994; x_wconf 73' lang='lat' dir='ltr'>Ma.</span> <span class='ocrx_word' id='word_1_126' title='bbox 714 1953 756 1994; x_wconf 88' lang='lat'>5.</span> <span class='ocrx_word' id='word_1_127' title='bbox 789 1953 916 2007; x_wconf 86' lang='lat' dir='ltr'>inque</span> <span class='ocrx_word' id='word_1_128' title='bbox 948 1955 1066 2008; x_wconf 81' lang='lat' dir='ltr'>conf.</span> <span class='ocrx_word' id='word_1_129' title='bbox 1100 1951 1181 1995; x_wconf 73' lang='lat' dir='ltr'>Ma.</span> 
     </span>
     <span class='ocr_line' id='line_1_19' title="bbox 288 2010 1219 2068; baseline 0.005 -16"><span class='ocrx_word' id='word_1_130' title='bbox 288 2012 405 2054; x_wconf 85' lang='lat' dir='ltr'>tium.</span> <span class='ocrx_word' id='word_1_131' title='bbox 531 2013 600 2054; x_wconf 83' lang='lat'>11.</span> <span class='ocrx_word' id='word_1_132' title='bbox 635 2011 932 2068; x_wconf 74' lang='lat' dir='ltr'>triqanocerta</span> <span class='ocrx_word' id='word_1_133' title='bbox 959 2010 1041 2056; x_wconf 72' lang='lat' dir='ltr'>Ma.</span> <span class='ocrx_word' id='word_1_134' title='bbox 1151 2014 1219 2057; x_wconf 84' lang='lat'>12.</span> 
     </span>
     <span class='ocr_line' id='line_1_20' title="bbox 288 2069 841 2128; baseline 0 -14"><span class='ocrx_word' id='word_1_135' title='bbox 288 2069 370 2125; x_wconf 71' lang='lat' dir='ltr'>Ma,</span> <span class='ocrx_word' id='word_1_136' title='bbox 397 2070 630 2128; x_wconf 83' lang='lat' dir='ltr'>populares</span> <span class='ocrx_word' id='word_1_137' title='bbox 663 2083 760 2114; x_wconf 89' lang='lat' dir='ltr'>corr</span> <span class='ocrx_word' id='word_1_138' title='bbox 793 2070 841 2114; x_wconf 91' lang='lat' dir='ltr'>G.</span> 
     </span>
    </p>
   </div>
   <div class='ocr_carea' id='block_1_5' title="bbox 293 2258 1176 3741">
    <p class='ocr_par' dir='ltr' id='par_1_5' title="bbox 293 2258 1171 2778">
     <span class='ocr_line' id='line_1_21' title="bbox 380 2258 1168 2316; baseline 0.001 -16"><span class='ocrx_word' id='word_1_139' title='bbox 380 2258 529 2301; x_wconf 87' lang='lat' dir='ltr'>eadem</span> <span class='ocrx_word' id='word_1_140' title='bbox 556 2258 769 2316; x_wconf 79' lang='lat' dir='ltr'>pluraque</span> <span class='ocrx_word' id='word_1_141' title='bbox 798 2260 1001 2316; x_wconf 70' lang='lat' dir='ltr'>qreqario</span> <span class='ocrx_word' id='word_1_142' title='bbox 1033 2259 1168 2301; x_wconf 88' lang='lat' dir='ltr'>milite</span> 
     </span>
     <span class='ocr_line' id='line_1_22' title="bbox 294 2319 1168 2362; baseline -0.001 0"><span class='ocrx_word' id='word_1_143' title='bbox 294 2319 545 2362; x_wconf 81' lang='lat' dir='ltr'>toleranti-s:</span> <span class='ocrx_word' id='word_1_144' title='bbox 600 2319 664 2360; x_wconf 89' lang='lat' dir='ltr'>sic</span> <span class='ocrx_word' id='word_1_145' title='bbox 715 2319 887 2360; x_wconf 87' lang='lat' dir='ltr'>demum</span> <span class='ocrx_word' id='word_1_146' title='bbox 933 2320 1168 2361; x_wconf 87' lang='lat' dir='ltr'>coniuncta</span> 
     </span>
     <span class='ocr_line' id='line_1_23' title="bbox 295 2378 1167 2430; baseline -0.001 -10"><span class='ocrx_word' id='word_1_147' title='bbox 295 2378 505 2421; x_wconf 89' lang='lat' dir='ltr'>Gronovii</span> <span class='ocrx_word' id='word_1_148' title='bbox 562 2379 816 2420; x_wconf 89' lang='lat' dir='ltr'>coniectura</span> <span class='ocrx_word' id='word_1_149' title='bbox 864 2384 907 2420; x_wconf 86' lang='lat' dir='ltr'>et</span> <span class='ocrx_word' id='word_1_150' title='bbox 947 2378 1167 2430; x_wconf 85' lang='lat' dir='ltr'>Ernestii,</span> 
     </span>
     <span class='ocr_line' id='line_1_24' title="bbox 294 2438 1169 2493; baseline -0.002 -13"><span class='ocrx_word' id='word_1_151' title='bbox 294 2440 457 2480; x_wconf 89' lang='lat' dir='ltr'>omisso</span> <span class='ocrx_word' id='word_1_152' title='bbox 506 2443 650 2480; x_wconf 85' lang='lat' dir='ltr'>autem</span> <span class='ocrx_word' id='word_1_153' title='bbox 706 2440 823 2493; x_wconf 90' lang='lat' dir='ltr'>quod</span> <span class='ocrx_word' id='word_1_154' title='bbox 867 2438 1077 2480; x_wconf 87' lang='lat' dir='ltr'>vitiosum</span> <span class='ocrx_word' id='word_1_155' title='bbox 1124 2439 1169 2479; x_wconf 90' lang='lat' dir='ltr'>in</span> 
     </span>
     <span class='ocr_line' id='line_1_25' title="bbox 293 2496 1166 2554; baseline -0.001 -14"><span class='ocrx_word' id='word_1_156' title='bbox 293 2505 480 2554; x_wconf 86' lang='lat' dir='ltr'>utraque</span> <span class='ocrx_word' id='word_1_157' title='bbox 515 2497 651 2553; x_wconf 85' lang='lat' dir='ltr'>(alter</span> <span class='ocrx_word' id='word_1_158' title='bbox 688 2496 832 2538; x_wconf 85' lang='lat' dir='ltr'>eodem</span> <span class='ocrx_word' id='word_1_159' title='bbox 860 2498 1071 2554; x_wconf 81' lang='lat' dir='ltr'>pluraque</span> <span class='ocrx_word' id='word_1_160' title='bbox 1101 2511 1166 2553; x_wconf 76' lang='lat' dir='ltr'>qr.</span> 
     </span>
     <span class='ocr_line' id='line_1_26' title="bbox 294 2557 1170 2612; baseline -0.003 -12"><span class='ocrx_word' id='word_1_161' title='bbox 294 2572 350 2600; x_wconf 85' lang='lat' dir='ltr'>m.</span> <span class='ocrx_word' id='word_1_162' title='bbox 371 2558 598 2609; x_wconf 79' lang='lat' dir='ltr'>tolerante,</span> <span class='ocrx_word' id='word_1_163' title='bbox 633 2557 706 2598; x_wconf 90' lang='lat' dir='ltr'>hic</span> <span class='ocrx_word' id='word_1_164' title='bbox 728 2557 876 2599; x_wconf 84' lang='lat' dir='ltr'>eadem</span> <span class='ocrx_word' id='word_1_165' title='bbox 904 2557 1036 2612; x_wconf 82' lang='lat' dir='ltr'>plura</span> <span class='ocrx_word' id='word_1_166' title='bbox 1066 2571 1170 2612; x_wconf 73' lang='lat' dir='ltr'>yre-</span> 
     </span>
     <span class='ocr_line' id='line_1_27' title="bbox 294 2615 1171 2673; baseline -0.002 -15"><span class='ocrx_word' id='word_1_167' title='bbox 294 2618 420 2673; x_wconf 71' lang='lat' dir='ltr'>yario</span> <span class='ocrx_word' id='word_1_168' title='bbox 447 2616 580 2657; x_wconf 85' lang='lat' dir='ltr'>milite</span> <span class='ocrx_word' id='word_1_169' title='bbox 601 2615 861 2670; x_wconf 85' lang='lat' dir='ltr'>tolerantis),</span> <span class='ocrx_word' id='word_1_170' title='bbox 896 2617 1020 2658; x_wconf 89' lang='lat' dir='ltr'>locus</span> <span class='ocrx_word' id='word_1_171' title='bbox 1051 2616 1171 2657; x_wconf 85' lang='lat' dir='ltr'>inte-</span> 
     </span>
     <span class='ocr_line' id='line_1_28' title="bbox 297 2675 1171 2733; baseline 0 -17"><span class='ocrx_word' id='word_1_172' title='bbox 297 2675 445 2733; x_wconf 87' lang='lat' dir='ltr'>gritati</span> <span class='ocrx_word' id='word_1_173' title='bbox 478 2687 585 2716; x_wconf 88' lang='lat' dir='ltr'>suae</span> <span class='ocrx_word' id='word_1_174' title='bbox 611 2676 838 2715; x_wconf 85' lang='lat' dir='ltr'>restitutus</span> <span class='ocrx_word' id='word_1_175' title='bbox 872 2680 915 2716; x_wconf 93' lang='lat' dir='ltr'>et</span> <span class='ocrx_word' id='word_1_176' title='bbox 946 2675 1062 2729; x_wconf 86' lang='lat' dir='ltr'>turpi</span> <span class='ocrx_word' id='word_1_177' title='bbox 1094 2687 1171 2717; x_wconf 89' lang='lat' dir='ltr'>so-</span> 
     </span>
     <span class='ocr_line' id='line_1_29' title="bbox 295 2734 865 2778; baseline -0.004 0"><span class='ocrx_word' id='word_1_178' title='bbox 295 2736 509 2778; x_wconf 90' lang='lat' dir='ltr'>loecismo</span> <span class='ocrx_word' id='word_1_179' title='bbox 542 2734 753 2776; x_wconf 89' lang='lat' dir='ltr'>liberatus</span> <span class='ocrx_word' id='word_1_180' title='bbox 786 2739 865 2776; x_wconf 90' lang='lat' dir='ltr'>est.</span> 
     </span>
    </p>

    <p class='ocr_par' dir='ltr' id='par_1_6' title="bbox 295 2793 1176 3741">
     <span class='ocr_line' id='line_1_30' title="bbox 369 2793 1172 2837; baseline -0.002 -1"><span class='ocrx_word' id='word_1_181' title='bbox 369 2795 694 2837; x_wconf 81' lang='lat' dir='ltr'>Tauraunitium</span> <span class='ocrx_word' id='word_1_182' title='bbox 710 2808 724 2835; x_wconf 91' lang='lat'>.·</span> <span class='ocrx_word' id='word_1_183' title='bbox 747 2794 925 2836; x_wconf 89' lang='lat' dir='ltr'>fuerunt</span> <span class='ocrx_word' id='word_1_184' title='bbox 952 2794 1067 2835; x_wconf 90' lang='lat' dir='ltr'>inter</span> <span class='ocrx_word' id='word_1_185' title='bbox 1085 2793 1172 2835; x_wconf 85' lang='lat' dir='ltr'>Ar-</span> 
     </span>
     <span class='ocr_line' id='line_1_31' title="bbox 295 2852 1171 2910; baseline -0.001 -15"><span class='ocrx_word' id='word_1_186' title='bbox 295 2860 443 2896; x_wconf 80' lang='lat' dir='ltr'>taxata</span> <span class='ocrx_word' id='word_1_187' title='bbox 469 2859 512 2895; x_wconf 89' lang='lat' dir='ltr'>et</span> <span class='ocrx_word' id='word_1_188' title='bbox 528 2852 854 2910; x_wconf 85' lang='lat' dir='ltr'>Tigranocerta,</span> <span class='ocrx_word' id='word_1_189' title='bbox 888 2853 1065 2896; x_wconf 88' lang='lat' dir='ltr'>aliunde</span> <span class='ocrx_word' id='word_1_190' title='bbox 1084 2865 1171 2894; x_wconf 91' lang='lat' dir='ltr'>non</span> 
     </span>
     <span class='ocr_line' id='line_1_32' title="bbox 298 2912 1170 2971; baseline -0.003 -15"><span class='ocrx_word' id='word_1_191' title='bbox 298 2915 484 2971; x_wconf 81' lang='lat' dir='ltr'>cogniti.</span> <span class='ocrx_word' id='word_1_192' title='bbox 577 2927 666 2954; x_wconf 90' lang='lat' dir='ltr'>non</span> <span class='ocrx_word' id='word_1_193' title='bbox 695 2913 897 2969; x_wconf 74' lang='lat' dir='ltr'>iynobilis</span> <span class='ocrx_word' id='word_1_194' title='bbox 932 2912 1170 2955; x_wconf 84' lang='lat' dir='ltr'>barbarus:</span> 
     </span>
     <span class='ocr_line' id='line_1_33' title="bbox 296 2971 1174 3029; baseline 0.002 -15"><span class='ocrx_word' id='word_1_195' title='bbox 296 2974 352 3014; x_wconf 91' lang='lat' dir='ltr'>de</span> <span class='ocrx_word' id='word_1_196' title='bbox 405 2986 458 3016; x_wconf 89' lang='lat' dir='ltr'>eo</span> <span class='ocrx_word' id='word_1_197' title='bbox 503 2973 736 3015; x_wconf 84' lang='lat' dir='ltr'>Frontinus</span> <span class='ocrx_word' id='word_1_198' title='bbox 784 2971 1174 3029; x_wconf 80' lang='lat' dir='ltr'>Stratcgem.119</span> 
     </span>
     <span class='ocr_line' id='line_1_34' title="bbox 299 3032 1173 3075; baseline -0.002 -1"><span class='ocrx_word' id='word_1_199' title='bbox 299 3032 410 3075; x_wconf 87' lang='lat' dir='ltr'>hacc</span> <span class='ocrx_word' id='word_1_200' title='bbox 445 3033 576 3075; x_wconf 83' lang='lat' dir='ltr'>tradit</span> <span class='ocrx_word' id='word_1_201' title='bbox 607 3046 631 3073; x_wconf 87' lang='lat' dir='ltr'>a</span> <span class='ocrx_word' id='word_1_202' title='bbox 662 3032 811 3074; x_wconf 87' lang='lat' dir='ltr'>Tacito</span> <span class='ocrx_word' id='word_1_203' title='bbox 846 3033 1045 3074; x_wconf 84' lang='lat' dir='ltr'>diversa:</span> <span class='ocrx_word' id='word_1_204' title='bbox 1079 3032 1173 3073; x_wconf 90' lang='lat' dir='ltr'>Do-</span> 
     </span>
     <span class='ocr_line' id='line_1_35' title="bbox 295 3091 1175 3147; baseline 0 -14"><span class='ocrx_word' id='word_1_205' title='bbox 295 3092 439 3134; x_wconf 79' lang='lat' dir='ltr'>mitius</span> <span class='ocrx_word' id='word_1_206' title='bbox 490 3091 674 3135; x_wconf 77' lang='lat' dir='ltr'>corbulo</span> <span class='ocrx_word' id='word_1_207' title='bbox 723 3106 817 3134; x_wconf 87' lang='lat' dir='ltr'>cum</span> <span class='ocrx_word' id='word_1_208' title='bbox 866 3091 1175 3147; x_wconf 74' lang='lat' dir='ltr'>Tiyranocerta</span> 
     </span>
     <span class='ocr_line' id='line_1_36' title="bbox 299 3151 1175 3207; baseline 0 -14"><span class='ocrx_word' id='word_1_209' title='bbox 299 3151 536 3204; x_wconf 78' lang='lat' dir='ltr'>obsideret,</span> <span class='ocrx_word' id='word_1_210' title='bbox 583 3158 622 3193; x_wconf 89' lang='lat' dir='ltr'>et</span> <span class='ocrx_word' id='word_1_211' title='bbox 653 3151 851 3194; x_wconf 80' lang='lat' dir='ltr'>Armenii</span> <span class='ocrx_word' id='word_1_212' title='bbox 889 3152 1175 3207; x_wconf 83' lang='lat' dir='ltr'>pertinaciter</span> 
     </span>
     <span class='ocr_line' id='line_1_37' title="bbox 298 3210 1174 3263; baseline -0.001 -11"><span class='ocrx_word' id='word_1_213' title='bbox 298 3211 547 3253; x_wconf 83' lang='lat' dir='ltr'>viderentur</span> <span class='ocrx_word' id='word_1_214' title='bbox 569 3210 796 3254; x_wconf 82' lang='lat' dir='ltr'>toleraturi</span> <span class='ocrx_word' id='word_1_215' title='bbox 821 3211 1093 3263; x_wconf 87' lang='lat' dir='ltr'>obsidionem,</span> <span class='ocrx_word' id='word_1_216' title='bbox 1126 3212 1174 3252; x_wconf 86' lang='lat' dir='ltr'>in</span> 
     </span>
     <span class='ocr_line' id='line_1_38' title="bbox 300 3271 1175 3328; baseline -0.001 -16"><span class='ocrx_word' id='word_1_217' title='bbox 300 3272 509 3325; x_wconf 82' lang='lat' dir='ltr'>quendam</span> <span class='ocrx_word' id='word_1_218' title='bbox 528 3285 582 3312; x_wconf 78' lang='lat' dir='ltr'>ex</span> <span class='ocrx_word' id='word_1_219' title='bbox 600 3271 853 3326; x_wconf 71' lang='lat' dir='ltr'>Meqistanis</span> <span class='ocrx_word' id='word_1_220' title='bbox 878 3284 979 3326; x_wconf 88' lang='lat' dir='ltr'>quos</span> <span class='ocrx_word' id='word_1_221' title='bbox 1003 3277 1175 3328; x_wconf 82' lang='lat' dir='ltr'>ceperat</span> 
     </span>
     <span class='ocr_line' id='line_1_39' title="bbox 301 3330 1175 3386; baseline 0 -15"><span class='ocrx_word' id='word_1_222' title='bbox 301 3331 620 3382; x_wconf 82' lang='lat' dir='ltr'>animadvertit,</span> <span class='ocrx_word' id='word_1_223' title='bbox 656 3338 863 3386; x_wconf 82' lang='lat' dir='ltr'>caputque</span> <span class='ocrx_word' id='word_1_224' title='bbox 897 3331 986 3372; x_wconf 81' lang='lat' dir='ltr'>eius</span> <span class='ocrx_word' id='word_1_225' title='bbox 1019 3330 1175 3372; x_wconf 80' lang='lat' dir='ltr'>balista</span> 
     </span>
     <span class='ocr_line' id='line_1_40' title="bbox 303 3390 1176 3432; baseline -0.001 -1"><span class='ocrx_word' id='word_1_226' title='bbox 303 3404 524 3432; x_wconf 72' lang='lat' dir='ltr'>excussum</span> <span class='ocrx_word' id='word_1_227' title='bbox 554 3391 675 3431; x_wconf 87' lang='lat' dir='ltr'>intra</span> <span class='ocrx_word' id='word_1_228' title='bbox 700 3392 965 3432; x_wconf 83' lang='lat' dir='ltr'>munimenta</span> <span class='ocrx_word' id='word_1_229' title='bbox 995 3390 1176 3431; x_wconf 79' lang='lat' dir='ltr'>hostium</span> 
     </span>
     <span class='ocr_line' id='line_1_41' title="bbox 299 3449 1174 3505; baseline 0 -15"><span class='ocrx_word' id='word_1_230' title='bbox 299 3451 427 3491; x_wconf 86' lang='lat' dir='ltr'>misit.</span> <span class='ocrx_word' id='word_1_231' title='bbox 493 3449 544 3491; x_wconf 88' lang='lat' dir='ltr'>Id</span> <span class='ocrx_word' id='word_1_232' title='bbox 583 3452 696 3505; x_wconf 78' lang='lat' dir='ltr'>forte</span> <span class='ocrx_word' id='word_1_233' title='bbox 730 3450 886 3492; x_wconf 81' lang='lat' dir='ltr'>decidit</span> <span class='ocrx_word' id='word_1_234' title='bbox 916 3451 964 3491; x_wconf 89' lang='lat' dir='ltr'>in</span> <span class='ocrx_word' id='word_1_235' title='bbox 993 3449 1174 3491; x_wconf 81' lang='lat' dir='ltr'>medium</span> 
     </span>
     <span class='ocr_line' id='line_1_42' title="bbox 303 3508 1174 3564; baseline 0 -15"><span class='ocrx_word' id='word_1_236' title='bbox 303 3508 557 3561; x_wconf 87' lang='lat' dir='ltr'>concilium,</span> <span class='ocrx_word' id='word_1_237' title='bbox 610 3509 719 3564; x_wconf 84' lang='lat' dir='ltr'>quod</span> <span class='ocrx_word' id='word_1_238' title='bbox 749 3516 834 3551; x_wconf 89' lang='lat' dir='ltr'>tum</span> <span class='ocrx_word' id='word_1_239' title='bbox 866 3523 960 3550; x_wconf 87' lang='lat' dir='ltr'>cum</span> <span class='ocrx_word' id='word_1_240' title='bbox 989 3509 1174 3551; x_wconf 68' lang='lat' dir='ltr'>inaoeime</span> 
     </span>
     <span class='ocr_line' id='line_1_43' title="bbox 304 3567 1173 3621; baseline 0.001 -13"><span class='ocrx_word' id='word_1_241' title='bbox 304 3567 518 3610; x_wconf 80' lang='lat' dir='ltr'>habebant</span> <span class='ocrx_word' id='word_1_242' title='bbox 555 3568 757 3621; x_wconf 83' lang='lat' dir='ltr'>barbari,</span> <span class='ocrx_word' id='word_1_243' title='bbox 807 3569 864 3610; x_wconf 83' lang='lat' dir='ltr'>ad</span> <span class='ocrx_word' id='word_1_244' title='bbox 906 3570 1024 3611; x_wconf 82' lang='lat' dir='ltr'>cuius</span> <span class='ocrx_word' id='word_1_245' title='bbox 1066 3582 1173 3610; x_wconf 87' lang='lat' dir='ltr'>con-</span> 
     </span>
     <span class='ocr_line' id='line_1_44' title="bbox 303 3627 1175 3680; baseline 0.002 -13"><span class='ocrx_word' id='word_1_246' title='bbox 303 3635 488 3680; x_wconf 81' lang='lat' dir='ltr'>spectum</span> <span class='ocrx_word' id='word_1_247' title='bbox 516 3627 628 3669; x_wconf 81' lang='lat' dir='ltr'>velut</span> <span class='ocrx_word' id='word_1_248' title='bbox 650 3635 808 3669; x_wconf 80' lang='lat' dir='ltr'>ostento</span> <span class='ocrx_word' id='word_1_249' title='bbox 834 3630 1098 3671; x_wconf 79' lang='lat' dir='ltr'>consternati</span> <span class='ocrx_word' id='word_1_250' title='bbox 1119 3628 1175 3669; x_wconf 83' lang='lat' dir='ltr'>ad</span> 
     </span>
     <span class='ocr_line' id='line_1_45' title="bbox 305 3684 914 3741; baseline 0.005 -15"><span class='ocrx_word' id='word_1_251' title='bbox 305 3684 558 3728; x_wconf 82' lang='lat' dir='ltr'>deditionem</span> <span class='ocrx_word' id='word_1_252' title='bbox 588 3687 914 3741; x_wconf 81' lang='lat' dir='ltr'>festinaverunt.</span> 
     </span>
    </p>
   </div>
   <div class='ocr_carea' id='block_1_6' title="bbox 523 1831 1872 1946">
    <p class='ocr_par' dir='ltr' id='par_1_7' title="bbox 523 1831 1857 1946">
     <span class='ocr_line' id='line_1_46' title="bbox 855 1831 1484 1888; baseline -0.002 -13"><span class='ocrx_word' id='word_1_253' title='bbox 855 1833 898 1875; x_wconf 86' lang='lat'>3.</span> <span class='ocrx_word' id='word_1_254' title='bbox 927 1831 1139 1888; x_wconf 80' lang='lat' dir='ltr'>pluraque</span> <span class='ocrx_word' id='word_1_255' title='bbox 1170 1833 1240 1876; x_wconf 87' lang='lat' dir='ltr'>Fr.</span> <span class='ocrx_word' id='word_1_256' title='bbox 1276 1832 1484 1875; x_wconf 85' lang='lat' dir='ltr'>Iacobus·</span> 
     </span>
     <span class='ocr_line' id='line_1_47' title="bbox 523 1889 1872 1946; baseline 0.001 -14"><span class='ocrx_word' id='word_1_257' title='bbox 523 1891 748 1934; x_wconf 87' lang='lat' dir='ltr'>tolerantis</span> <span class='ocrx_word' id='word_1_258' title='bbox 780 1891 1032 1934; x_wconf 85' lang='lat' dir='ltr'>Ernestius:</span> <span class='ocrx_word' id='word_1_259' title='bbox 1067 1891 1132 1933; x_wconf 72' lang='lat' dir='ltr'>Ma</span> <span class='ocrx_word' id='word_1_260' title='bbox 1164 1898 1209 1936; x_wconf 88' lang='lat' dir='ltr'>et</span> <span class='ocrx_word' id='word_1_261' title='bbox 1239 1892 1272 1934; x_wconf 87' lang='lat' dir='ltr'>B</span> <span class='ocrx_word' id='word_1_262' title='bbox 1307 1892 1535 1946; x_wconf 86' lang='lat' dir='ltr'>toleranti,</span> <span class='ocrx_word' id='word_1_263' title='bbox 1580 1889 1614 1933; x_wconf 88' lang='lat' dir='ltr'><strong>G</strong></span> <span class='ocrx_word' id='word_1_264' title='bbox 1645 1891 1872 1933; x_wconf 84' lang='lat' dir='ltr'>tolerante.</span> 
     </span>
    </p>
   </div>
   <div class='ocr_carea' id='block_1_7' title="bbox 1252 1828 2120 2067">
    <p class='ocr_par' dir='ltr' id='par_1_8' title="bbox 1252 1828 2120 2067">
     <span class='ocr_line' id='line_1_48' title="bbox 1528 1828 2119 1888; baseline -0.005 -14"><span class='ocrx_word' id='word_1_265' title='bbox 1528 1829 1630 1874; x_wconf 83' lang='lat' dir='ltr'>GMa</span> <span class='ocrx_word' id='word_1_266' title='bbox 1662 1830 1796 1888; x_wconf 82' lang='lat' dir='ltr'>plura</span> <span class='ocrx_word' id='word_1_267' title='bbox 1827 1842 1976 1886; x_wconf 83' lang='lat' dir='ltr'>quam,</span> <span class='ocrx_word' id='word_1_268' title='bbox 2007 1828 2119 1886; x_wconf 88' lang='lat' dir='ltr'>ch.</span> 
     </span>
     <span class='ocr_line' id='line_1_49' title="bbox 1276 1888 2118 2005; baseline -0.007 -10"><span class='ocrx_word' id='word_1_269' title='bbox 1276 1953 1316 1995; x_wconf 89' lang='lat'>7.</span> <span class='ocrx_word' id='word_1_270' title='bbox 1357 1952 1707 2005; x_wconf 85' lang='lat' dir='ltr'>Tauraunitium,</span> <span class='ocrx_word' id='word_1_271' title='bbox 1741 1962 1829 1992; x_wconf 90' lang='lat' dir='ltr'>non</span> <span class='ocrx_word' id='word_1_272' title='bbox 1862 1888 2118 1993; x_wconf 44' lang='lat' dir='ltr'>raus-laniis:</span> 
     </span>
     <span class='ocr_line' id='line_1_50' title="bbox 1252 2004 2120 2067; baseline -0.005 -14"><span class='ocrx_word' id='word_1_273' title='bbox 1252 2012 1396 2055; x_wconf 85' lang='lat' dir='ltr'>menia</span> <span class='ocrx_word' id='word_1_274' title='bbox 1426 2010 1506 2054; x_wconf 70' lang='lat' dir='ltr'>Ma.</span> <span class='ocrx_word' id='word_1_275' title='bbox 1607 2011 1682 2067; x_wconf 81' lang='lat' dir='ltr'>aff.</span> <span class='ocrx_word' id='word_1_276' title='bbox 1721 2008 1793 2054; x_wconf 87' lang='lat' dir='ltr'>Or.</span> <span class='ocrx_word' id='word_1_277' title='bbox 1893 2004 2120 2067; x_wconf 78' lang='lat' dir='ltr'>popularis</span> 
     </span>
    </p>
   </div>
   <div class='ocr_carea' id='block_1_8' title="bbox 1250 2256 2126 2896">
    <p class='ocr_par' dir='ltr' id='par_1_9' title="bbox 1250 2256 2126 2896">
     <span class='ocr_line' id='line_1_51' title="bbox 1325 2256 2125 2315; baseline 0 -15"><span class='ocrx_word' id='word_1_278' title='bbox 1325 2259 1636 2315; x_wconf 74' lang='lat' dir='ltr'>Tiqranocerta</span> <span class='ocrx_word' id='word_1_279' title='bbox 1653 2257 1796 2300; x_wconf 82' lang='lat' dir='ltr'>missi:</span> <span class='ocrx_word' id='word_1_280' title='bbox 1812 2256 2125 2314; x_wconf 85' lang='lat' dir='ltr'>Tigranocerta</span> 
     </span>
     <span class='ocr_line' id='line_1_52' title="bbox 1250 2316 2125 2373; baseline -0.005 -13"><span class='ocrx_word' id='word_1_281' title='bbox 1250 2331 1337 2360; x_wconf 93' lang='lat' dir='ltr'>non</span> <span class='ocrx_word' id='word_1_282' title='bbox 1372 2324 1438 2361; x_wconf 87' lang='lat' dir='ltr'>est</span> <span class='ocrx_word' id='word_1_283' title='bbox 1471 2318 1717 2370; x_wconf 74' lang='lat' dir='ltr'>ablativus„</span> <span class='ocrx_word' id='word_1_284' title='bbox 1758 2318 1832 2372; x_wconf 88' lang='lat' dir='ltr'>qui</span> <span class='ocrx_word' id='word_1_285' title='bbox 1865 2322 1934 2359; x_wconf 86' lang='lat' dir='ltr'>est</span> <span class='ocrx_word' id='word_1_286' title='bbox 1971 2316 2125 2373; x_wconf 63' lang='lat' dir='ltr'>Tigra-</span> 
     </span>
     <span class='ocr_line' id='line_1_53' title="bbox 1250 2375 2126 2433; baseline -0.002 -13"><span class='ocrx_word' id='word_1_287' title='bbox 1250 2379 1452 2431; x_wconf 85' lang='lat' dir='ltr'>nocertis,</span> <span class='ocrx_word' id='word_1_288' title='bbox 1487 2377 1565 2420; x_wconf 91' lang='lat' dir='ltr'>sed</span> <span class='ocrx_word' id='word_1_289' title='bbox 1596 2377 1890 2430; x_wconf 86' lang='lat' dir='ltr'>accusativus,</span> <span class='ocrx_word' id='word_1_290' title='bbox 1913 2381 1957 2418; x_wconf 82' lang='lat' dir='ltr'>et</span> <span class='ocrx_word' id='word_1_291' title='bbox 1987 2375 2126 2433; x_wconf 80' lang='lat' dir='ltr'>legati</span> 
     </span>
     <span class='ocr_line' id='line_1_54' title="bbox 1250 2435 2126 2493; baseline -0.003 -13"><span class='ocrx_word' id='word_1_292' title='bbox 1250 2437 1532 2493; x_wconf 88' lang='lat' dir='ltr'>intelligendi</span> <span class='ocrx_word' id='word_1_293' title='bbox 1555 2443 1655 2478; x_wconf 89' lang='lat' dir='ltr'>sunt</span> <span class='ocrx_word' id='word_1_294' title='bbox 1688 2447 1797 2492; x_wconf 89' lang='lat' dir='ltr'>quos</span> <span class='ocrx_word' id='word_1_295' title='bbox 1830 2449 1885 2478; x_wconf 83' lang='lat' dir='ltr'>ex</span> <span class='ocrx_word' id='word_1_296' title='bbox 1907 2435 2126 2478; x_wconf 87' lang='lat' dir='ltr'>Armeniis</span> 
     </span>
     <span class='ocr_line' id='line_1_55' title="bbox 1253 2494 2124 2555; baseline -0.001 -17"><span class='ocrx_word' id='word_1_297' title='bbox 1253 2498 1573 2555; x_wconf 82' lang='lat' dir='ltr'>(popularibus)</span> <span class='ocrx_word' id='word_1_298' title='bbox 1598 2495 1789 2538; x_wconf 86' lang='lat' dir='ltr'>Corbulo</span> <span class='ocrx_word' id='word_1_299' title='bbox 1822 2496 2016 2548; x_wconf 78' lang='lat' dir='ltr'>miserat,</span> <span class='ocrx_word' id='word_1_300' title='bbox 2049 2494 2124 2537; x_wconf 85' lang='lat' dir='ltr'>ubi</span> 
     </span>
     <span class='ocr_line' id='line_1_56' title="bbox 1250 2555 2124 2611; baseline -0.002 -13"><span class='ocrx_word' id='word_1_301' title='bbox 1250 2562 1349 2611; x_wconf 91' lang='lat' dir='ltr'>post</span> <span class='ocrx_word' id='word_1_302' title='bbox 1381 2556 1528 2599; x_wconf 88' lang='lat' dir='ltr'>deleta</span> <span class='ocrx_word' id='word_1_303' title='bbox 1557 2557 1765 2598; x_wconf 84' lang='lat' dir='ltr'>Artaxata</span> <span class='ocrx_word' id='word_1_304' title='bbox 1797 2567 1894 2596; x_wconf 90' lang='lat' dir='ltr'>cum</span> <span class='ocrx_word' id='word_1_305' title='bbox 1927 2555 2124 2596; x_wconf 82' lang='lat' dir='ltr'>exercitu</span> 
     </span>
     <span class='ocr_line' id='line_1_57' title="bbox 1250 2612 2122 2672; baseline -0.001 -15"><span class='ocrx_word' id='word_1_306' title='bbox 1250 2616 1560 2672; x_wconf 85' lang='lat' dir='ltr'>Tigranocerta</span> <span class='ocrx_word' id='word_1_307' title='bbox 1583 2615 1756 2670; x_wconf 88' lang='lat' dir='ltr'>petivit.</span> <span class='ocrx_word' id='word_1_308' title='bbox 1820 2612 1948 2656; x_wconf 82' lang='lat' dir='ltr'>Conf.</span> <span class='ocrx_word' id='word_1_309' title='bbox 1975 2619 2122 2656; x_wconf 82' lang='lat' dir='ltr'>annot.</span> 
     </span>
     <span class='ocr_line' id='line_1_58' title="bbox 1251 2672 2123 2731; baseline -0.002 -15"><span class='ocrx_word' id='word_1_310' title='bbox 1251 2676 1305 2717; x_wconf 86' lang='lat' dir='ltr'>ad</span> <span class='ocrx_word' id='word_1_311' title='bbox 1328 2675 1406 2716; x_wconf 92' lang='lat' dir='ltr'>XV</span> <span class='ocrx_word' id='word_1_312' title='bbox 1433 2675 1475 2717; x_wconf 85' lang='lat'>5.</span> <span class='ocrx_word' id='word_1_313' title='bbox 1547 2675 1792 2731; x_wconf 85' lang='lat' dir='ltr'>accepitque</span> <span class='ocrx_word' id='word_1_314' title='bbox 1821 2687 1915 2715; x_wconf 82' lang='lat' dir='ltr'>cum</span> <span class='ocrx_word' id='word_1_315' title='bbox 1935 2672 2123 2715; x_wconf 79' lang='lat' dir='ltr'>honore:</span> 
     </span>
     <span class='ocr_line' id='line_1_59' title="bbox 1255 2732 2124 2789; baseline -0.003 -13"><span class='ocrx_word' id='word_1_316' title='bbox 1255 2735 1428 2789; x_wconf 88' lang='lat' dir='ltr'>accepit</span> <span class='ocrx_word' id='word_1_317' title='bbox 1461 2745 1666 2775; x_wconf 89' lang='lat' dir='ltr'>coronam</span> <span class='ocrx_word' id='word_1_318' title='bbox 1699 2745 1898 2785; x_wconf 86' lang='lat' dir='ltr'>auream,</span> <span class='ocrx_word' id='word_1_319' title='bbox 1933 2743 2021 2773; x_wconf 90' lang='lat' dir='ltr'>non</span> <span class='ocrx_word' id='word_1_320' title='bbox 2053 2732 2124 2774; x_wconf 85' lang='lat' dir='ltr'>le-</span> 
     </span>
     <span class='ocr_line' id='line_1_60' title="bbox 1253 2792 2124 2851; baseline -0.001 -16"><span class='ocrx_word' id='word_1_321' title='bbox 1253 2799 1378 2851; x_wconf 85' lang='lat' dir='ltr'>gatos</span> <span class='ocrx_word' id='word_1_322' title='bbox 1421 2805 1530 2850; x_wconf 87' lang='lat' dir='ltr'>quos</span> <span class='ocrx_word' id='word_1_323' title='bbox 1579 2792 1652 2835; x_wconf 78' lang='lat' dir='ltr'>ab·</span> <span class='ocrx_word' id='word_1_324' title='bbox 1683 2793 1779 2848; x_wconf 88' lang='lat' dir='ltr'>ipso</span> <span class='ocrx_word' id='word_1_325' title='bbox 1824 2792 1982 2835; x_wconf 85' lang='lat' dir='ltr'>missos</span> <span class='ocrx_word' id='word_1_326' title='bbox 2025 2804 2124 2835; x_wconf 88' lang='lat' dir='ltr'>esse</span> 
     </span>
     <span class='ocr_line' id='line_1_61' title="bbox 1252 2865 1416 2896; baseline 0 -1"><span class='ocrx_word' id='word_1_327' title='bbox 1252 2865 1416 2896; x_wconf 79' lang='lat' dir='ltr'>monui.</span> 
     </span>
    </p>
   </div>
   <div class='ocr_carea' id='block_1_9' title="bbox 1250 2969 2127 3739">
    <p class='ocr_par' dir='ltr' id='par_1_10' title="bbox 1250 2969 2127 3739">
     <span class='ocr_line' id='line_1_62' title="bbox 1343 2969 2127 3028; baseline 0 -15"><span class='ocrx_word' id='word_1_328' title='bbox 1343 2969 1447 3027; x_wconf 87' lang='lat' dir='ltr'>Cap.</span> <span class='ocrx_word' id='word_1_329' title='bbox 1483 2972 1554 3017; x_wconf 85' lang='lat'>25.</span> <span class='ocrx_word' id='word_1_330' title='bbox 1620 2978 1666 3014; x_wconf 89' lang='lat' dir='ltr'>at</span> <span class='ocrx_word' id='word_1_331' title='bbox 1693 2971 1982 3028; x_wconf 81' lang='lat' dir='ltr'>praesidium,</span> <span class='ocrx_word' id='word_1_332' title='bbox 2014 2970 2127 3026; x_wconf 80' lang='lat' dir='ltr'>quod</span> 
     </span>
     <span class='ocr_line' id='line_1_63' title="bbox 1251 3030 2125 3087; baseline -0.001 -14"><span class='ocrx_word' id='word_1_333' title='bbox 1251 3033 1380 3087; x_wconf 77' lang='lat' dir='ltr'>serooe</span> <span class='ocrx_word' id='word_1_334' title='bbox 1411 3033 1605 3073; x_wconf 84' lang='lat' dir='ltr'>iuventus</span> <span class='ocrx_word' id='word_1_335' title='bbox 1637 3032 1884 3074; x_wconf 84' lang='lat' dir='ltr'>clauserat.-</span> <span class='ocrx_word' id='word_1_336' title='bbox 1933 3030 2049 3087; x_wconf 87' lang='lat' dir='ltr'>quod</span> <span class='ocrx_word' id='word_1_337' title='bbox 2080 3032 2125 3072; x_wconf 88' lang='lat' dir='ltr'>in</span> 
     </span>
     <span class='ocr_line' id='line_1_64' title="bbox 1255 3089 2126 3147; baseline -0.001 -15"><span class='ocrx_word' id='word_1_338' title='bbox 1255 3090 1482 3133; x_wconf 84' lang='lat' dir='ltr'>codicibus</span> <span class='ocrx_word' id='word_1_339' title='bbox 1525 3097 1624 3146; x_wconf 92' lang='lat' dir='ltr'>post</span> <span class='ocrx_word' id='word_1_340' title='bbox 1661 3090 1926 3147; x_wconf 80' lang='lat' dir='ltr'>praesidium</span> <span class='ocrx_word' id='word_1_341' title='bbox 1955 3089 2126 3132; x_wconf 84' lang='lat' dir='ltr'>additur</span> 
     </span>
     <span class='ocr_line' id='line_1_65' title="bbox 1253 3149 2125 3206; baseline 0 -15"><span class='ocrx_word' id='word_1_342' title='bbox 1253 3150 1445 3206; x_wconf 62' lang='lat' dir='ltr'>legerat,</span> <span class='ocrx_word' id='word_1_343' title='bbox 1510 3164 1566 3192; x_wconf 85' lang='lat' dir='ltr'>ex</span> <span class='ocrx_word' id='word_1_344' title='bbox 1625 3150 1922 3206; x_wconf 83' lang='lat' dir='ltr'>subsequente</span> <span class='ocrx_word' id='word_1_345' title='bbox 1988 3149 2125 3192; x_wconf 85' lang='lat' dir='ltr'>verbo</span> 
     </span>
     <span class='ocr_line' id='line_1_66' title="bbox 1256 3209 2125 3279; baseline 0 -28"><span class='ocrx_word' id='word_1_346' title='bbox 1256 3211 1474 3252; x_wconf 82' lang='lat' dir='ltr'>clauserat</span> <span class='ocrx_word' id='word_1_347' title='bbox 1504 3215 1642 3250; x_wconf 86' lang='lat' dir='ltr'>ortum</span> <span class='ocrx_word' id='word_1_348' title='bbox 1677 3216 1720 3252; x_wconf 89' lang='lat' dir='ltr'>et</span> <span class='ocrx_word' id='word_1_349' title='bbox 1741 3209 1856 3252; x_wconf 89' lang='lat' dir='ltr'>male</span> <span class='ocrx_word' id='word_1_350' title='bbox 1890 3209 2125 3279; x_wconf 78' lang='lat' dir='ltr'>repetitum</span> 
     </span>
     <span class='ocr_line' id='line_1_67' title="bbox 1256 3268 2125 3325; baseline -0.001 -14"><span class='ocrx_word' id='word_1_351' title='bbox 1256 3276 1336 3311; x_wconf 90' lang='lat' dir='ltr'>est.</span> <span class='ocrx_word' id='word_1_352' title='bbox 1399 3269 1552 3325; x_wconf 91' lang='lat' dir='ltr'>Neque</span> <span class='ocrx_word' id='word_1_353' title='bbox 1576 3269 1807 3325; x_wconf 86' lang='lat' dir='ltr'>quidquam</span> <span class='ocrx_word' id='word_1_354' title='bbox 1841 3268 1964 3311; x_wconf 79' lang='lat' dir='ltr'>iuvat</span> <span class='ocrx_word' id='word_1_355' title='bbox 1983 3280 2125 3311; x_wconf 77' lang='lat' dir='ltr'>inanis</span> 
     </span>
     <span class='ocr_line' id='line_1_68' title="bbox 1254 3327 2124 3385; baseline -0.001 -15"><span class='ocrx_word' id='word_1_356' title='bbox 1254 3329 1484 3371; x_wconf 84' lang='lat' dir='ltr'>Puteolani</span> <span class='ocrx_word' id='word_1_357' title='bbox 1518 3330 1772 3370; x_wconf 84' lang='lat' dir='ltr'>coniectura</span> <span class='ocrx_word' id='word_1_358' title='bbox 1796 3329 1975 3385; x_wconf 64' lang='lat' dir='ltr'>regium.</span> <span class='ocrx_word' id='word_1_359' title='bbox 2018 3327 2124 3370; x_wconf 83' lang='lat' dir='ltr'>Nam</span> 
     </span>
     <span class='ocr_line' id='line_1_69' title="bbox 1250 3382 2122 3446; baseline -0.002 -17"><span class='ocrx_word' id='word_1_360' title='bbox 1250 3389 1515 3445; x_wconf 83' lang='lat' dir='ltr'>praesidium</span> <span class='ocrx_word' id='word_1_361' title='bbox 1547 3382 1688 3431; x_wconf 75' lang='lat' dir='ltr'>estid</span> <span class='ocrx_word' id='word_1_362' title='bbox 1722 3389 1978 3446; x_wconf 60' lang='grc' dir='ltr'><strong><em>φρούριον,</em></strong></span> <span class='ocrx_word' id='word_1_363' title='bbox 2011 3385 2054 3428; x_wconf 81' lang='lat' dir='ltr'>h.</span> <span class='ocrx_word' id='word_1_364' title='bbox 2082 3399 2122 3427; x_wconf 85' lang='lat' dir='ltr'>c.</span> 
     </span>
     <span class='ocr_line' id='line_1_70' title="bbox 1253 3444 2121 3506; baseline -0.004 -16.972"><span class='ocrx_word' id='word_1_365' title='bbox 1253 3448 1660 3506; x_wconf 71' lang='lat' dir='ltr'>&#39;tigranocer-toium</span> <span class='ocrx_word' id='word_1_366' title='bbox 1707 3447 1826 3488; x_wconf 86' lang='lat' dir='ltr'>urbis</span> <span class='ocrx_word' id='word_1_367' title='bbox 1878 3444 2121 3488; x_wconf 85' lang='lat' dir='ltr'>castellum.</span> 
     </span>
     <span class='ocr_line' id='line_1_71' title="bbox 1254 3502 2123 3564; baseline -0.005 -15"><span class='ocrx_word' id='word_1_368' title='bbox 1254 3508 1300 3549; x_wconf 92' lang='lat' dir='ltr'>ld</span> <span class='ocrx_word' id='word_1_369' title='bbox 1333 3507 1550 3564; x_wconf 90' lang='lat' dir='ltr'>quomodo</span> <span class='ocrx_word' id='word_1_370' title='bbox 1591 3508 1730 3563; x_wconf 87' lang='lat' dir='ltr'>magis</span> <span class='ocrx_word' id='word_1_371' title='bbox 1771 3507 1935 3561; x_wconf 73' lang='lat' dir='ltr'>reyium</span> <span class='ocrx_word' id='word_1_372' title='bbox 1965 3502 2123 3559; x_wconf 84' lang='lat' dir='ltr'>appel-</span> 
     </span>
     <span class='ocr_line' id='line_1_72' title="bbox 1262 3562 2123 3622; baseline -0.005 -13"><span class='ocrx_word' id='word_1_373' title='bbox 1262 3567 1338 3609; x_wconf 88' lang='lat' dir='ltr'>lari</span> <span class='ocrx_word' id='word_1_374' title='bbox 1382 3568 1519 3622; x_wconf 88' lang='lat' dir='ltr'>possit</span> <span class='ocrx_word' id='word_1_375' title='bbox 1563 3579 1690 3622; x_wconf 88' lang='lat' dir='ltr'>quam</span> <span class='ocrx_word' id='word_1_376' title='bbox 1731 3566 1871 3620; x_wconf 90' lang='lat' dir='ltr'>ipsum</span> <span class='ocrx_word' id='word_1_377' title='bbox 1917 3562 2123 3618; x_wconf 88' lang='lat' dir='ltr'>oppidum</span> 
     </span>
     <span class='ocr_line' id='line_1_73' title="bbox 1261 3622 2123 3681; baseline -0.006 -13"><span class='ocrx_word' id='word_1_378' title='bbox 1261 3628 1436 3668; x_wconf 87' lang='lat' dir='ltr'>minime</span> <span class='ocrx_word' id='word_1_379' title='bbox 1473 3627 1633 3681; x_wconf 81' lang='lat' dir='ltr'>liquet3</span> <span class='ocrx_word' id='word_1_380' title='bbox 1678 3625 1838 3665; x_wconf 87' lang='lat' dir='ltr'>etenim</span> <span class='ocrx_word' id='word_1_381' title='bbox 1882 3634 1970 3663; x_wconf 87' lang='lat' dir='ltr'>non</span> <span class='ocrx_word' id='word_1_382' title='bbox 2004 3622 2123 3678; x_wconf 87' lang='lat' dir='ltr'>regis</span> 
     </span>
     <span class='ocr_line' id='line_1_74' title="bbox 1258 3680 2121 3739; baseline -0.006 -12"><span class='ocrx_word' id='word_1_383' title='bbox 1258 3685 1419 3728; x_wconf 90' lang='lat' dir='ltr'>milites</span> <span class='ocrx_word' id='word_1_384' title='bbox 1455 3686 1531 3728; x_wconf 89' lang='lat' dir='ltr'>sed</span> <span class='ocrx_word' id='word_1_385' title='bbox 1559 3684 1683 3727; x_wconf 81' lang='lat' dir='ltr'>ferox</span> <span class='ocrx_word' id='word_1_386' title='bbox 1715 3684 1920 3725; x_wconf 85' lang='lat' dir='ltr'>iuventus</span> <span class='ocrx_word' id='word_1_387' title='bbox 1955 3680 2121 3739; x_wconf 70' lang='lat' dir='ltr'>(urbis)</span> 
     </span>
    </p>
   </div>
  </div>
 </body>
</html>
