2280 4004
257 274 361 326 “we
882 276 896 282 ’“
974 276 978 278 ’
1009 271 1322 323 {ANNALIVM
1841 279 1960 327 asl
1984 279 2093 330 81&

265 421 481 480 disiecta
516 410 652 490 erat,
689 423 842 488 idque
876 420 1059 472 finibus
1094 421 1350 473 Tiburtum
1387 421 1676 488 acciderat,
1718 422 2097 491 undepater-

263 517 436 571 Plauto
479 516 646 582 erige,
686 513 821 564 hunc
853 512 991 563 illum
1029 512 1235 564 numine
1274 513 1422 564 deum
1461 514 1763 566 destinatum
1800 515 2095 582 credebaut,

264 601 608 665 fovebantque
648 597 818 662 multi,
860 597 1041 664 quibus
1076 612 1210 649 nova
1251 602 1301 649 et
1335 598 1575 664 ancipitia
1609 599 2098 666 praecolerenvidn

266 696 318 744 et
369 690 663 757 plerumque
720 688 875 740 fallax
925 688 1131 740 ambitio
1181 694 1273 742 est.
1347 689 1487 757 Ergo
1533 695 1790 756 permotus
1836 691 1917 748 his
1958 691 2098 757 Nero

229 781 527 849 scomponit
564 781 628 832 ad
666 780 888 832 Plautum
928 774 1151 846 litteras,
1209 781 1499 833 consuleret
1537 781 1693 848 quieti
1724 783 1915 848 urbia,
1940 787 2100 850 oeqtte

266 889 424 941 prava
465 870 841 925 diffamantibus
878 871 1224 923 subtraheret:
1281 886 1398 923 esse
1447 871 1520 922 illi
1575 887 1668 938 per
1721 873 2099 939 Asiamavitm

267 979 441 1032 agrOS‚
477 963 529 1014 in
567 963 746 1030 quibus
780 968 883 1014 tuta
924 968 974 1015 et
1007 962 1263 1014 inturbida
1297 963 1501 1019 iuventa
1538 963 1805 1016 frueretur.
1869 963 2100 1029 natiuae

270 1070 383 1107 cum
419 1055 640 1123 coniuge
678 1054 899 1107 Antistia
942 1060 992 1106 et
1026 1054 1204 1121 paucis
1245 1054 1564 1107 familiarium
1604 1057 1902 1108 concessit..

411 1145 578 1197 Isdem
616 1145 794 1197 diebus
830 1145 984 1196 nimia
1023 1145 1169 1197 luxus
1209 1145 1391 1212 cupido
1443 1145 1710 1198 infamiam>
1738 1151 1789 1198 et
1820 1145 2101 1213 periculum

205 1236 459 1290 roNeroni
498 1237 639 1303 tulit,
683 1238 800 1304 quia
846 1237 1038 1288 fontem
1077 1252 1238 1303 aquae
1273 1237 1496 1290 Marciae
1537 1238 1602 1289 ad
1637 1238 1814 1290 urbem
1852 1237 2117 1294 deductae.
2147 1251 2176 1296 2

267 1327 439 1380 nando
476 1328 789 1392 incesserat3
844 1327 1215 1395 videbaturque
1249 1332 1396 1394 potus
1433 1343 1616 1380 sacros
1649 1333 1700 1381 et
1739 1329 2103 1383 caerimoniam

267 1420 371 1471 loci
407 1434 626 1486 corpore
665 1420 770 1471 loto
823 1419 1084 1486 polluisse.
1159 1420 1445 1486 Secutaque
1483 1435 1673 1487 anceps
1707 1420 1935 1472 valitudo
1973 1419 2102 1474 imin

273 1510 423 1563 deum
460 1511 756 1564 adfirmavit.
1839 1559 1841 1561 .
1955 1559 1960 1563 .
2019 1557 2021 1561 Α
2081 1549 2090 1561 .-

407 1603 476 1654 At
515 1603 736 1655 Corbulo
770 1609 887 1671 post
928 1604 1092 1656 deleta
1119 1604 1362 1657 Artaxata
1396 1604 1638 1657 utendum
1674 1605 2189 1671 recenti.terr01e23

203 1699 407 1751 isratus
447 1696 511 1747 ad
550 1697 846 1763 occupanda
885 1697 1278 1765 Tigranocerta,
1333 1697 1514 1765 quibus
1566 1698 1754 1752 excisis
1789 1703 1974 1753 metum
2007 1697 2107 1752 hoa-

387 1865 429 1907 2.
464 1864 532 1906 dm
565 1877 662 1906 cum
695 1864 771 1908 lin.
817 1864 898 1909 Ma.
1024 1868 1279 1910 destinatum
1323 1867 1490 1909 editor:
1536 1868 1712 1910 codices
1748 1867 1972 1926 destinari.
2060 1874 2104 1921 4.

270 1921 336 1964 his
369 1921 486 1976 GMa‚
521 1936 607 1965 non
639 1925 708 1967 iis.
861 1929 903 1969 5.
938 1940 962 1981 q
996 1941 1092 1969 cum
1132 1928 1208 1969 lin.
1248 1933 1443 1969 traversa
1491 1929 1538 1983 (i.
1575 1941 1613 1970 e.
1650 1928 1738 1986 qui)
1787 1942 1809 1969 e
1842 1927 1975 1977 turbis
2001 1925 2098 1970 Ma':

270 1984 464 2025 correxit
494 1982 709 2038 Pichena,
765 1990 866 2027 ante
899 1999 1029 2042 quem
1063 1986 1251 2029 edebant
1282 1987 1362 2029 sibi
1393 1993 1433 2029 et
1466 1987 1614 2029 turbis.
1765 1987 1807 2035 6,
1839 2000 1982 2043 prava
2012 1985 2105 2030 Μῧὶτ

265 2055 404 2099 prave
435 2043 483 2085 G.
607 2058 757 2099 asyam
788 2044 868 2087 Ma.
990 2047 1031 2089 8.
1067 2047 1331 2101 familiarius
1376 2060 1426 2101 pr
1460 2046 1536 2090 Ma.
1665 2049 1732 2092 10.
1767 2047 1943 2088 neronis
1975 2045 2104 2090 GMa:

271 2103 440 2144 Neroni
470 2102 751 2146 Puteolanus.
844 2107 1010 2161 ηιανῃίο
1044 2105 1134 2148 Ma:
1173 2107 1363 2149 Martiae
1397 2106 1679 2149 Puteolanus.
1797 2109 1865 2151 ¹2.
1899 2113 1982 2150 tom
2015 2105 2106 2150 Ma:

272 2163 465 2205 correxit
495 2162 683 2218 Lipsius,
781 2166 849 2208 13.
885 2165 1026 2223 deum]
1064 2166 1132 2209 dm
1165 2180 1261 2208 cum
1294 2166 1371 2209 lin.
1405 2165 1487 2209 Ma.
1582 2167 1657 2222 aff.
1693 2165 1765 2209 Or.

273 2318 404 2360 supra
438 2305 519 2361 (XI
556 2307 632 2363 13)
667 2305 872 2363 legimus.
943 2307 1054 2350 Plin.
1091 2308 1143 2351 N.
1230 2309 1277 2350 in
1306 2308 1436 2360 villa,
1482 2309 1552 2350 cui
1595 2307 1777 2363 explere
1822 2311 2106 2352 conatus'est

272 2365 323 2407 H.
348 2364 408 2406 111
446 2366 496 2408 17
533 2367 636 2422 (12)
660 2380 670 2403 τ
705 2366 891 2408 Anio-
909 2366 1029 2409 lacus
1062 2374 1147 2410 tres
1230 2367 1585 2425 Bezzenberger,
1610 2370 1872 2427 comparatis
1892 2366 2106 2429 exemplis

274 2425 532 2467 amoenitate
563 2424 746 2478 nobiles,
781 2428 852 2480 qui
883 2440 1038 2468 nomen
1071 2427 1148 2469 de-
1234 2427 1293 2469 lV
1324 2428 1402 2480 59,
1443 2427 1499 2470 Vl
1532 2429 1604 2471 50.
2041 2466 2043 2469 .

274 2484 376 2525 dere
408 2483 665 2539 Sublaqueo,
699 2485 838 2540 defert
868 2487 915 2527 in
953 2486 1146 2529 Tiberim.
1321 2486 1434 2529 hunc
1464 2487 1584 2528 illum
1614 2486 1787 2528 numine
1821 2487 1943 2529 deum
1974 2485 2108 2531 desta·-

274 2543 471 2585 Frontin.
494 2544 547 2585 de
572 2544 846 2599 Aquaeduct.
871 2545 950 2588 93:
977 2561 1029 2587 ea·
1050 2545 1150 2587 lacu

279 2603 350 2656 qui
390 2610 450 2643 est
490 2617 618 2658 super
656 2603 805 2645 villam
850 2605 1150 2647 Neronianam

275 2661 592 2703 Sublacensem.
658 2663 838 2704 Scilicet
861 2662 1006 2704 locum
1027 2664 1150 2705 illum

277 2720 518 2775 villamque
569 2721 697 2762 modo
752 2722 982 2764 indefinite
1032 2724 1150 2764 Sim-

275 2779 435 2821 bruina
471 2787 628 2835 stayna
658 2781 746 2838 (die
778 2782 1148 2825 Simbruinisehen

282 2839 475 2895 Teiche),
528 2839 657 2881 modo
711 2841 935 2895 praedium
988 2842 1149 2884 Subla-

276 2912 440 2953 queum,
460 2898 559 2954 (das
574 2899 811 2941 Landhaus
836 2915 897 2942 an
924 2901 1005 2943 den
1018 2903 1148 2960 Secn)

276 2958 510 3000 vocabant.
590 2958 679 2999 Iam
722 2959 945 3013 profecto,
994 2961 1148 3014 lector,

275 3016 506 3073 intelliges
539 3019 607 3059 cui
626 3017 735 3059 nihil
757 3031 855 3060 esse
888 3020 971 3061 nisi
998 3021 1150 3063 soloe-

276 3077 485 3129 cismum,
536 3089 725 3132 eumque
757 3079 863 3119 satis
905 3084 1073 3133 turpem
1109 3086 1152 3122 et

275 3135 398 3177 nullo
431 3135 617 3177 artificio
651 3136 873 3179 tuendum.
935 3138 1150 3195 Equidem

277 3194 467 3236 litteram
503 3209 523 3236 s
557 3208 611 3236 ex
653 3195 951 3252 subsequente
991 3198 1150 3240 Subla-

278 3268 427 3308 queum
469 3260 683 3308 sumptam
729 3259 975 3310 pronomini
1013 3259 1149 3315 (quoi)

278 3313 486 3370 adiungo,
519 3313 634 3355 unde
668 3315 864 3370 litquois‚
898 3317 940 3358 h.
967 3330 1006 3359 e.
1042 3319 1147 3372 quis.

279 3371 313 3413 G
344 3385 421 3427 pro
461 3385 582 3414 more
633 3375 731 3428 quoi
771 3387 848 3429 pro
894 3371 963 3418 cai
1003 3376 1148 3429 habet,

278 3432 405 3473 etsie
425 3444 602 3487 quoque
623 3434 667 3473 in
694 3433 778 3476 hoc
806 3434 920 3476 loco.
983 3435 1147 3478 Emen-

279 3490 407 3532 dandi
431 3490 690 3533 facilitatem
725 3505 809 3548 quo
827 3494 985 3537 melius
1008 3508 1150 3551 agno-

279 3562 400 3601 scas,
451 3549 560 3591 haec
609 3553 691 3592 tria
736 3565 987 3606 comparare
1039 3555 1150 3596 velis

283 3607 825 3663 QVOISVBLAQVEVM,
846 3611 1151 3663 QVOlSSVB..

282 3665 391 3717 LAQ
402 3667 574 3722 VEVM,
615 3669 775 3721 QVISS
785 3670 968 3724 vBLAQ
977 3673 1049 3716 VE
1059 3673 1149 3716 VM.

1232 2554 1379 2588 natum
1399 2547 1657 2588 credebant:
1682 2558 1762 2601 per
1787 2546 1902 2589 hunc
1919 2546 2109 2606 (=hunc

1234 2609 1351 2663 esse)
1384 2606 1582 2647 Plautum
1625 2612 1842 2661 tamquam
1883 2605 2108 2664 cognitum

1234 2671 1277 2706 et
1299 2679 1323 2706 a
1355 2665 1666 2720 quaerentibus
1696 2665 1922 2707 inventum
1955 2672 2108 2708 osten-

1233 2723 1362 2776 dunt,
1416 2723 1537 2765 illum
1588 2724 1738 2765 dicunt
1801 2725 1957 2767 sideris
2009 2732 2108 2768 ortu

1232 2788 1499 2826 ostentatum
1534 2783 1612 2826 sed
1644 2782 1697 2825 ab
1734 2783 1984 2827 hominihus
2018 2797 2107 2828 non

1233 2844 1378 2885 statim
1401 2849 1620 2897 repertum
1642 2848 1686 2884 et
1706 2844 1916 2900 agnitum.
1959 2844 2106 2888 ’Πιθο-

1234 2903 1382 2945 disce:
1417 2903 1494 2944 der
1524 2903 1588 2944 sei
1609 2902 1741 2955 jener
1771 2903 1854 2944 den
1882 2903 1959 2946 der
1986 2905 2108 2948 Wnk

1235 2963 1311 3004 der
1337 2963 1483 3006 Gotter
1511 2962 1714 3004 bestimmt
1744 2961 1876 3005 hatte.
1939 2964 2108 3007 Numen

1234 3021 1277 3063 h.
1297 3022 1325 3063 l.
1355 3028 1421 3064 est
1452 3027 1581 3064 nutus
1614 3027 1658 3064 et
1688 3020 1909 3064 voluntas.
1954 3022 2003 3066 ln
2024 3032 2107 3067 ω-

1234 3081 1378 3123 dicum
1411 3083 1625 3135 scriptura
1655 3081 1771 3123 huno
1799 3081 1922 3124 iilum
1940 3106 1997 3116 —-·
2027 3083 2106 3126 de-

1233 3142 1393 3182 stinari
1411 3140 1667 3183 alterutrum
1689 3151 1930 3195 pronomen
1959 3144 2106 3185 munt..

1234 3200 1349 3241 festo
1382 3212 1757 3254 supervacaneum
1793 3206 1860 3243 est
1893 3206 1938 3243 et
1967 3203 2105 3244 vitio-

1234 3272 1349 3312 sum,
1387 3260 1638 3315 erravitque
1673 3259 1918 3302 Gronovius
1950 3263 2102 3313 maior,

1238 3331 1334 3359 cum
1372 3320 1545 3375 Virgilii
1590 3331 1721 3362 versu
1765 3319 1877 3361 Aen.
1919 3317 1980 3362 lv
2017 3319 2103 3364 675

1234 3378 1314 3419 hoc
1333 3377 1454 3432 illud,
1472 3391 1696 3434 germana,
1720 3378 1834 3432 fuit?
1863 3391 1930 3420 me
1947 3378 2103 3434 fraude

1231 3438 1427 3493 petebas,
1481 3444 1613 3493 atque
1654 3437 1847 3479 Petronii
1898 3436 2100 3491 exemplo

1235 3497 1367 3553 (101)
1400 3497 1470 3539 hie
1503 3504 1562 3539 est
1582 3497 1760 3553 Cyclops
1782 3495 1856 3539 cllo
1888 3502 1928 3537 et
1948 3495 2101 3538 arehi-

1228 3558 1392 3611 ρι’-ναίω,
1432 3557 1500 3597 cui
1529 3554 1994 3608 vocam-antaebemus,
2027 3566 2102 3597 er-

1235 3615 1367 3666 ravit,
1412 3615 1614 3670 inquam,
1659 3627 1754 3655 eum
1788 3613 1855 3655 his
1888 3614 2100 3669 exemplis

1236 3673 1460 3730 vulgatam
1501 3674 1614 3715 tucri
1658 3671 1811 3715 voluit.
1890 3670 1938 3714 Id
1986 3673 2101 3717 enlm
