2280 4004
216 314 243 344 a
267 300 322 344 C.
355 301 428 345 63.
836 301 999 345 LIBER
1030 303 1125 346 XV.
1188 300 1295 344 CAP.
1330 300 1522 346 22—25.
1954 301 2042 342 261

216 429 462 496 honorem
500 442 649 494 divae
689 447 738 493 et
774 441 1004 508 pulvinar
1038 439 1316 506 aedemque
1364 444 1413 491 et
1463 439 1801 491 sacerdotem.
1878 440 2042 506 Atque

217 537 327 602 ipse
363 540 417 586 ut
454 534 704 597 laetitiae,
742 533 808 584 ita
829 532 1076 583 maeroris
1106 531 1407 582 immodicus
1440 531 1558 598 egit.
1615 531 1923 582 Adnotatum
1948 536 2044 594 est,

217 629 354 678 omni
389 630 568 676 senatu
604 624 807 675 Antium
860 624 952 674 sub
989 627 1248 673 recentem
1289 627 1482 687 partum
1537 621 1728 687 effuSO,
1775 623 2047 673 Thraseam

215 716 519 783 prohibitum
557 715 763 765 immoto
804 715 970 765 animo
1009 713 1357 779 praenuntiam
1388 713 1693 765 imminentis
1719 714 1891 764 caedis
1921 727 2050 763 con-

215 807 467 859 tumeliam
508 806 788 871 excepisse.
864 805 1097 856 Secutam
1149 803 1332 855 dehinc
1369 817 1548 853 vocem
1590 803 1824 853 Caesaris
1863 803 2086 866 ferunt,5

216 914 312 965 qua
350 897 732 950 reconciliatum
773 911 830 947 se
866 896 1118 946 Thraseae
1167 894 1296 960 apud
1347 894 1594 946 Senecam
1640 894 1931 958 iactaverit,
1988 910 2049 944 ac

215 990 462 1042 Senecam
497 987 706 1039 Caesari
746 985 1064 1053 gratulatum.
1140 984 1284 1036 Unde
1336 983 1502 1050 gloria
1555 984 1780 1050 egregiis
1835 984 1959 1035 viris
2001 989 2050 1035 et

212 1079 437 1146 pericula
472 1078 775 1146 gliscebant.

129 1173 199 1222 24
315 1170 450 1220 Inter
488 1183 634 1234 quae,
674 1167 810 1218 veris
841 1166 1105 1232 principio,
1145 1165 1300 1230 legati
1325 1164 1616 1215 Parthorum
1644 1165 1878 1216 mandata
1907 1165 2046 1232 regis

214 1259 488 1328 Vologesis
524 1258 819 1322 litterasque
855 1257 907 1306 in
945 1256 1158 1306 eandem
1187 1256 1399 1305 sormam
1427 1256 1666 1307 attulere:
1705 1270 1762 1307 se
1795 1257 1969 1322 priora
1997 1261 2045 1308 et
2063 1266 2112 1302 ¹0

213 1350 400 1401 totiens
436 1349 620 1399 iactata
657 1362 809 1414 super
847 1345 1121 1397 obtinenda
1159 1345 1400 1396 Armenia
1437 1360 1571 1396 nunc
1610 1347 1873 1410 omittere,
1915 1361 2047 1412 quo-

214 1440 349 1491 niam
391 1439 460 1503 di,
501 1438 728 1504 quamvis
767 1437 1042 1503 potentium
1082 1436 1381 1501 populorum
1423 1436 1628 1500 arbitri,
1666 1437 2047 1502 possessionem

215 1530 408 1582 Parthis
448 1543 552 1579 non
589 1528 700 1579 sine
738 1526 1017 1594 ignominia
1038 1526 1262 1577 Romana
1298 1526 1643 1577 tradidissent.
1699 1527 1869 1592 Nuper
1906 1527 2050 1578 clau-

223 1637 332 1674 sum
367 1619 663 1687 Tigranem3
701 1622 816 1686 post
847 1618 1049 1668 Paetum
1084 1616 1417 1683 legionesque
1454 1631 1564 1666 cum
1599 1616 1884 1681 opprimere
1923 1632 2049 1682 pos-

216 1716 311 1776 set,
360 1709 639 1761 incolumes
694 1708 964 1759 dimisisse.
1040 1708 1172 1759 Satis
1225 1707 1553 1772 adprobatam
1597 1707 1695 1758 vim
1711 1725 1725 1770 ;
1788 1707 1954 1758 datum
1997 1713 2111 1760 etis

214 1800 434 1853 lenitatis
475 1798 887 1865 experimentum.
948 1799 1056 1850 Nec
1090 1803 1436 1850 recusaturum
1461 1798 1716 1850 Tiridaten
1742 1799 2041 1864 accipiendo

218 1891 491 1943 diademati
531 1890 582 1940 in
607 1890 782 1940 urbem
805 1889 1000 1954 venire,
1037 1889 1135 1940 nisi
1162 1889 1438 1940 sacerdotii
1458 1888 1711 1956 religione
1735 1889 2045 1941 attineretur.

215 1985 401 2034 Iturum
450 1981 514 2033 ad
563 1981 711 2047 signa
749 1985 799 2032 et
834 1980 1032 2047 effigies
1066 1980 1339 2047 principiS,
1397 1980 1485 2031 ubi
1534 1980 1824 2046 legionibus
1875 1988 2050 2031 coram

133 2076 431 2142 25regnum
472 2072 836 2138 auspicaretur.
912 2070 1112 2123 Talibus
1152 2070 1424 2138 Vologesis
1461 2070 1674 2135 litteriS,
1722 2070 1837 2137 quia
1873 2070 2051 2122 Paetus

316 2230 355 2271 1.
390 2227 587 2281 edemque
618 2225 698 2268 ΜΗ.

221 2287 301 2331 ΜΗ.
393 2288 436 2330 5.
457 2300 539 2328 ces.
573 2284 654 2327 ΜΗ.

222 2346 300 2390 ΜΗ.
407 2347 474 2388 11.
509 2352 591 2400 opt.
627 2343 706 2386 ΜΗ.

225 2408 293 2450 15.
329 2404 614 2462 adprouatam
646 2401 724 2445 ΜΗ.

791 2227 833 2270 2.
866 2225 1048 2266 meroris
1082 2223 1160 2266 ΜΗ.
1260 2225 1363 2266 inm.
1399 2223 1478 2267 ΜΗ.
1552 2229 1594 2269 4.
1629 2226 1732 2268 inm.
1759 2223 1838 2267 ΜΗ.
1924 2239 2049 2281 pren.

726 2285 768 2328 6.
804 2285 1089 2327 reconciliata
1120 2282 1200 2325 ΜΗ.
1293 2285 1335 2327 7.
1370 2299 1450 2330 ces,
1487 2283 1563 2327 ΜΗ.
1637 2285 1679 2328 9.
1712 2285 1906 2339 interque
1937 2285 2053 2326 ueris

817 2345 1076 2385 committere
1111 2342 1200 2384 illa:
1235 2342 1508 2385 emendatum
1541 2344 1586 2384 in
1619 2343 1667 2386 G.
1781 2346 1848 2388 12.
1884 2344 1945 2385 dii
1977 2343 2049 2387 Or.

826 2403 892 2445 16.
933 2403 1150 2445 Tiridaten
1182 2400 1269 2455 ΜΗ,
1303 2403 1485 2458 tyridate
1523 2402 1570 2445 G.

223 2551 308 2595 que
323 2550 480 2579 annum
494 2537 811 2591 celebrabatur,
824 2538 1089 2594 gymnicum,
1176 2539 1322 2580 danda
1334 2552 1552 2596 responsa.
1650 2538 1789 2580 Iuliae
1805 2539 1924 2595 penti
1935 2539 2050 2596 apud

223 2599 449 2650 musicum,
485 2603 702 2652 equestre.
761 2598 941 2639 Sueton.
974 2597 1088 2652 Aug.

228 2657 304 2709 18,
340 2656 425 2697 Dio
458 2656 510 2697 Ll
550 2658 588 2698 1.
624 2656 776 2698 Claud.
811 2657 1090 2698 Mamertinus

223 2715 386 2771 Paneg.
438 2729 475 2757 e.
525 2714 567 2757 9.
632 2716 800 2772 Reliqio
850 2721 915 2757 est
970 2727 1094 2757 sacra

225 2774 465 2816 celebratio
501 2774 587 2830 (die
619 2774 773 2829 liciliqe
803 2774 966 2830 Fater->2
1003 2774 1093 2815 ludi

226 2835 342 2876 onim
387 2834 431 2872 in
474 2833 683 2874 honorem
728 2833 907 2874 deorum
954 2833 1093 2874 habe-

226 2893 398 2933 bantur.

335 2950 622 2991 Fortunarum
674 2950 856 3006 efliyics:
918 2950 1095 3005 efligies

227 3009 448 3051 secundae
508 3008 710 3050 fortunae
765 3016 809 3051 et
869 3010 1093 3051 adversae.

230 3068 354 3110 Hunc
383 3080 582 3108 sororum
612 3068 898 3110 Fortunarum
932 3069 1097 3110 cultum

231 3141 285 3168 ex
316 3126 476 3180 oppido
514 3126 662 3180 Antii,
705 3128 780 3169 ubi
820 3134 945 3170 natus
989 3134 1095 3179 erat,

229 3186 343 3228 Nero
393 3185 567 3227 videtur
617 3187 904 3229 transtulisse.
969 3187 1095 3228 Gonf.

231 3246 410 3288 Sueton.
458 3243 599 3301 Calig.
643 3247 722 3290 57:
765 3254 1021 3289 monuerunt
1059 3254 1098 3288 et

232 3305 449 3346 Fortunae
489 3303 766 3357 Antiatinae‚
808 3313 853 3347 ut
885 3320 913 3346 a
947 3306 1095 3346 Cassio

232 3369 416 3405 caveret.
478 3363 662 3407 Martini.
710 3365 746 3405 V
781 3367 801 3406 1
835 3366 885 3407 3:
919 3378 992 3406 seu
1024 3371 1097 3406 tua

230 3422 447 3464 veridicae
479 3421 645 3465 discunt
676 3437 883 3478 responsa
909 3437 1094 3474 sorores,

227 3482 366 3538 plana
406 3480 638 3524 suburbani
685 3495 768 3536 qua
810 3483 934 3524 cubat
977 3483 1095 3523 unda

233 3544 334 3596 freti
378 3541 563 3597 (Antii).
626 3541 814 3584 macrob.
866 3543 1034 3584 Saturn.
1083 3543 1099 3583 1

235 3602 318 3644 23:
349 3607 395 3642 ut
425 3599 612 3642 videmus
645 3601 758 3657 apud
790 3600 962 3643 Antium
990 3613 1098 3656 pro-

235 3660 396 3702 moveri
442 3659 676 3702 simulacra
720 3660 1006 3702 Fortunarum
1043 3660 1100 3701 ad

1177 2598 1399 2641 Bovillas.-
1442 2597 1530 2638 vid.
1564 2596 1601 2637 11
1635 2601 1706 2640 41.

1267 2656 1370 2710 Cap.
1389 2656 1459 2699 24.
1502 2657 1616 2697 inter
1641 2670 1748 2712 qnae
1765 2682 1821 2690 -—
1841 2658 2049 2700 attulere.-

1179 2717 1284 2758 dicit
1316 2716 1504 2772 legatos,
1539 2728 1647 2770 quos
1682 2730 1706 2757 a
1741 2717 1965 2773 Vologese
1997 2718 2050 2759 ad

1178 2776 1396 2818 Neronem
1445 2776 1600 2815 missos
1642 2789 1739 2817 esse
1788 2777 1976 2832 legimus
2010 2791 2049 2817 c.

1185 2836 1239 2876 14
1270 2840 1380 2875 extr.
1487 2836 1675 2887 quamvis
1705 2837 1938 2889 potentium
1965 2849 2049 2891 po-

1178 2893 1374 2948 pulorum
1409 2893 1590 2933 arbitri:
1625 2895 1813 2947 quamvis
1844 2895 1931 2935 vim
1967 2906 2051 2934 no-

1182 2953 1308 2992 minis
1358 2954 1592 3008 polentium
1636 2954 1847 3005 intendit,
1905 2959 1951 2993 ut
1996 2955 2053 2994 sit

1182 3012 1458 3067 quantumvis
1517 3013 1761 3064 potentium
1816 3013 1951 3066 (noch
2006 3027 2051 3054 so

1183 3071 1421 3125 machtiyer
1465 3069 1617 3111 Volker
1651 3072 1855 3124 Herren).
1921 3070 2048 3113 Conf.

1183 3130 1282 3171 XVI
1329 3130 1380 3171 16
1435 3130 1625 3182 quamvis
1674 3129 1885 3169 honestos.
1949 3129 2053 3171 H.1

1187 3189 1240 3231 16
1286 3188 1474 3241 quamvis
1526 3188 1713 3241 eyreyii,
1768 3187 1825 3230 26
1883 3187 2054 3229 consilii

1183 3248 1372 3301 quamvis
1418 3246 1580 3300 eyreyii
1624 3271 1680 3277 —-
1722 3247 1934 3287 inimicus
1999 3246 2049 3287 H.

1181 3306 1216 3346 ΙΙ
1250 3306 1306 3348 59
1341 3306 1529 3359 quamvis
1559 3318 1742 3360 magna,
1779 3310 1821 3345 et
1851 3306 1914 3346 sic
1947 3317 2051 3359 per-

1181 3377 1331 3418 saepe.

1297 3424 1381 3463 nisi
1429 3423 1661 3464 sacerdotii
1718 3422 1925 3477 reliyione
1981 3428 2051 3461 at-

1180 3483 1413 3522 tineretur:
1476 3481 1560 3522 nisi
1623 3480 1855 3523 sacerdotii
1908 3482 2054 3521 munia

1185 3541 1298 3582 domi
1333 3540 1532 3582 obeunda
1567 3540 1761 3589 haberet.
1824 3540 1956 3581 Aliud
1988 3545 2054 3581 est

1184 3600 1299 3655 quod
1331 3599 1496 3641 Plinius
1533 3599 1643 3641 XXX
1675 3599 1703 3641 6
1734 3605 1898 3651 narrat,
1939 3597 2052 3640 Tiri-

1184 3658 1311 3701 daten
1367 3658 1552 3716 magicis
1607 3658 1741 3700 sacris
1794 3656 2051 3712 praeditum,
