2280 4004
244 263 339 307 258

1004 256 1296 305 ANNALIVM

1819 271 1859 303 a.
1888 267 1940 310 D.
1970 258 2073 304 ²77.

245 397 593 470 repetitiflex
628 405 828 453 vetusto
865 413 994 464 mos,
1028 399 1314 465 missusque
1341 414 1368 457 e
1399 397 1722 450 senatoribus
1764 400 2075 470 qutwscipto-

246 510 359 547 nem
396 474 670 558 eburnum,
712 497 881 559 togam
921 491 1132 558 pictam,
1192 490 1396 556 antiqua
1432 494 1629 557 patrum
1666 505 1874 544 munera
1910 492 2075 559 daret,

245 601 524 655 regemque
561 589 610 637 et
647 584 842 636 socium
883 583 1283 657 atqueamieum
1322 581 1613 649 appellaret.

385 677 576 729 Eadem
628 680 823 727 aestate
875 680 1011 726 mota
1065 660 1159 741 per
1211 674 1402 726 Italiam
1459 674 1660 726 servilis
1709 673 1829 727 belli
1883 674 2158 735 seminam

209 782 231 817 ⁵
249 770 354 821 sors
405 768 671 834 oppressit..

758 766 955 818 Auctor
1006 765 1242 819 tumultus
1296 766 1434 818 Titus
1490 765 1765 832 Curtisius,
1822 765 2076 833 quondam

245 859 535 927 praetoriae
575 857 802 910 cohortis
839 857 1018 923 mileS,
1073 857 1236 923 primo
1291 857 1520 909 coetibus
1568 856 1897 909 clandestinis
1944 856 2075 924 apud

243 950 567 1002 Brundisium
605 955 654 1001 et
691 949 1017 1001 circumiecta
1070 949 1284 1015 oppida,
1342 963 1461 1000 mox
1496 949 1677 1015 positis
1714 948 1974 1015 propalam
2010 947 2080 1000 li-

242 1043 393 1095 bellis
433 1042 496 1094 ad
529 1041 812 1093 libertatem
851 1041 1071 1092 vocabat
1101 1040 1325 1108 agrestia
1366 1056 1458 1107 per
1491 1039 1800 1108 longinquos
1834 1039 1991 1092 saltus
2026 1043 2078 1092 et

245 1134 442 1186 ferocia
479 1132 718 1197 servitia,
761 1147 871 1182 cum
909 1130 1047 1183 velut
1080 1146 1289 1183 munere
1330 1131 1478 1183 deum
1517 1135 1622 1184 tres
1658 1131 1881 1184 biremes
1913 1129 2078 1197 adpu-

183 1226 353 1279 2olere
391 1225 456 1277 ad
493 1239 614 1277 usus
659 1224 1046 1276 commeantium
1075 1223 1163 1275 illo
1201 1224 1343 1275 mari.
1417 1223 1480 1276 Et
1507 1228 1616 1275 erat
1646 1222 1809 1276 isdem
1843 1221 2080 1290 regioni-

363 1381 401 1421 1.
434 1393 546 1430 mos,
590 1378 820 1432 missusque
850 1377 1048 1432 Lipsius:
1081 1377 1121 1420 M
1166 1391 1283 1419 more
1326 1377 1597 1432 emissusque.

253 1438 294 1481 T.
330 1439 384 1480 Μ.
450 1437 632 1494 quodam
666 1451 761 1479 cum
795 1437 874 1479 lin.
908 1438 963 1480 M.

245 1496 436 1540 roaldus.

246 1627 418 1670 nescius
466 1627 666 1683 sequitur
719 1626 899 1668 verbum
919 1658 930 1679 ,
987 1631 1030 1668 et
1082 1625 1124 1666 in

202 1719 207 1722 -
248 1687 471 1729 sententia
503 1686 619 1728 haud
661 1686 882 1741 pendente
924 1699 949 1727 a
991 1698 1127 1740 prae-

250 1759 427 1803 gressa,
471 1746 610 1788 veluti
657 1745 716 1787 lV
749 1747 807 1789 32
837 1759 926 1786 non
956 1747 1126 1787 nescius

248 1821 354 1859 sum,
371 1804 470 1847 XVI
491 1807 545 1847 14
565 1818 700 1859 neque
718 1805 909 1846 nescium
926 1804 1122 1847 habebat.

249 1864 483 1907 Praeterea
525 1864 642 1905 haud
683 1865 812 1905 etiam
848 1877 901 1906 eo
949 1865 1126 1905 nomine

249 1924 529 1979 praeplacet,
579 1923 695 1979 quod
727 1923 861 1965 facile
900 1923 1124 1965 absorberi

250 1985 394 2038 potuit
425 1989 524 2038 post
555 1995 654 2024 voe.
691 1982 857 2038 culpae.

345 2058 398 2084 ea:
428 2049 586 2085 vetusto
619 2056 723 2095 mos,
756 2043 986 2096 missusque
1006 2055 1019 2082 .·
1055 2042 1126 2083 vi-

250 2104 355 2145 tium
379 2101 480 2144 libri
508 2102 543 2144 M
569 2103 704 2159 (more
728 2103 1004 2158 emissusque)
1025 2099 1127 2142 inde

247 2162 476 2217 provenit,
532 2161 648 2217 quod
688 2162 820 2202 moris
864 2172 1023 2202 nomen
1068 2159 1127 2200 li-

248 2223 418 2263 brarius
470 2219 754 2275 praecedenti
807 2227 966 2262 vetusto
1014 2221 1129 2261 assi-

251 2281 421 2323 milavit
455 2286 497 2321 et
528 2294 551 2320 o
585 2280 774 2321 litteram
817 2281 913 2321 sive
956 2292 1009 2321 ex
1050 2292 1127 2320 ve-

251 2347 361 2382 tusto
391 2341 487 2382 sive
521 2353 575 2380 ex
607 2352 689 2380 suo
721 2353 839 2380 more
871 2340 916 2379 in
949 2338 1126 2379 auribus

253 2401 514 2441 tinnientem
536 2400 637 2440 voci
665 2399 894 2453 missusque
911 2397 1125 2440 adiunxit.

252 2459 446 2515 Longius
468 2458 557 2499 abit
582 2458 835 2499 coniectura
853 2456 1126 2499 Doederlinii

253 2532 306 2559 ear:
349 2525 509 2560 vetusto
550 2531 668 2559 more
713 2518 848 2559 honos
879 2517 1125 2570 missusque,

253 2590 367 2632 quae
405 2576 633 2618 admodum
680 2576 845 2629 placuit
879 2576 1049 2617 lleraeo
1083 2587 1125 2628 p.

258 2635 356 2678 149.
420 2635 485 2677 De
519 2647 639 2676 more
677 2635 754 2675 illo
788 2634 956 2687 Dionys
988 2635 1040 2677 A.
1077 2634 1126 2675 R.

253 2694 309 2735 ΠΙ
341 2694 412 2737 35.
468 2693 563 2735 Liv.
600 2693 714 2735 XXX
750 2695 817 2735 15.

345 2752 450 2807 Gap.
485 2754 555 2797 27.
628 2754 818 2808 (moestia
850 2766 929 2808 per
954 2751 1128 2807 lonqin-

256 2826 356 2868 quos
379 2812 512 2854 saltus
544 2838 600 2845 -
632 2813 838 2854 servitia.-
879 2811 1130 2867 lonqinquos

257 2872 393 2915 saltus
422 2871 529 2913 dicit
561 2871 695 2927 longe
729 2877 919 2914 remotos
941 2885 965 2912 a
984 2871 1130 2912 Brun-

257 2931 383 2973 «lusio
426 2936 470 2972 et
513 2932 644 2972 maris
678 2930 809 2983 locis,
856 2930 929 2971 ubi
978 2935 1129 2971 coetus

258 2990 555 3032 clandestinos
574 2990 788 3031 Cui-tisius
812 2989 1128 3031 celebraverat.

347 3051 417 3091 cui
451 3051 682 3106 provincia
731 3057 871 3091 vetere
917 3063 969 3089 ea:
1014 3062 1130 3090 more

260 3108 388 3151 Cales
418 3116 652 3151 evenerat:
685 3114 895 3150 converte
929 3109 1020 3149 dem
1039 3122 1132 3149 z-um

265 3168 707 3224 Verwaltunqsbezirk
754 3194 810 3202 -—
870 3167 997 3209 Cales
1052 3181 1131 3222 qe-

255 3229 431 3270 worden
461 3242 569 3271 noar.
629 3228 717 3270 lam
751 3228 917 3270 liberae
942 3228 1131 3269 civitatis

260 3287 528 3341 temporibus
566 3287 650 3329 (luo
685 3293 940 3343 quaestores
986 3287 1130 3328 vecti-

259 3346 377 3401 galia
411 3353 455 3389 et
486 3359 576 3389 rem
608 3347 933 3389 frumentariam
957 3346 1132 3401 aliaque

259 3406 407 3447 officia
446 3406 499 3448 ad
539 3412 764 3462 utramque
813 3406 965 3448 ltaliae
1014 3418 1130 3446 ora-m

260 3465 573 3518 procurabant,
617 3466 728 3507 alter
770 3479 887 3508 mare
930 3465 1134 3516 inferum,

261 3524 375 3565 alter
406 3536 610 3577 superum
653 3527 984 3580 proximumque
1027 3525 1134 3567 litus

261 3582 516 3625 obtinendo.
581 3582 672 3624 Eae
726 3586 982 3638 provinciae
1030 3581 1134 3625 vul-

267 3643 363 3703 gari.
392 3653 596 3691 sermone
627 3645 864 3703 aquariae,
908 3649 952 3688 et
997 3643 1135 3688 altera

1721 1377 1763 1419 5.
1775 1395 1777 1399 ’
1807 1375 1992 1432 oppresit
2020 1374 2061 1419 Μ
2067 1407 2077 1417 .

1031 1437 1074 1480 6.
1100 1444 1204 1494 aput
1234 1437 1288 1480 M.
1351 1436 1392 1480 9.
1425 1437 1639 1493 seror-icta
1669 1435 1736 1478 M:
1769 1435 1962 1478 correxit
1987 1433 2079 1477 Be-

1210 1624 1304 1667 fere
1348 1621 1585 1677 Ostiensis,
1619 1623 1758 1667 altera
1791 1618 1964 1666 Gallica
1993 1633 2080 1665 vo·-

1210 1684 1404 1727 cabatur.
1458 1684 1541 1736 Qui
1565 1683 1800 1726 Ostiensem
1826 1682 1898 1738 (id
1918 1694 2078 1725 nomen

1208 1743 1310 1785 inde
1343 1744 1518 1785 ductum
1558 1742 1746 1796 videtur,
1780 1740 1895 1798 quod
1915 1740 2078 1783 classes

1209 1803 1520 1845 frumentariae
1575 1801 1739 1844 Ostiam
1789 1807 1833 1842 et
1881 1799 1984 1842 inde
2033 1801 2078 1841 in

1209 1862 1387 1904 flumine
1425 1861 1593 1903 Tiberis
1635 1862 1812 1903 Romam
1852 1858 2080 1902 subvehe-

1208 1921 1388 1979 hantur)
1423 1919 1725 1976 praesidebat,
1772 1918 1902 1961 modo
1935 1917 2080 1960 Ostiae

1209 1983 1397 2033 versari,
1431 1979 1559 2022 modo
1595 1979 1794 2031 Calibus,
1826 1976 1958 2020 modo
1988 1977 2078 2020 Pu-

1211 2039 1332 2082 teolis
1363 2045 1561 2095 poterat,
1600 2045 1647 2080 ut
1677 2050 1853 2094 quoque
1884 2043 2083 2091 tempore

1209 2113 1314 2141 usus
1346 2099 1572 2154 poscebat.
1624 2099 1695 2142 Sic
1719 2098 1920 2140 Vatinius
1943 2108 2083 2152 quae-

1209 2166 1323 2213 stor,
1373 2172 1468 2202 cum
1501 2160 1541 2200 ei
1577 2159 1764 2213 aquaria
1802 2161 1921 2198 sorte
1965 2155 2085 2200 obti-

1211 2221 1363 2276 gisset,
1397 2233 1422 2260 a
1449 2217 1667 2260 Cicerone
1693 2215 1874 2260 consule
1890 2214 2086 2258 Puteolos

1210 2279 1263 2320 ad
1285 2280 1584 2334 magistratum
1610 2290 1733 2319 suum
1758 2276 1818 2318 ibi
1843 2273 2084 2331 gerendum

1210 2339 1367 2379 missus
1421 2343 1502 2379 est.
1572 2336 1663 2378 Cic.
1724 2337 1767 2377 in
1821 2335 1968 2376 Vatin.
2025 2334 2083 2376 5:

1210 2410 1369 2450 quaero
1418 2411 1470 2437 ea:
1509 2402 1578 2446 te,
1620 2421 1675 2427 —-
1720 2395 1927 2436 missusne
1965 2392 2025 2434 sis
2055 2404 2085 2434 a

1210 2470 1274 2497 me
1301 2454 1473 2497 consule
1494 2453 1702 2506 Puteolos,
1735 2460 1782 2495 ut
1810 2452 1910 2494 inde
1931 2464 2085 2492 aurum

1211 2516 1434 2571 exportari
1466 2521 1770 2570 argentumque
1796 2508 2086 2568 prohiberes?

1212 2574 1281 2616 Cf.
1316 2587 1392 2628 pro
1427 2574 1592 2615 Muren.
1625 2573 1680 2614 8:
1726 2578 1770 2613 tu
1810 2569 1931 2613 illam
1972 2568 2079 2626 (ha-

1214 2633 1346 2674 buisti
1372 2636 1689 2689 quaesturam),
1724 2630 1807 2683 eui,
1832 2644 1927 2672 cum
1949 2642 2084 2684 quae-

1213 2700 1348 2734 stores
1379 2693 1638 2743 sortiuntur,
1683 2691 1809 2732 etiam
1841 2687 2087 2731 adclamari

1213 2750 1333 2805 solet,
1369 2751 1627 2803 Ostiensem,
1676 2763 1765 2790 non
1797 2756 1885 2791 tam
1913 2748 2084 2804 gyratio-

1211 2824 1303 2853 sam
1336 2818 1375 2852 et
1406 2810 1613 2852 illustrem
1655 2822 1782 2863 quam
1823 2808 2087 2864 neqoto'osam

1212 2878 1252 2912 et
1293 2870 1537 2923 molestam3
1590 2881 1666 2923 pro
1721 2869 1833 2911 Sest.
1876 2867 1955 2910 17:
2004 2879 2088 2908 nec

1210 2930 1315 2971 milti
1351 2945 1419 2972 res
1452 2936 1546 2971 erat
1581 2942 1674 2970 cum
1705 2927 1969 2980 Saturnino,
2002 2926 2087 2981 qui,

1213 2990 1323 3044 quod
1364 3003 1392 3031 a
1432 3004 1475 3031 se
1533 2994 1756 3043 quaestore
1807 2985 1993 3028 Ostiensi
2029 3008 2087 3018 --

1213 3063 1305 3090 rem
1337 3049 1676 3103 srmneutariam
1698 3045 1957 3088 translatam
1973 3045 2088 3086 seie-

1216 3108 1285 3150 bat
1320 3114 1404 3149 cet.
1452 3107 1652 3149 Velleius
1673 3105 1710 3146 11
1733 3105 1813 3148 94:
1839 3104 2085 3159 (Tiberius)

1216 3173 1415 3221 quaestor
1458 3192 1513 3199 —
1552 3164 1846 3220 difficultatem
1884 3175 2090 3205 annonae

1213 3241 1266 3268 ac
1314 3227 1380 3268 rei
1420 3225 1735 3282 frumentariae
1789 3223 1981 3280 inopiam
2024 3223 2089 3264 ita

1217 3286 1360 3328 Ostiae
1404 3293 1529 3340 atque
1597 3285 1644 3326 in
1688 3282 1794 3325 urbe
1844 3282 2089 3324 moderatus

1217 3353 1276 3387 est
1310 3351 1395 3387 cet.
1459 3344 1607 3386 Ostiae
1655 3343 1709 3384 ob
1754 3342 1996 3384 custodiam
2027 3338 2086 3380 li-

1216 3406 1324 3446 toris
1359 3403 1515 3446 cohors
1546 3403 1687 3445 locata
1722 3407 1849 3444 erat:
1881 3400 1932 3441 H.
1964 3397 1982 3439 Ῑ
2011 3397 2086 3448 80,

1221 3464 1258 3506 11
1297 3465 1367 3507 63.
1433 3462 1622 3519 Utraque
1663 3461 1818 3503 Italiae
1859 3456 2086 3512 provincia

1219 3525 1467 3580 quaestoria
1510 3526 1776 3564 memoratur
1813 3531 1838 3559 a
1876 3515 2086 3560 Suetonio

1218 3584 1263 3624 in
1283 3582 1434 3624 Claud.
1456 3585 1540 3627 24:
1575 3580 1770 3621 detracta
1797 3574 2089 3631 quaestoribus

1220 3642 1406 3687 Ostiensi
1440 3648 1479 3687 et
1513 3638 1684 3686 Gallica
1712 3635 1967 3699 provincia,
2008 3648 2088 3680 eu-
