2280 4004
250 275 342 318 280
865 268 869 272 ’
952 268 958 279 ’
1060 264 1353 311 ANNALIVM
1831 283 1876 314 a.-
1894 262 1948 314 'ti‘-
1971 264 2083 317 817.

252 413 380 480 lapis
436 412 639 481 ignibus
692 410 967 476 impervius
1027 414 1132 461 est:
1191 409 1289 460 iam
1344 404 1472 476 aqua
1527 409 1839 476 privatorum
1873 404 2078 464 licentia

258 506 536 569 intercepta
592 516 690 568 quo
729 501 924 568 largior
964 506 1012 552 et
1059 501 1286 567 pluribus
1337 501 1465 552 locis
1513 502 1564 552 in
1600 502 1853 568 publicum
1886 503 2082 568 flueret,

257 595 527 658 custodeS,
590 598 640 644 et
674 593 903 644 subsidia
935 593 1272 659 reprimendis
1310 593 1515 661 ignibus
1551 594 1603 644 in
1639 593 1905 660 propatulo
1935 595 2088 661 :quis-
2145 603 2148 605 ’

257 701 352 751 que
382 685 619 748 haberet3
663 700 761 735 nec
793 683 1147 740 communione
1179 685 1441 750 parietum,
1479 684 1571 736 sed
1605 685 1824 751 propriis
1858 699 2087 752 quaeque

221 776 412 830 smuris
451 776 776 827 ambirentur.
850 776 923 827 Ea
970 792 1034 827 ex
1068 776 1282 827 utilitate
1333 782 1542 842 accepta
1578 776 1835 829 ‘decorem
1886 792 2087 844 quoque

255 883 421 918 novae
462 868 576 919 urbi
636 867 863 919 attulere.
960 868 1117 919 Erant
1175 873 1344 920 tamen
1396 868 1480 934 qui
1536 868 1808 920 crederent
1861 873 2087 921 veterem

255 959 390 1011 illam
430 959 641 1010 formam
676 959 956 1010 salubritati
985 960 1148 1026 magis
1183 959 1509 1025 conduxisse,
1550 960 1786 1027 quoniam
1822 961 2089 1029 angusti-ae

255 1051 490 1102 itinerum
528 1055 577 1101 et
617 1050 827 1102 altitudo
870 1055 1117 1102 tectorum
1173 1066 1276 1102 non
1316 1051 1529 1117 perinde
1575 1052 1698 1104 solis
1739 1067 1932 1119 vapore
1951 1067 2091 1120 spet-

254 1147 638 1208 rumperentur:
702 1148 752 1193 at
809 1158 943 1193 nunc
996 1143 1214 1209 patulam
1269 1143 1582 1195 latitudinem
1638 1148 1688 1195 et
1734 1144 1869 1196 nulla
1913 1145 2090 1196 umbra

195 1234 520 1287 indefensam
544 1235 787 1301 graviore
824 1239 967 1285 aestu
991 1234 1282 1286 ardescere.
1355 1234 1417 1285 Et
1452 1234 1582 1286 haec
1607 1234 1822 1303 ‘quidem
1859 1235 2090 1287 humanis
2106 1242 2174 1290 44

258 1325 489 1378 consiliis
548 1325 964 1391 providebantur.
1057 1327 1176 1377 Mox
1227 1326 1381 1391 petita
1439 1325 1518 1376 dis
1573 1325 1802 1391 piacula,
1862 1326 2090 1394 aditique

257 1417 481 1470 Sibullae
517 1416 663 1482 libri,
716 1433 780 1468 ex
815 1418 993 1483 quibus
1030 1417 1362 1482 supplicatum
1399 1417 1628 1468 Volcano
1670 1421 1720 1468 et
1756 1417 1931 1470 Cereri
1955 1417 2093 1470 apro.-

258 1509 629 1574 serpinaeque,
687 1524 747 1559 ac
799 1509 1068 1574 propitiata
1109 1509 1232 1559 Iuno
1288 1523 1380 1574 per
1426 1512 1716 1574 matronaS,
1769 1509 2091 1575 primum-stin

257 1599 534 1666 Capitoli0‚
579 1599 765 1651 deinde
800 1600 932 1665 apud
983 1599 1266 1665 proximum
1314 1615 1483 1664 mare,
1543 1600 1680 1651 unde
1733 1599 1912 1651 hausta
1962 1615 2092 1667 aqua

193 1690 494 1757 istemplum
534 1695 584 1742 et
622 1690 944 1742 simulacrum
985 1691 1114 1742 deae
1149 1706 1473 1757 perspersum
1511 1695 1589 1743 est
1602 1711 1616 1756 ;
1678 1695 1728 1743 et
1781 1690 2091 1744 sellisternia

374 1862 416 1903 2.
451 1860 652 1915 larqitior
685 1857 774 1901 Ma:
810 1858 843 1901 G
874 1858 1055 1915 largior.
1144 1859 1219 1915 plu
1245 1861 1313 1914 (in
1345 1859 1431 1901 fine
1463 1858 1718 1917 columnae)
1751 1857 1844 1901 M³t
1879 1858 1915 1902 G
1942 1859 2090 1917 pluri-

257 1919 344 1962 bus.
437 1921 617 1975 {tuerent
648 1931 865 1974 superscr.
901 1926 915 1960 t
947 1919 1106 1961 litteris
1138 1926 1186 1960 nt
1216 1918 1296 1962 Ma.
1396 1921 1439 1962 4.
1476 1920 1727 1961 comunione
1758 1917 1840 1962 Ma.
1962 1921 2030 1964 11.
2065 1933 2094 1962 a

257 1979 320 2020 dis
352 1978 432 2032 Ma,
468 1993 495 2020 a
529 1979 608 2020 diis
643 1979 676 2020 G
709 1985 752 2020 et
787 1980 955 2021 ceteri:
991 1981 1182 2021 correxit
1214 1979 1247 2020 1.
1281 1978 1351 2021 Fr.
1388 1978 1649 2021 Gronovius,
1760 1981 1828 2023 12.
1857 1979 2085 2036 proserpi-

255 2053 390 2094 neque
423 2037 502 2081 Ma.

362 2175 466 2230 Cap.
499 2177 573 2220 44.
654 2179 791 2233 petita
835 2178 898 2219 dis
934 2178 1136 2234 piacula.-

258 2237 314 2278 cf.
349 2236 400 2278 H.
436 2237 497 2277 lv
529 2238 583 2279 4:
632 2251 729 2278 mox
762 2238 860 2279 deos
891 2252 1134 2293 respeaeere.

259 2297 482 2348 Quaerunt
506 2296 780 2350 placamenta
803 2297 1007 2339 caelestis
1028 2299 1134 2351 irae,

257 2369 369 2411 quae
400 2362 446 2395 ut
487 2362 858 2410 monstrarentur,
895 2357 1002 2398 aditi
1034 2364 1134 2399 sunt

257 2415 358 2457 libri
400 2415 620 2468 Sibyllini.
703 2417 867 2458 Vitium
912 2430 940 2457 a
987 2417 1050 2459 dis
1091 2419 1136 2458 in

257 2473 325 2516 Ma
358 2480 401 2516 et
429 2477 586 2516 ceteris
622 2481 762 2517 ortum
787 2490 841 2518 ex
874 2476 1022 2518 littera
1056 2491 1136 2519 ex-

256 2541 395 2576 trema
439 2535 562 2576 verbi
606 2537 742 2591 petita
788 2549 1016 2590 perperam
1061 2550 1136 2579 re-

256 2595 409 2649 petita.

367 2653 559 2694 Sibullae
608 2653 735 2695 libr-i:
796 2654 991 2696 Sibullae
1037 2655 1136 2696 dedi

257 2717 433 2754 secutus
459 2714 667 2754 maiorem
691 2715 994 2756 auctoritatem
1012 2716 1135 2768 prio-

256 2772 316 2812 ris
351 2771 535 2813 Medicei
587 2772 643 2814 VI
687 2774 762 2816 12:
815 2773 1017 2830 plerique
1059 2775 1135 2815 Si-

259 2830 411 2886 byllae,
447 2832 488 2872 in
515 2845 641 2887 quam
669 2832 852 2874 formam
875 2833 940 2875 Ma
963 2833 1136 2875 videtur

260 2891 525 2933 consentire.
607 2891 767 2934 Contra
808 2892 824 2934 l
869 2894 924 2936 76
954 2893 1134 2935 formam

258 2950 461 3005 Sibyllini
502 2950 732 2994 addicente
798 2954 925 2994 etiam
967 2953 1136 2994 Mser-

258 3022 377 3051 vavi.

350 3068 641 3115 sellisternia,-
684 3081 769 3110 non
801 3070 976 3123 scripsit
1011 3070 1136 3111 lecti-

259 3130 439 3181 sternia,
474 3135 520 3169 ut
552 3142 684 3183 saepe
718 3129 832 3184 apud
863 3129 1033 3171 Livium
1066 3129 1136 3170 lc-

260 3190 418 3244 gimus,
452 3188 529 3230 scd
565 3189 850 3242 sellisternia,
893 3191 995 3245 quia
1028 3189 1136 3230 deae

259 3249 303 3288 in
336 3247 491 3299 sellas,
527 3249 567 3289 di
602 3250 645 3290 in
680 3247 854 3290 lectulos
888 3249 1137 3291 invitaban-

260 3313 342 3348 tur.
413 3308 558 3350 valer.
593 3309 704 3350 Max,
733 3308 769 3349 lI
807 3310 826 3350 1
862 3311 916 3352 2:
949 3310 1136 3364 feminac

262 3381 355 3407 cum
380 3368 484 3409 viris
511 3368 760 3409 cubantibus
790 3369 983 3410 sedentes
1016 3370 1138 3409 ceni-

260 3426 422 3469 tabant.
489 3428 606 3479 Quae
639 3428 894 3469 consuetudo
919 3443 971 3469 eat
997 3429 1137 3469 Ιιοπιὶ-

257 3499 358 3527 num
381 3488 576 3528 convictu
609 3487 665 3528 ad
697 3488 843 3528 divina
863 3489 1130 3543 penetravit.-

258 3558 360 3586 nain
400 3545 510 3587 lovis
545 3546 665 3602 epulo
708 3548 795 3602 ipse
839 3548 884 3587 in
917 3547 1131 3599 lectulum,

261 3601 366 3644 Iuno
393 3611 431 3645 et
451 3605 650 3647 Minerva
667 3606 713 3648 in
735 3606 863 3648 sellas
895 3606 953 3647 ad
985 3619 1133 3647 cenam

260 3661 566 3706 invitabantur.
635 3663 837 3707 Ceterum
874 3678 957 3709 vox
991 3666 1130 3708 minus

621 2039 688 2081 15.
718 2053 991 2096 perspersum
1022 2038 1111 2081 Ma:
1144 2053 1418 2096 prosper-sum
1451 2038 1548 2081 edd.
1589 2043 1690 2081 ante
1723 2037 1987 2082 Bekkerum.

1217 2183 1322 2219 nota
1359 2177 1403 2218 in
1436 2176 1703 2219 lectisternia
1733 2181 1898 2218 mutata
1927 2177 1973 2218 in
2008 2189 2090 2220 co-

1217 2238 1315 2279 dice
1334 2237 1490 2294 Regio,
1524 2251 1548 2278 a
1578 2235 1771 2279 secunda
1802 2248 1931 2278 manu
1961 2237 2008 2279 in
2038 2237 2089 2281 G.

1297 2311 1379 2353 per
1403 2298 1571 2353 flayitia
1593 2298 1779 2338 invisos:
1812 2295 1979 2353 flagitia
2010 2310 2092 2339 co-

1216 2358 1373 2413 gitavit
1404 2363 1571 2411 patrata
1606 2356 1856 2411 promiscuo
1889 2361 1933 2398 et
1965 2356 2091 2399 olan.

1215 2416 1387 2458 destino
1423 2418 1564 2468 coitu,
1615 2416 1801 2458 fortasse
1843 2416 1975 2458 etiam
2017 2417 2091 2459 in-

1214 2476 1467 2529 fanticidia,
1520 2475 1697 2518 adorata
1736 2475 1977 2518 sacerdotis
2007 2490 2092 2534 ge..

1216 2536 1393 2588 nitalia‚
1437 2549 1639 2591 quaeque
1671 2535 1758 2578 alia
1790 2547 1963 2578 rumore
1994 2549 2091 2578 ma-

1215 2596 1337 2651 ligno
1371 2595 1519 2636 afficta
1551 2601 1651 2636 sunt
1682 2594 1960 2639 Christianis.
2019 2594 2086 2638 Cf.

1216 2655 1428 2696 lllinucius
1463 2654 1588 2695 Felix
1619 2656 1662 2695 in
1696 2654 1880 2697 Octavio
1915 2669 1953 2697 c.
1983 2653 2012 2697 9
2045 2659 2090 2697 et

1215 2715 1286 2766 28,
1320 2713 1612 2755 Tertullianus
1646 2715 1690 2754 in
1720 2713 1910 2771 Apolog.
1947 2715 1987 2757 7.

1302 2774 1495 2814 Pontium
1513 2773 1696 2815 Pilatum
1709 2787 1722 2813 .·
1742 2773 1893 2816 decem
1914 2778 2091 2828 postre-

1215 2833 1295 2874 mis
1328 2833 1486 2874 Tiberii
1533 2834 1658 2874 annis
1691 2832 1879 2875 iudaeae
1923 2844 2089 2888 procu-

1216 2897 1331 2933 rator
1363 2892 1445 2934 fuit
1478 2905 1574 2934 cum
1613 2898 1830 2947 potestate
1860 2891 2089 2947 praesidis.

1214 2952 1253 2992 A
1278 2952 1459 2994 Vitellio
1478 2952 1629 3005 Syriae
1659 2958 1832 2994 rectore
1861 2953 1907 2993 in
1935 2951 2090 2994 'urbem

1219 3017 1262 3052 et
1292 3012 1345 3053 ad
1377 3011 1594 3053 Tiberium
1630 3014 1787 3053 missus
1820 3011 1875 3053 ob
1909 3012 2091 3054 crimina

1216 3070 1490 3123 ludaeorum,
1525 3072 1766 3125 principem
1790 3083 1946 3112 recens
1969 3083 2090 3112 mor-

1218 3136 1337 3171 tuum
1370 3130 1567 3172 offendit.
1642 3130 1854 3185 Iosephus
1888 3129 2029 3172 XVIII
2060 3132 2088 3174 3

1216 3192 1260 3242 §.
1300 3191 1424 3242 1—2‚
1458 3189 1487 3232 4
1519 3191 1563 3240 δ.
1603 3191 1727 3233 1—2.
1791 3190 1830 3231 A
1863 3188 1968 3231 Gaio
2002 3195 2086 3232 tam

1216 3249 1329 3290 male
1362 3255 1592 3302 exceptum
1616 3262 1714 3290 esse
1739 3255 1786 3290 ut
1816 3250 1912 3303 ipse
1932 3261 2086 3290 manus

1216 3309 1299 3350 sibi
1342 3308 1563 3361 intulerit,
1608 3309 1743 3350 refert
1783 3308 2000 3351 Eusebius
2034 3309 2084 3351 H.

1215 3368 1265 3410 E.
1300 3367 1337 3409 11
1373 3370 1413 3411 7.

1303 3428 1419 3469 haud
1444 3429 1626 3484 perinde
1655 3428 1702 3468 in
1731 3428 1909 3470 crimine
1929 3428 2083 3469 incen-

1219 3487 1278 3528 dii
1302 3501 1426 3541 quam
1455 3488 1549 3529 odio
1577 3487 1752 3529 humani
1779 3488 1950 3543 generis
1977 3498 2084 3526 con-

1215 3547 1316 3588 victi
1347 3554 1471 3588 sunt:
1516 3546 1874 3601 quemadmodum
1913 3545 1959 3585 in
1993 3544 2085 3585 cri-

1218 3607 1327 3647 mine
1373 3606 1563 3647 incendii
1610 3605 1770 3648 (lictum
1825 3609 1891 3645 est
1934 3601 1986 3643 de
2028 3601 2084 3643 iis

1217 3666 1288 3719 qui
1324 3666 1365 3706 in
1391 3664 1472 3706 hoc
1503 3665 1683 3707 crimine
1715 3667 1814 3705 sunt
1845 3662 1941 3704 sive
1979 3660 2087 3703 ver-i
