2280 4004
791 269 956 315 LIBER
986 270 1094 314 xm.
1155 269 1268 315 ‘0390'
1297 272 1488 317 31-32.

1938 263 2033 316 148

210 412 488 479 securitati,
528 418 584 465 ut
614 413 660 466 si
687 412 797 480 quis
835 429 864 465 a
903 413 1010 465 suis
1048 412 1211 465 serv-is
1252 413 1550 465 interfectus
1578 414 1730 478 esset,
1757 411 1794 463 ii
1828 425 2033 480 quoque

212 505 296 571 qui
332 509 632 558 testamento
671 505 965 557 manumissi
1001 505 1095 557 sub
1131 505 1311 556 eodem
1350 510 1485 556 tecto
1523 503 1857 570 man-sissent,
1896 504 2031 556 inter

211 609 390 648 servos
439 597 683 663 supplicia
717 597 1013 663 penderent.

1112 595 1358 648 Redditur
1409 596 1576 647 ordini
1628 596 1810 648 Lucius
1844 595 2034 648 Varius

213 687 514 753 consularis,
555 689 799 740 avaritiae
835 688 1128 739 criminibus
1162 687 1281 738 olim
1317 687 1600 753 perculsus.

1674 688 1737 739 Et
1759 686 2033 753 Pomponia

215 778 464 832 Graecina
499 779 716 846 insignis
751 779 936 831 femina
971 778 1194 844 Plautio,
1253 778 1336 844 qui
1373 793 1533 830 ovans
1578 794 1634 831 se
1672 778 1737 829 de
1778 777 2073 830 Britannis·

211 870 430 936 rettulit,
486 875 637 937 nupta
664 886 729 921 ac
763 870 1135 936 superstiti-onis
1175 874 1416 921 externae
1453 885 1575 935 rea,
1637 870 1804 921 mariti
1841 869 2034 920 iudicio

211 962 475 1027 permissa.

212 1142 329 1196 huie
375 1142 681 1208 Pomponiae
751 1147 891 1194 aetas

333 1311 372 1351 1.
403 1310 647 1352 securitatis
677 1307 768 1352 Ma:
805 1308 839 1352 G
867 1309 1102 1351 securitati.

213 1367 256 1411 5.
286 1368 421 1425 platio
454 1367 534 1422 Ma,
560 1368 727 1425 plantio
751 1367 798 1410 G.

212 1428 313 1472 niis.
404 1428 447 1472 6.
481 1429 688 1485 suptionis
721 1426 802 1470 Ma.

213 1582 314 1611 nam
346 1569 469 1612 Lusii
501 1575 545 1611 et
576 1569 702 1612 Lurii
731 1568 864 1610 iidem
896 1575 1011 1622 sunt,
1038 1575 1085 1610 ut

217 1629 338 1671 Furii
361 1635 404 1671 et
425 1630 556 1671 Fusii.
603 1628 778 1670 Lusium
802 1629 950 1670 Getam
971 1628 1084 1682 apud

215 1688 332 1730 hunc
383 1694 577 1731 nostrum
622 1689 871 1730 invenimus
912 1688 970 1730 XI
1010 1690 1082 1741 31,

215 1746 292 1789 XII
309 1749 382 1801 42,
398 1748 573 1791 Lusium
588 1747 872 1789 Saturninum
891 1746 990 1789 XllI
1007 1749 1081 1790 43.

215 1806 392 1862 Alioqui
419 1804 555 1849 habes
579 1806 639 1848 M.
666 1806 845 1848 Larium
860 1806 1084 1849 Sardiniae

218 1879 255 1909 a.
301 1867 388 1910 714
432 1866 702 1923 praefectum
743 1864 857 1920 apud
898 1865 1086 1913 Dionem

217 1923 394 1967 XLVIII
426 1926 509 1979 30,
562 1926 691 1981 eique
723 1925 920 1966 dextrum
951 1924 1088 1966 lulia-

218 1997 370 2027 narum
416 1997 593 2027 navium
633 1996 770 2026 cornu
811 1996 1088 2026 commissum

220 2057 318 2087 esse
350 2044 396 2085 in
428 2057 575 2101 pugna
595 2044 779 2086 Actiaca
809 2044 946 2085 refert
979 2043 1088 2086 Vel-

213 2104 328 2146 leius
350 2103 475 2147 1185.
501 2102 625 2145 Adde
644 2102 953 2156 inscriptiones
976 2102 1089 2157 apud

217 2162 445 2205 Gruterum
480 2162 764 2205 evolvendas.

301 2224 372 2278 qui
403 2235 536 2263 ovans
567 2236 612 2263 se
644 2222 695 2264 de
725 2222 950 2264 Britannis
997 2227 1089 2262 ret-

216 2281 335 2324 tulit:
366 2282 560 2323 imitatus
598 2288 664 2322 est
695 2293 940 2323 sermonem
972 2292 1084 2334 poe-

215 2347 370 2393 tarum,
404 2346 451 2380 ut
482 2340 591 2382 vidit
621 2339 654 2382 1.
687 2339 806 2382 Frid.
844 2338 1088 2386 Gronovius

217 2399 390 2442 collatis
438 2399 594 2455 Virgil.
648 2398 807 2456 Georg.
859 2397 920 2440 IV
981 2398 1087 2441 180:

215 2462 355 2514 fessae
386 2458 520 2501 multa
547 2461 742 2513 referunt
776 2473 820 2500 se
851 2464 975 2499 nocte
1006 2459 1089 2499 mi-

214 2531 358 2560 nores.
419 2517 532 2559 Aen.
561 2517 638 2559 v11
666 2517 781 2561 286:
816 2530 913 2560 ecce
948 2524 1091 2559 autem

218 2577 412 2620 Inachiis
462 2591 554 2619 sese
598 2577 815 2631 referebat
862 2577 915 2618 ab
959 2575 1091 2631 Arqis

216 2650 348 2679 saeva
379 2636 494 2678 Iovis
526 2637 697 2678 coniux.
761 2636 864 2678 Hor.
899 2636 988 2679 Sat.
1020 2635 1090 2678 16

225 2695 335 2743 114:
378 2695 479 2737 inde
510 2695 678 2737 ¹dom-um
715 2710 781 2737 me
812 2696 870 2737 ad
894 2696 1022 2752 porri
1053 2702 1093 2738 et

218 2756 371 2798 ciceris
415 2756 559 2810 refero
606 2754 838 2811 laganique
885 2755 1088 2797 catinum.

218 2811 373 2856 Cicero
414 2813 466 2857 N.
500 2814 555 2856 D.
599 2813 657 2856 111
703 2816 786 2857 14:
834 2827 910 2856 cur
952 2813 1016 2854 sol
1047 2828 1091 2855 se

216 2876 381 2929 referat
423 2887 504 2915 nec
559 2873 728 2928 lonyius
765 2872 1089 2929 proyrediatur.

217 2932 402 2975 Locutio
434 2931 487 2973 ad
518 2931 847 2975 similitudinem
876 2938 1091 2987 cognatae

219 2993 415 3048 satisque
454 2992 582 3034 tritae
626 2997 687 3048 (se
721 2993 938 3047 conferre)
982 3004 1092 3032 con-

219 3051 402 3094 formata
435 3056 515 3092 est.
572 3050 638 3093 De
670 3050 842 3092 Plautio
878 3049 994 3092 conf.
1038 3050 1091 3092 ad

220 3109 278 3155 X1
310 3111 382 3153 36.
425 3108 631 3152 Ceterum
662 3111 816 3164 scr-ipsi
852 3110 1089 3162 Britannis,

220 3175 397 3211 secutus
451 3174 586 3211 testes
635 3169 744 3212 alias
794 3167 912 3211 haud
965 3167 1091 3221 fidos,

220 3239 308 3268 non
349 3228 611 3280 Britanniis,
657 3234 704 3273 ut
744 3227 880 3284 vulgo
929 3228 1093 3284 legitur

223 3287 527 3328 consentiente
582 3284 664 3329 Ma,
724 3286 936 3329 Nimirum
988 3286 1090 3328 Bri..

222 3347 398 3388 tanniae
426 3351 570 3387 terrae
598 3346 643 3386 in
669 3357 800 3387 unam
823 3346 1092 3399 provinciam

221 3406 398 3455 iunctae
429 3411 472 3446 et
495 3405 570 3446 uui
595 3402 744 3460 legato
762 3403 959 3446 Caesaris
984 3404 1093 3445 sub-

221 3463 338 3507 ditae
381 3463 613 3506 Britannia
654 3475 833 3504 numero
865 3463 1092 3519 singulari,

222 3530 270 3567 ut
301 3523 443 3577 decet,
476 3529 542 3564 tot
573 3522 682 3564 locis
716 3535 741 3563 a
770 3522 916 3564 Tacito
948 3523 1093 3563 nomi-

223 3589 408 3637 nantur,
461 3595 680 3637 nunquam
721 3582 996 3635 Britanniae,
1047 3586 1095 3622 ut

229 3641 502 3703 Germaniae,
530 3640 714 3698 Galliae,
733 3641 986 3700 Hispaniae,
1017 3639 1094 3687 utu

548 962 698 1027 Isque
724 961 896 1027 priseo
934 962 1178 1026 instituto,
1215 961 1510 1028 propinquis
1544 975 1732 1025 coram,
1765 960 1829 1012 de
1867 960 2033 1026 cap-ite

213 1053 446 1118 famaque
502 1051 735 1118 coniugis
791 1052 1059 1119 cognovit,
1116 1057 1166 1104 et
1214 1052 1465 1103 insontem
1513 1051 1775 1103 nuntiavit.

979 1148 1030 1194 et
1107 1143 1345 1195 continua

1847 1053 2027 1118 Longa

1429 1142 1631 1194 tristitia
1706 1143 1813 1194 fuit.
1912 1142 2038 1196 Nam

1166 1309 1228 1350 hii
1258 1322 1309 1363 pr
1339 1307 1419 1352 Ma.
1483 1311 1525 1354 3.
1561 1310 1697 1352 larius
1731 1309 1883 1351 uarius
1914 1308 2033 1353 GMa.

902 1370 942 1412 5.
980 1369 1204 1410 Britannis
1234 1368 1310 1411 AG
1342 1375 1385 1411 et
1418 1368 1716 1412 Oxonienses:
1751 1367 1819 1412 Ma
1850 1369 2041 1422 brittam

1168 1568 1315 1623 plures
1337 1570 1611 1624 provinciae.
1669 1569 1787 1612 Idem
1805 1583 1909 1613 usus
1928 1571 2043 1627 apud

1170 1629 1428 1671 Suetonium
1465 1633 1507 1670 et
1545 1628 1760 1682 Plinium,
1811 1632 1895 1672 nisi
1928 1628 2044 1686 quod

1168 1687 1333 1729 Plinius
1375 1688 1512 1730 semel
1545 1688 1686 1743 (XXV
1718 1689 1769 1745 ὃ)
1807 1691 1894 1732 nisi
1929 1693 2044 1746 forte
2092 1702 2102 1710 ⁵

1170 1749 1358 1800 confines
1391 1747 1562 1788 Oceano
1596 1749 1880 1803 Britanniae,
1928 1749 2043 1793 velut

1164 1808 1457 1862 propinquae,
1505 1806 1703 1848 dicavere
1722 1840 1733 1859 ‚
1771 1806 1847 1850 sed
1880 1808 1940 1850 ibi
1973 1808 2044 1850 la-

1173 1868 1285 1907 tiore
1319 1867 1506 1913 nominis
1532 1866 1782 1922 significatu
1804 1879 1892 1909 non
1913 1880 2045 1910 unam

1172 1925 1441 1967 Britanniam
1482 1938 1593 1980 quae
1640 1927 1815 1980 proprie
1847 1927 2043 1969 vocaba-

1173 1991 1257 2038 tur,
1292 1983 1369 2026 sed
1401 1984 1566 2025 insulas
1585 1984 1860 2028 Britannicas
1891 1997 2044 2027 omnes

1175 2043 1429 2098 complexus
1463 2050 1543 2096 est,
1577 2044 1630 2086 de
1658 2058 1743 2100 quo
1767 2045 1941 2087 dicendi
1961 2057 2043 2087 usu

1174 2104 1269 2157 ipse
1304 2102 1365 2144 IV
1398 2103 1478 2146 30:
1528 2102 1685 2144 Albion
1714 2105 1797 2159 ipsi
1842 2105 2042 2160 (Britan-

1173 2163 1296 2219 niae)
1330 2175 1485 2203 nomen
1513 2163 1622 2216 suit,
1658 2178 1752 2204 cnm
1787 2160 2045 2206 Britanniae
2102 2165 2110 2176 ²

1173 2228 1433 2263 vocarentur
1488 2234 1644 2263 omnes.
1709 2221 1859 2278 Neque
1914 2223 2045 2279 quid-

1174 2294 1301 2336 quam
1319 2279 1526 2334 praesidii
1551 2294 1730 2322 numero
1753 2283 2043 2324 multitudinis

1173 2341 1374 2396 suggerit
1405 2338 1602 2380 Catullus
1634 2340 1747 2382 XLV
1780 2343 1864 2385 22:
1913 2355 2045 2383 unam

1173 2399 1412 2456 Septumius
1451 2399 1639 2441 misellus
1681 2401 1843 2442 Acmen
1884 2400 2046 2443 mavult

1175 2468 1300 2513 quam
1341 2459 1494 2514 Syrias
1537 2458 1895 2515 Britanniasque‚
1944 2472 2045 2504 nam

1173 2519 1211 2559 is
1242 2523 1379 2559 terras
1411 2516 1575 2572 amplas
1604 2516 1726 2572 dicit,
1754 2520 1904 2574 quales
1919 2520 2046 2574 Syria

1172 2577 1514 2632 Britanniaque,
1567 2583 1610 2618 et
1666 2589 1799 2633 ¹‹Jenu's
1863 2590 2046 2620 numero

1175 2636 1415 2677 denotavit.
1478 2637 1604 2678 Alius
1653 2638 1847 2680 eiusdem
1891 2650 2045 2680 versus

1177 2695 1339 2750 (XXIX
1370 2697 1477 2753 20),
1511 2697 1625 2738 hunc
1658 2697 1827 2739 Galliae
1860 2699 1975 2740 timet
2006 2703 2047 2739 et

1173 2756 1458 2808 Britanniae,
1496 2756 1690 2811 graviter
1722 2763 1949 2811 corruptus
1980 2762 2047 2799 est

1178 2820 1221 2855 et
1253 2814 1489 2870 legendum
1531 2820 1605 2856 aut
1638 2829 1733 2856 cum
1766 2816 2044 2859 Lachmanno

1175 2874 1271 2915 time
1288 2874 1537 2927 Britannia,
1561 2873 1674 2916 hune
1693 2876 1832 2917 timete
1858 2875 2044 2929 Galliae,

1175 2938 1249 2974 aut
1290 2931 1402 2973 duce
1445 2933 1632 2988 Hauptio
1678 2936 1816 2976 tiimte
1851 2935 2041 2988 Galliae,

1176 2991 1290 3034 hunc
1319 2992 1417 3033 time
1449 2992 1698 3035 Britannia.

1271 3052 1482 3093 insontem
1531 3053 1775 3094 nuntiavit.-
1835 3065 1912 3106 pro
1965 3064 2044 3094 suo

1175 3122 1295 3152 more
1328 3111 1510 3155 verbum
1542 3111 1728 3164 simplex
1758 3113 1935 3164 posuit,
1969 3110 2044 3153 uhi

1175 3169 1372 3225 vulgaris
1428 3181 1532 3211 usus
1577 3170 1877 3224 pronuntiavit
1921 3181 2045 3211 eom-

1175 3227 1421 3270 mendabat.
1469 3226 1552 3278 Qui
1582 3227 1635 3268 de
1661 3229 1814 3269 nuntio
1841 3241 1865 3269 a
1889 3229 2044 3270 marito

1177 3286 1231 3327 ad
1260 3287 1502 3340 principem
1530 3292 1816 3341 senatumque
1847 3299 1942 3328 cum
1958 3286 2046 3330 Er-

1175 3347 1320 3387 nestio
1354 3345 1574 3400 cogitant,
1619 3345 1780 3388 factum
1821 3358 1918 3387 esse
1947 3351 2043 3387 sta-

1176 3410 1303 3445 tuunt
1357 3403 1473 3458 quod
1529 3416 1610 3445 usu
1674 3405 1851 3446 venisse
1899 3417 2046 3460 neque

1177 3462 1347 3505 ostendi
1381 3468 1526 3516 potest
1558 3476 1702 3517 neque
1734 3475 1813 3517 per
1842 3476 1891 3505 se
1922 3464 2046 3505 veri-

1177 3522 1321 3564 simile
1343 3520 1530 3564 videtur.
1583 3522 1836 3577 Superstitio
1866 3529 2047 3566 externa

1176 3587 1244 3623 est
1267 3578 1514 3624 Christiana
1537 3580 1736 3626 doctrina
1756 3587 1831 3625 aut
1855 3580 2047 3629 Iudaeo·-

1176 3653 1285 3685 rum.
