2280 4004
125 1078 192 1126 15
206 1065 452 1117 victorem
495 1064 750 1118 sisterent.

211 293 236 327 a
270 278 319 325 G.
356 278 424 325 16.

213 429 398 482 ceteris
441 431 676 495 praeusta
715 433 799 479 aut
835 426 1009 479 brevia
1043 425 1159 478 tela.

794 273 958 320 LIBER
986 273 1040 320 11.
1104 274 1210 322 Cn.
1247 274 1434 319 13—15.
1983 279 2042 321 99

1235 426 1336 478 Iam
1384 438 1567 491 corpus
1602 428 1656 475 ut
1692 423 1806 476 visu
1840 428 2038 475 torvum

213 526 263 572 et
303 521 366 572 ad
406 520 613 572 brevem
653 520 888 585 impetum
919 518 1151 582 vaiidum,
1191 517 1268 569 sic
1304 516 1438 567 nulla
1468 515 1732 567 vulnerum
1765 511 2033 582 patientia:

212 613 324 664 sine
359 611 556 678 pudore
593 611 800 677 flagitii,
856 611 968 663 sine
1008 625 1127 660 cura
1169 609 1349 660 ducum
1387 608 1530 659 abire
1564 608 1771 675 fugere3
1821 607 2036 674 pavidos

214 702 463 767 adversis,
500 701 631 751 inter
658 701 883 752 secunda
913 716 1016 752 non
1039 701 1214 766 divini,
1241 715 1344 751 non
1375 700 1577 750 humani
1602 700 1725 750 iuris
1764 692 2032 751 memores.

213 794 266 847 Si
308 792 477 845 taedio
520 792 714 842 viarum
755 807 815 842 ac
857 792 1009 866 maris
1047 792 1196 844 finem
1236 793 1463 858 cupiant,
1526 791 1622 843 hac
1676 791 1788 842 acie
1835 790 2081 857 parari:s.

210 884 499 951 propiorem
550 883 648 933 iam
701 882 871 934 Albim
927 898 1073 949 quam
1121 883 1378 948 Rhenum,
1436 898 1600 949 neque
1650 882 1835 934 bellum
1886 883 2032 948 ultra,

209 967 365 1026 modo
397 989 470 1038 se,
508 973 664 1039 patris
691 973 956 1039 patruique
992 975 1207 1041 vestigia
1233 979 1560 1040 prementem,
1602 974 1762 1025 isdem
1799 974 1851 1024 in
1885 974 2036 1025 terris

204 1156 504 1222 signumque
536 1169 738 1222 pugnae
764 1154 948 1205 datum.

861 1065 1156 1117 Orationem
1195 1065 1338 1118 ducis
1378 1070 1580 1116 secutus
1617 1065 1823 1115 militum
1858 1066 2032 1131 ardor,

1020 1156 1127 1206 Nec
1162 1156 1420 1206 Arminius
1461 1161 1544 1206 aut
1567 1156 1724 1206 ceteri
1750 1155 2035 1207 Germano-

203 1263 312 1300 rum
346 1261 589 1314 proceres
628 1246 923 1298 omittebant
951 1261 1072 1298 snos
1099 1248 1311 1313 quisque
1334 1247 1535 1311 testari,
1581 1247 1675 1298 hos
1709 1262 1823 1299 esse
1843 1249 2102 1303 Roma-10·

206 1354 301 1391 nos
343 1339 549 1390 Variani
589 1338 842 1390 exercitus
879 1338 1255 1405 fugacissimOS,
1297 1339 1379 1404 qui
1413 1354 1478 1390 ne
1516 1338 1702 1390 bellum
1739 1339 2031 1404 tolerarent,

205 1431 505 1483 seditionem
542 1430 822 1493 induerint3
874 1444 1084 1495 quorum
1132 1445 1250 1496 pars
1306 1430 2031 1503 ORUSfQ-„J'Ulssfflflbus..iel'gffl

203 1538 320 1589 pars
354 1522 584 1573 fluctibus
623 1526 671 1573 et
704 1521 945 1588 procellis
983 1522 1172 1573 fractos
1209 1528 1346 1573 artus
1385 1522 1599 1574 infensis
1633 1538 1831 1574 rursum
1867 1523 2034 1574 hosti-

204 1614 316 1680 bus,
357 1614 588 1666 adversis
631 1613 709 1664 dis
748 1613 1000 1678 obiciant,
1059 1614 1194 1665 nulla
1235 1614 1357 1664 boni
1395 1630 1500 1680 spe.

319 1754 362 1796 4.
395 1753 592 1795 memoris
625 1753 678 1796 M.

203 1811 397 1855 Muretus
432 1819 475 1855 et
499 1812 705 1854 Pichena.

172 1921 360 1970 ‘Casina
395 1929 431 1969 V
454 1926 483 1971 4
515 1929 563 1980 73
598 1928 762 1984 alioqui
794 1942 875 1970 nec
907 1942 1076 1971 sacrum

202 2000 345 2044 neque
397 1987 657 2029 Graecorum
720 1989 848 2043 ἱερόν
894 2001 1075 2030 numero

202 2047 414 2103 singulari
434 2047 616 2088 hostiam
632 2047 867 2103 significat.
902 2048 953 2089 H.
969 2047 1076 2091 1170

203 2112 312 2148 extr.
346 2120 518 2148 sacrum
560 2118 647 2146 non
692 2112 758 2147 est
790 2107 968 2148 victima
1000 2107 1078 2148 sed

202 2165 476 2208 sacrificium.
599 2173 747 2208 auctus
797 2167 959 2207 omine.-
1017 2166 1074 2207 cf.

203 2223 219 2266 1
251 2223 332 2269 42:
378 2231 437 2266 tot
473 2226 680 2281 praemiis
719 2232 848 2267 aucta
887 2224 1073 2281 (legio).

205 2283 261 2325 vl
282 2281 333 2326 8:
353 2284 585 2325 honoribus
605 2284 887 2340 anyebaemtur.
920 2283 976 2325 XI
993 2285 1045 2327 16
1064 2299 1074 2324 2

201 2350 372 2385 auctum
399 2344 600 2400 pecunia.
666 2343 760 2385 XIII
805 2343 881 2386 18:
933 2343 1075 2399 lai-92⁰·-

201 2403 314 2444 tione
362 2403 599 2461 potissi-mos
648 2404 885 2445 amicorum
937 2404 1072 2445 auxit.

199 2462 305 2519 Agr.
339 2461 392 2505 6:
436 2469 585 2504 auctus
618 2470 678 2505 est
710 2463 770 2505 ibi
795 2462 904 2516 fitia.

292 2535 398 2576 quae
429 2522 644 2578 sapientia
676 2523 883 2579 provisa:
928 2522 1075 2564 Theo-

201 2577 322 2622 disce
356 2587 565 2623 converte
596 2584 736 2637 wofu⁰⁰r
757 2582 883 2623 weise
905 2589 1075 2638 9esor9t

156 2651 158 2684 ἒ
200 2640 276 2691 sei,
309 2652 420 2695 quae
460 2639 603 2683 futuro
638 2640 808 2696 proelio
849 2642 1075 2683 commoda

156 2695 162 2732 '¹2
201 2699 425 2753 sapienter
473 2706 795 2755 praeparasset.
856 2700 919 2742 Ea
961 2714 1073 2756 quae

154 2749 162 2824 I}
201 2756 391 2811 fuerint,
434 2759 573 2801 veluti
613 2773 796 2816 magnus
837 2762 1071 2812 exercitus,

154 2815 310 2878 {largi
365 2824 654 2872 commeatus,
705 2820 844 2860 omnis
897 2821 1073 2875 generis

159 2879 165 2933 ζ
201 2887 331 2928 arma,
354 2879 523 2933 egregii
542 2877 691 2929 duceS,
719 2877 891 2919 Tacitus
915 2878 1074 2933 exequi

154 2940 164 2984 f
201 2933 370 2987 noluit,
419 2935 495 2976 sed
528 2937 822 2978 tantummodo
857 2943 959 2993 apta
990 2938 1074 2978 im-

201 2993 380 3035 minenti
391 3007 562 3050 pugnae
578 2997 800 3049 copiosius
819 2994 1072 3050 descripsit:

142 3047 157 3116 J
197 3054 415 3107 praevisa,
449 3059 496 3094 ut
529 3061 595 3096 est
631 3056 674 3096 in
697 3044 864 3107 codice,
890 3055 1073 3112 languet

203 3111 332 3166 eique
363 3114 578 3168 sapientia
610 3126 696 3155 non
730 3120 829 3168 apte
862 3115 1071 3170 iungitur.

124 3171 127 3189 s
204 3168 331 3212 Cous.
353 3170 410 3212 lv
433 3173 515 3215 25:
548 3172 601 3214 ab
619 3175 825 3215 Romanis
856 3177 1074 3230 consertus

140 3258 143 3270 .
199 3229 348 3282 pectes,
401 3229 626 3286 dispositae
674 3239 863 3284 nav-nme,
920 3240 1074 3274 cuncta

144 3291 146 3293 ’
199 3285 365 3341 proelio
401 3290 591 3344 provisa.
656 3290 707 3331 II.
754 3292 790 3333 V
834 3292 917 3334 17:
966 3305 1072 3346 qaeaae

198 3344 420 3400 provideri
485 3354 580 3389 astu
639 3349 757 3390 ducis
823 3351 1070 3405 oportuerit,

199 3404 388 3461 provisa.

223 3493 228 3498 -
299 3463 523 3505 denserent
571 3464 707 3506 ictus.-
764 3465 875 3506 ictus
927 3465 1073 3507 densis

205 3521 429 3575 ordinibus
463 3522 658 3565 ferirent.
737 3521 933 3566 Formam
966 3525 1073 3565 den..

205 3583 312 3635 sere,
334 3582 410 3624 Vir
446 3581 521 3623 ilio
547 3581 811 3624 celebratam
834 3582 944 3638 (G.1
970 3583 1071 3627 419.

205 3635 314 3689 Aen.
349 3636 404 3684 vl
457 3641 566 3696 794,
612 3639 668 3684 xl
699 3641 809 3697 650,
856 3641 931 3685 ΧΠ
962 3641 1072 3703 264)

757 1753 800 1796 8.
834 1754 1056 1794 sistet-rent
1088 1753 1142 1795 Μ.

775 1813 843 1855 13.
878 1813 921 1853 in
944 1826 983 1855 v.
1016 1815 1182 1868 fractos
1215 1813 1299 1854 litt.
1335 1828 1357 1854 0
1392 1827 1446 1854 ex
1475 1825 1585 1855 corr.
1606 1814 1649 1855 in
1678 1813 1731 1854 M.

1579 1615 1803 1666 Classem
1849 1615 2041 1681 quippe.

1228 1754 1294 1797 12.
1330 1760 1451 1809 tergm
1484 1767 1581 1795 cum
1614 1752 1781 1795 lineola
1811 1753 1876 1796 M:
1911 1744 2037 1810 tei-*qa*
2093 1741 2100 1751 ⁵

1162 1928 1349 1985 aliisque
1363 1931 1520 1984 poetis,
1545 1929 1598 1971 ad
1617 1928 1821 1970 evitanda
1836 1928 2037 1985 vulgaria

1160 1989 1331 2030 Tacitus
1362 1989 1583 2043 praetulit.

1250 2049 1308 2089 ad
1363 2049 1529 2090 brevem
1579 2049 1781 2104 impetum
1819 2048 2034 2090 validum:

1162 2106 1303 2149 Germ.
1329 2112 1381 2150 4:
1414 2121 1574 2163 maqna
1607 2120 1793 2164 corpora
1818 2114 1857 2149 et
1873 2114 2037 2157 tantum

1161 2166 1218 2206 acl
1259 2168 1456 2223 impetum
1503 2166 1663 2208 valida.
1726 2165 1843 2216 Infra
1887 2181 1924 2208 c.
1963 2168 2034 2210 21.

1159 2226 1288 2267 Arma
1353 2225 1665 2268 Germanorum
1731 2225 2037 2267 describuntur

1161 2284 1302 2327 Germ.
1337 2287 1379 2328 6.
1472 2287 1564 2327 sine
1597 2299 1705 2326 cura
1735 2285 1885 2327 ducum
1915 2285 2037 2328 abire

1157 2346 1339 2399 [aqam.-
1374 2345 1568 2400 loquitur
1600 2344 1653 2385 de
1686 2343 1811 2385 turba
1845 2350 1888 2386 et
1917 2343 2035 2386 mul..

1158 2403 1358 2455 titudine,
1371 2417 1457 2445 non
1477 2404 1531 2446 de
1551 2405 1751 2445 comitatu
1765 2405 2033 2458 principum:

1158 2476 1255 2504 nam
1288 2462 1389 2504 huic
1419 2466 1582 2519 infame
1620 2465 1667 2504 in
1701 2477 1864 2504 omnem
1900 2464 2032 2504 vitam

1158 2537 1212 2563 ac
1245 2522 1498 2577 probrosum
1536 2523 1798 2578 superstitem
1842 2522 2035 2577 principi

1157 2595 1231 2622 suo
1251 2595 1303 2622 ex
1323 2583 1416 2623 acie
1440 2583 1678 2634 recessisse,
1693 2587 1740 2621 ut
1757 2583 1880 2623 estin
1895 2579 1942 2622 G.
1959 2580 2028 2623 14.

1260 2638 1364 2695 Cap.
1425 2643 1490 2684 15.
1575 2648 1727 2682 onusta
1787 2639 2035 2682 vulneribus

1159 2707 1304 2755 terga.-
1347 2707 1470 2755 terya
1514 2700 1728 2752 Muretus,
1770 2700 1809 2742 M
1852 2707 2029 2754 tergum.

1159 2759 1336 2813 Proprie
1369 2774 1556 2816 corpora
1576 2772 1663 2800 non
1690 2766 1812 2814 tei-qa
1833 2758 2032 2800 hostibus

1158 2831 1209 2859 ac
1250 2818 1460 2872 periculis
1505 2818 1640 2860 obiici
1682 2818 1908 2869 dicuntur,
1955 2817 2033 2858 sed

1158 2877 1259 2932 quia
1273 2877 1457 2919 verbera
1481 2879 1574 2920 fere
1593 2883 1720 2933 tergo
1741 2879 2030 2931 accipiuntur,

1157 2935 1258 2977 inde
1280 2936 1476 2992 vulgaris
1491 2938 1655 2980 locutio
1676 2936 1850 2991 paulum
1868 2941 2033 2977 mutata

1159 3000 1238 3037 est.
1284 2994 1486 3038 Ceterum
1519 3004 1641 3052 terga
1673 3009 1778 3038 vere
1814 3008 1838 3036 a
1858 2995 2029 3038 Mureto

1157 3061 1401 3096 correctum
1425 3068 1522 3098 esse
1549 3069 1602 3097 ex
1621 3055 1823 3110 opposito
1836 3054 2029 3095 membro

1156 3116 1321 3168 fractos
1356 3122 1475 3156 artus
1500 3120 1694 3168 apparet.
1754 3113 1907 3155 Orator
1928 3113 2031 3154 bar-

1156 3172 1284 3214 barus
1349 3173 1608 3226 simpliciter
1677 3173 1824 3213 (licere
1889 3172 2032 3224 potuit

1156 3233 1448 3272 Romanorum
1501 3245 1686 3286 corpora
1740 3229 1810 3271 vel
1876 3230 2030 3270 milites

1156 3291 1372 3331 Romanos
1391 3290 1646 3331 verberibus
1666 3294 1709 3330 et
1726 3287 1926 3328 fluctibus
1949 3287 2030 3330 de·-

1157 3348 1364 3403 fatigatos
1388 3361 1500 3399 esse,
1527 3348 1609 3389 sed
1636 3360 1712 3401 pro
1737 3347 1857 3387 bisce
1884 3346 2031 3388 intulit

1156 3407 1424 3462 singularum
1477 3408 1662 3460 partium
1714 3418 2031 3447 commemora-

1157 3466 1334 3517 tionem,
1369 3479 1452 3520 qua
1485 3464 1754 3506 auditoribus
1786 3465 1848 3505 rei
1883 3465 2027 3519 imago

1158 3523 1382 3565 luculenta
1445 3523 1500 3565 ob
1561 3523 1714 3567 oculos
1777 3530 2026 3578 poneretur.

1159 3583 1252 3625 Non
1291 3583 1404 3625 bene
1437 3588 1588 3625 contra
1627 3583 1782 3626 Mureti
1820 3583 2028 3626 emenda..

1159 3642 1321 3685 tionem
1354 3641 1592 3699 disputavit
1624 3641 1890 3687 Waltherus.
