2280 4004
162 286 189 318 a
219 273 267 318 C.
302 276 374 321 24.
727 273 890 319 LIBER
920 272 996 316 lv.
1064 272 1171 316 CAr.
1208 271 1393 316 19—20.
1893 271 1984 315 258

160 418 233 471 Ea
285 419 444 485 prima
501 418 701 470 Tiberio
760 433 884 485 erga
951 417 1218 484 pecuniam
1278 416 1493 467 alienam
1547 412 1810 480 diligentia
1872 411 1981 462 fuit.

163 510 310 563 Sosia
362 511 413 560 in
451 510 653 562 exilium
704 510 904 576 pellitur
941 510 1107 561 Asinii
1147 508 1273 560 Galli
1316 506 1594 570 sententia,
1657 504 1741 570 qui
1790 508 1983 570 partem

162 601 410 652 bonorum
436 601 807 667 publicandam,
846 616 964 666 pars
995 606 1048 651 ut
1083 599 1259 650 liberis
1285 598 1670 664 relinqueretur,
1698 599 1981 647 censuerat.

163 692 350 743 Contra
383 692 582 744 Marcus
617 691 835 756 Lepidus
875 695 1100 756 quartam
1152 689 1536 741 accusatoribus
1575 686 1852 741 secundum
1890 701 1986 738 ne·-

165 781 524 833 cessitudinem
559 781 707 848 legis,
749 786 918 832 cetera
954 781 1130 832 liberis
1170 780 1442 831 concessit.
1516 780 1660 831 Hunc
1698 792 1796 846 ego
1833 777 2023 843 Lepi-s

163 872 281 924 dum
320 872 630 938 temporibus
669 872 767 923 illis
801 887 1011 939 gravem
1049 877 1098 923 et
1133 872 1413 937 sapientem
1448 871 1608 922 virum
1647 870 1805 921 fuisse
1843 884 1987 920 com-

146 956 358 1029 perior.
410 978 524 1014 nam
575 962 817 1028 pleraque
880 964 970 1040 alg
995 963 1178 1039 saevis
1240 962 1613 1013 adulationibus
1673 961 1884 1012 aliorum
1934 962 1987 1011 in

162 1054 340 1106 melius
369 1053 521 1105 flexit.
599 1055 775 1120 Neque
813 1030 994 1105 tamen
995 1031 1387 1119 temperamenti
1413 1053 1612 1119 egebat,
1656 1068 1764 1102 cum
1797 1066 1990 1117 aequa·-

162 1146 250 1197 bili
287 1146 586 1197 auctoritate
626 1150 675 1197 et
723 1146 888 1212 gratia
927 1145 1058 1210 apud
1101 1144 1354 1195 Tiberium
1395 1144 1631 1210 viguerit.
1705 1143 1847 1194 Unde
1891 1142 1990 1193 du-

142 1237 325 1290 bitare
363 1251 543 1304 cogor,
584 1237 687 1288 sato
726 1241 776 1288 et
808 1220 950 1287 ¹sorte
980 1235 1242 1299 nascendi,
1285 1240 1338 1285 ut
1377 1239 1564 1298 cetera,
1604 1234 1672 1285 ita
1704 1234 1986 1299 principum
2005 1248 2051 1283 io

163 1328 422 1379 inclinatio
462 1328 516 1377 in
552 1327 675 1392 hos,
725 1325 942 1378 offensio
979 1327 1031 1376 in
1066 1326 1211 1390 illos,
1276 1341 1340 1376 an
1377 1325 1442 1376 sit
1479 1324 1667 1390 aliquid
1709 1325 1760 1374 in
1797 1324 1987 1376 nostris

166 1418 421 1483 consiliis,
475 1417 726 1483 liceatque
776 1418 909 1469 inter
953 1417 1213 1482 abruptam
1255 1416 1623 1467 contumaciam
1661 1421 1710 1467 et
1760 1415 1990 1467 deforme

165 1509 460 1576 obsequium
497 1522 716 1574 pergere
777 1508 874 1559 iter
922 1507 1196 1558 ambitione
1234 1522 1294 1557 ac
1335 1506 1576 1572 periculis
1621 1521 1851 1557 vacuum.
1923 1506 1992 1557 At

163 1599 462 1653 Messalinus
500 1599 644 1649 Cotta
694 1598 829 1649 haud
881 1599 1044 1649 minus
1105 1597 1256 1648 claris
1313 1597 1617 1661 maioribus,
1677 1596 1767 1647 sed
1821 1596 1989 1647 animo

166 1691 429 1754 diversus,
486 1689 684 1741 censuit
724 1688 1004 1740 cavendum
1056 1693 1261 1740 senatus
1319 1687 1550 1739 consulto
1599 1692 1653 1737 ut
1692 1702 2054 1753 quamquamis

165 1783 392 1833 insontes
430 1782 755 1848 magistratus
796 1785 845 1831 et
900 1780 1077 1846 culpae
1123 1779 1320 1831 alienae
1375 1779 1538 1830 nescii
1588 1778 1989 1844 provincialibus

165 1887 377 1924 uxorum
420 1871 711 1922 criminibus
747 1870 961 1936 perinde
997 1885 1145 1944 quam
1181 1870 1286 1922 suis
1320 1869 1678 1935 plecterentur.

285 2029 327 2067 4.
363 2023 424 2067 M.
457 2023 512 2066 M.
575 2023 616 2066 6.
653 2025 892 2079 comperior
912 2022 967 2076 M,
1001 2035 1086 2063 non
1122 2022 1348 2077 comperio.
1413 2021 1454 2063 7.
1487 2022 1595 2062 sevis
1612 2019 1666 2062 M.

173 2084 240 2125 11.
274 2083 348 2125 illo
382 2083 434 2126 M.
533 2084 601 2126 12.
636 2084 940 2125 contumatiam
971 2082 1025 2124 M.
1122 2082 1189 2124 13.
1224 2083 1288 2137 at]
1324 2079 1394 2122 Act
1425 2080 1480 2122 M.

167 2146 336 2199 notam)
369 2142 423 2184 M.

1733 2021 1775 2064 9.
1809 2027 1911 2076 aput
1930 2019 1984 2061 M.

1575 2080 1642 2122 17.
1671 2079 1854 2135 proinde
1889 2081 1990 2134 (per

253 2288 372 2341 sato.-
415 2286 617 2341 equidem
654 2289 802 2342 fatone
843 2284 1036 2327 Tacitum

169 2344 342 2387 dedisse
383 2346 676 2398 coniecerim,
725 2344 841 2400 quod
885 2350 928 2386 et
968 2346 1036 2386 vis

169 2405 492 2446 enuntiatorum
533 2406 831 2459 oppositorum
865 2410 909 2445 et
939 2417 1035 2444 am..

167 2463 282 2505 bitus
339 2475 488 2505 eorum
544 2466 769 2519 requirere
829 2463 1034 2504 videtur:

169 2522 278 2565 alias
320 2524 436 2565 enim
476 2522 548 2564 ubi
599 2522 811 2577 particula
843 2535 897 2563 ne
929 2522 1036 2564 sub-

169 2588 381 2638 sequente
399 2595 458 2623 an
479 2581 531 2623 ab
556 2582 640 2623 hoc
662 2584 877 2637 scriptore
904 2582 1036 2623 omit-

171 2642 291 2694 titur,
324 2643 502 2682 minimo
535 2642 768 2684 intervallo
791 2654 902 2696 quae
927 2653 1036 2683 con-

169 2702 299 2742 traria
329 2707 430 2742 sunt
460 2700 649 2742 discreta
681 2700 937 2755 reperimus.
998 2700 1036 2741 ΙΙ

169 2762 252 2803 42:
306 2761 435 2813 finem
483 2760 596 2801 vitae
643 2767 788 2816 sponte
839 2774 897 2800 an
944 2761 1036 2814 sato

174 2815 373 2873 implevit.
437 2818 495 2859 lv
526 2820 609 2862 40:
638 2833 761 2874 posse
792 2819 928 2873 ipsam
957 2818 1037 2859 Li-

171 2877 284 2917 viam
312 2883 514 2927 statuere,
532 2877 772 2918 nubendum
794 2884 888 2932 post
915 2877 1037 2917 Dru-

172 2948 263 2975 sum
304 2948 362 2975 an
411 2935 458 2975 in
494 2936 719 2990 penatibus
763 2936 896 2976 isdem
941 2949 1038 2975 ma-

174 2993 359 3035 nendum
394 2992 583 3036 haberet.
648 2994 702 3035 Vl
747 2996 801 3037 2:
847 2995 1038 3050 privatos

175 3065 233 3094 an
261 3066 283 3094 e
302 3053 650 3108 maqistratibus?
689 3053 745 3094 XI
777 3053 861 3095 36:
893 3060 1039 3109 sponte

176 3124 234 3152 an
276 3117 448 3153 coactus
490 3136 545 3144 —-
584 3113 872 3168 peccavisset,
930 3111 1042 3154 nihil

176 3171 358 3225 referre.
421 3170 498 3212 xil
543 3171 629 3214 52:
679 3178 811 3213 morte
859 3172 1041 3225 fortuita

176 3242 235 3269 an
282 3241 360 3283 per
408 3243 615 3271 venenum
662 3231 871 3271 eoetinctus
918 3237 1040 3271 esset.

175 3286 275 3328 xm
326 3288 409 3329 12:
458 3289 548 3341 sato
600 3289 780 3342 quodam
827 3302 886 3328 an,
942 3289 1041 3342 quia

171 3344 426 3401 praevalent
457 3345 641 3388 inlicita.
703 3345 803 3387 XIV
845 3347 927 3388 512
970 3348 1042 3387 in-

177 3411 337 3446 certum
376 3402 609 3445 valitudine
650 3417 707 3444 an
749 3418 926 3446 veneno.
989 3405 1040 3446 H.

176 3462 192 3504 1
227 3464 276 3506 7:
310 3461 540 3504 mobilitate
571 3463 762 3517 inqenii,
795 3476 853 3503 an
888 3475 942 3503 ne
973 3462 1043 3503 al-

177 3524 258 3564 tius
288 3529 568 3564 scrutaretur.
631 3522 714 3564 37:
747 3523 1046 3577 imperatorem

175 3580 320 3638 populi
343 3582 530 3624 Romani
556 3584 603 3622 in
635 3582 788 3623 castris
806 3594 864 3622 an
883 3580 1042 3622 hostem

179 3639 382 3687 habeatis.
434 3641 520 3687 47·
553 3641 757 3686 omisisset
776 3641 960 3702 offensas
982 3653 1041 3684 an

1120 2284 1359 2327 distulisset.
1425 2284 1566 2328 Germ.
1615 2285 1666 2327 5:
1705 2285 1885 2340 propitii
1930 2297 1989 2325 an

1119 2345 1227 2386 irati
1258 2345 1315 2387 di.
1377 2344 1442 2386 Ac
1474 2358 1579 2386 sane
1611 2344 1870 2398 particulam
1901 2355 1989 2384 non

1119 2404 1264 2445 omisit
1311 2405 1354 2444 in
1405 2403 1504 2446 loco
1547 2403 1770 2445 simillimo
1817 2402 1988 2446 v122:

1118 2463 1192 2504 sed
1237 2463 1342 2504 milii
1382 2488 1438 2495 -—
1485 2465 1533 2505 in
1570 2464 1734 2504 incerto
1785 2462 1991 2503 iudicium

1119 2530 1204 2575 est,
1252 2525 1401 2578 fatone
1443 2537 1512 2564 res
1552 2521 1797 2563 mortalium
1839 2528 1879 2563 et
1908 2534 1990 2562 ne-

1120 2583 1314 2624 cessitate
1351 2581 1604 2624 immutabili
1642 2594 1701 2622 an
1740 2583 1853 2636 sorte
1893 2579 1990 2621 vol-

1118 2648 1289 2684 vantur.
1367 2641 1451 2683 Sed
1499 2641 1608 2683 haec
1651 2641 1791 2696 magis
1837 2639 1990 2681 sentiri

1120 2714 1246 2755 quam
1278 2700 1506 2743 diiudicari
1548 2705 1753 2754 possunt,
1797 2699 1987 2754 ideoque

1118 2762 1163 2800 in
1197 2766 1404 2802 contextu
1436 2759 1669 2802 verborum
1716 2758 1826 2799 nihil
1860 2770 1990 2800 ausus

1121 2832 1229 2860 suni.

1232 2875 1491 2918 Messalinus
1533 2875 1658 2917 Cotta
1703 2902 1757 2910 ——
1802 2877 1989 2919 censuit:

1121 2936 1309 2977 nominis
1342 2934 1626 2976 similitudine
1644 2937 1853 2991 deceptus
1881 2935 1991 2978 haec

1121 2995 1175 3036 ad
1208 2993 1481 3037 consulatum
1501 2993 1556 3036 M.
1587 2994 1754 3038 Valerii
1778 2995 1990 3038 Messalae

1124 3059 1165 3095 et
1206 3054 1261 3096 M.
1302 3052 1471 3094 Aurelii
1526 3051 1705 3107 Cottae,
1760 3055 1802 3095 h.
1848 3068 1886 3095 c.
1936 3052 1990 3094 ad

1122 3125 1277 3154 annum
1305 3113 1361 3154 20
1385 3125 1408 3153 a
1433 3110 1550 3163 Chia,
1583 3113 1753 3153 rettulit
1782 3112 1989 3166 Ulpianus

1122 3171 1150 3213 l.
1201 3173 1229 3213 4
1279 3171 1380 3225 Dig.
1435 3170 1483 3210 de
1529 3172 1669 3225 officio
1723 3168 1991 3226 proconsulis

1123 3229 1164 3283 (Ι
1202 3229 1304 3284 16):
1335 3228 1552 3282 proficisci
1579 3236 1720 3270 autem
1747 3241 1990 3284 proconsu-

1123 3288 1204 3328 lem
1233 3287 1382 3327 melius
1418 3286 1582 3339 quidem
1626 3294 1685 3328 est
1715 3289 1807 3328 sine
1838 3299 1988 3339 uxore,

1123 3346 1196 3387 secl
1231 3351 1270 3386 et
1301 3358 1394 3386 cum
1423 3358 1558 3386 uxore
1586 3352 1736 3401 potest,
1771 3344 1990 3387 dummodo

1123 3406 1232 3445 sciat
1284 3409 1479 3444 senatum
1530 3404 1654 3446 Cotta
1708 3411 1747 3445 et
1801 3404 1992 3446 Messala

1126 3460 1364 3503 consulibus
1408 3463 1641 3515 censuisse,
1695 3466 1884 3518 futurum
1928 3469 1989 3515 ut,

1125 3523 1161 3563 si
1193 3521 1293 3575 quid
1321 3534 1478 3562 uxores
1501 3535 1644 3564 eorum
1676 3522 1820 3576 quiad
1845 3523 1992 3579 officia

1120 3575 1453 3637 proficiscuntur
1485 3580 1759 3636 deliquerint,
1805 3582 1858 3626 ab
1889 3582 1993 3641 ipsis

1123 3640 1235 3683 ratio
1270 3645 1308 3683 et
1338 3639 1528 3684 vindicta
1559 3642 1771 3701 exiqatur.
