2280 4004
241 263 328 309 156
1004 268 1310 314 'ANNALIVM
1819 288 1860 319 a.
1875 279 1934 320 flu.
1968 274 2067 322 772.

239 417 466 466 sertores
502 428 594 480 per
629 412 913 479 manipulos
953 415 1233 481 componit,
1274 421 1434 467 armat
1467 415 1615 483 lixas,
1652 416 1980 487 traiectisque
2015 420 2067 473 in

240 506 579 556 continentem
617 504 831 556 navibus
871 505 1110 556 vexillum
1150 506 1369 558 tironum
1404 507 1456 558 in
1491 507 1688 576 Syriam
1727 510 1948 562 euntium
1985 512 2068 563 in-

237 596 467 662 tercipit,
521 596 711 663 regulis
755 595 965 647 Cilicum
1003 602 1056 647 ut
1091 612 1148 649 se
1183 598 1384 650 auxiliis
1420 599 1652 652 iuvarent
1689 601 1894 667 scribit,
1933 601 2067 654 haud

237 686 425 754 ignavo
457 687 519 739 ad
549 687 826 739 ministeria
854 687 973 739 belli
1012 684 1195 741 iuve'ite
1217 690 1417 756 Pisone,
1444 706 1742 759 quamquam
1780 693 2068 761 suscipien-

200 777 355 829 sdum
405 778 589 830 bellum
645 778 921 830 abnuisset.
1029 780 1188 846 Igitur
1243 795 1384 834 oram
1418 783 1604 850 Lyciae
1651 798 1710 836 ac
1747 785 2152 853 Pamphyliaew

235 869 607 937 praelegenteS,
638 870 804 922 obviis
829 870 1044 923 navibus
1070 887 1198 939 quae
1219 872 1551 942 Agrippinam
1576 875 1844 942 vehebant,
1885 877 2067 930 utrim-

237 975 334 1027 que
385 961 572 1014 infensi
630 977 768 1013 arma
815 964 979 1030 primo
1033 965 1332 1032 expediere:
1399 967 1516 1019 dein
1562 972 1729 1021 mutua
1792 968 2066 1023 formidine

234 1066 339 1103 non
368 1052 498 1105 ultra
537 1053 756 1121 iurgium
789 1069 1087 1121 processum
1127 1062 1228 1122 est,
1269 1058 1566 1126 Marsusque
1605 1060 1779 1112 Vibius
1820 1060 2068 1112 nuntiavit

232 1142 432 1209 Pisoni,
493 1145 703 1197 Romam
745 1146 810 1197 ad
862 1146 1130 1199 dicendam
1180 1163 1384 1201 causam
1431 1150 1643 1202 veniret.
1717 1151 1806 1203 Ille
1854 1151 2065 1205 eludens

172 1236 497 1302 101·espondit
534 1236 835 1303 adfuturum,
875 1239 960 1289 ubi
993 1244 1215 1306 praetor,
1256 1241 1340 1308 qui
1378 1242 1441 1293 de
1478 1242 1740 1295 veneficiis
1777 1248 2062 1310 quaereret,

232 1342 323 1379 reo
365 1333 514 1395 atque
551 1329 935 1382 accusatoribus
973 1331 1104 1382 diem
1146 1332 1501 1398 praedixisset.
1576 1334 1780 1386 Interim
1816 1333 2063 1387 Domitius

231 1420 525 1472 Laodiciam
558 1423 735 1474 urbem
759 1422 938 1490 Syriae
965 1423 1221 1490 adpulsuS,
1249 1440 1359 1476 cum
1389 1425 1603 1477 hiberna
1637 1431 1814 1478 sextae
1843 1426 2064 1494 legionis

230 1515 448 1576 peteret,
506 1513 640 1578 quod
687 1529 796 1566 eam
835 1514 1053 1566 maxime
1093 1515 1242 1567 novis
1283 1516 1511 1567 consiliis
1561 1516 1798 1569 idoneam
1838 1516 2061 1584 rebatur,

231 1619 260 1654 a
294 1603 514 1655 Pacuvio
553 1604 724 1673 legato
771 1607 1114 1672 praevenitur.
1189 1607 1244 1659 Id
1281 1608 1482 1662 Sentius
1519 1608 1689 1661 Pisoni
1737 1590 2063 1676 per'litteras

166 1709 214 1748 1⁵
230 1696 405 1762 aperit,
446 1702 716 1764 monetque
751 1713 817 1750 ne
854 1703 1020 1751 castra
1058 1700 1457 1766 corruptoribuS,
1483 1716 1548 1752 ne
1581 1700 1894 1767 provinciam
1928 1701 2062 1752 bello

227 1792 448 1855 temptet.
524 1789 764 1856 Quosque
803 1790 1091 1843 Germanici
1130 1807 1382 1844 memores
1436 1797 1520 1843 aut
1558 1792 1778 1844 inimicis
1820 1793 1930 1844 eius
1967 1792 2064 1844 ad-

225 1895 408 1932 versos
446 1887 778 1948 cognoverat,
809 1883 1076 1948 contrahit,
1116 1884 1512 1952 magnitudinem
1551 1884 1871 1951 imperatoris
1909 1884 2063 1936 iden-

228 1971 383 2024 tidem
412 1972 670 2040 ingerenS,
712 1979 762 2026 et
796 1990 905 2027 rem
929 1975 1182 2041 publicam
1218 1977 1370 2028 armis
1406 1975 1539 2043 peti3
1577 1976 1813 2043 ducitque
1841 1975 2061 2028 validam
2127 2021 2135 2027 .

227 2078 428 2115 manum
484 2069 534 2116 et
585 2064 782 2131 proelio
833 2071 1075 2132 paratam.
1170 2067 1277 2120 Nec
1327 2067 1469 2133 Piso,
1526 2082 1825 2134 quamquam
1882 2064 2147 2135 coeptam

348 2220 384 2261 1.
422 2233 544 2276 conp.
579 2221 633 2263 M.
695 2222 737 2264 4.
771 2221 925 2277 iqnovo
957 2223 1012 2264 M.
1089 2223 1338 2265 minesteria
1369 2223 1423 2266 M.
1501 2223 1543 2266 8.
1575 2223 1752 2265 vibimus
1781 2223 1847 2275 M,
1892 2222 2064 2266 Vibium

226 2276 495 2320 Beroaldus:
531 2281 722 2321 correxit
743 2281 995 2324 Rhenanus.
1057 2283 1241 2324 nutiavit
1273 2283 1327 2324 M.
1395 2284 1461 2325 11.
1490 2283 1779 2339 praedixisset
1795 2280 2063 2325 Beroaldus:

226 2338 267 2381 M
295 2338 568 2394 prodii-isset.
647 2341 713 2383 12.
749 2341 1017 2394 Laodiciam,
1050 2354 1137 2382 non
1172 2341 1446 2384 Laodiceam.
1540 2343 1696 2398 Syriae
1727 2342 1783 2395 M,
1815 2354 1946 2398 supra
1975 2340 2062 2385 ali-

227 2398 400 2455 quoties
433 2399 579 2440 Suria.
676 2399 848 2457 apulsus
881 2401 935 2443 M.
1030 2399 1218 2457 leyiones
1251 2402 1305 2443 M.

227 2554 313 2598 quo
343 2548 458 2584 terra
492 2543 544 2584 ab
572 2556 683 2600 aqua
706 2549 965 2602 separatur(
975 2545 1100 2601 User-

224 2602 340 2643 rand
372 2602 447 2642 der
478 2602 646 2658 Kic‘ste).
712 2603 823 2645 Huic
867 2607 1102 2659 opponitur

225 2661 357 2703 latum
394 2675 528 2703 mare.
645 2662 848 2705 veoeillum
889 2665 1101 2706 tironum:

223 2734 266 2762 v.
302 2721 355 2762 ad
386 2720 404 2761 Ι
435 2720 508 2763 38.

315 2779 420 2834 Cap.
457 2779 525 2822 79.
577 2788 758 2836 praetor
790 2784 861 2837 qui
895 2783 944 2824 de
968 2797 1100 2825 vene-

219 2840 332 2894 ficiis
364 2847 614 2894 quaereret.-
661 2842 775 2882 actio
808 2842 1030 2895 veneficii,
1063 2844 1099 2885 si

223 2899 308 2940 viri
370 2900 564 2953 primarii
629 2901 723 2941 eius
787 2903 980 2942 criminis
1034 2903 1098 2943 rei

224 2964 580 3011 arcesserentur,
623 2971 709 2999 non
753 2974 777 3001 a
819 2967 1022 3015 praetore
1057 2967 1099 3003 et

223 3017 441 3060 iudicibus
465 3018 508 3058 in
531 3017 648 3070 foro,
675 3025 720 3059 ut
745 3019 882 3061 libera
903 3022 1098 3072 civitate,

223 3077 302 3121 sed
333 3077 377 3118 in
412 3077 532 3118 curia
564 3077 675 3131 apud
698 3085 840 3133 patres
869 3085 1098 3133 praesente

224 3138 423 3192 principe
456 3137 734 3179 tractabatur.
799 3137 1003 3179 Conf.111
1030 3141 1097 3190 12,

223 3196 242 3238 Ι
275 3197 344 3241 75.
411 3195 507 3237 Piso
541 3197 676 3253 igitur
707 3196 807 3239 dum
832 3197 942 3240 haec
967 3199 1100 3240 iactat

226 3255 433 3308 eludens,
458 3262 501 3298 et
516 3257 679 3298 crimen
702 3257 755 3298 ab
775 3258 1101 3300 accusatoribus

226 3317 432 3357 iactatum
456 3329 614 3357 vanum
637 3329 735 3358 esse
759 3330 841 3359 nec
864 3317 1101 3360 timendum

225 3375 307 3416 sibi
340 3374 564 3428 professus
599 3381 663 3416 est
686 3382 728 3417 et
749 3389 796 3418 se
822 3377 957 3431 probe
988 3379 1102 3419 scire

225 3433 494 3489 significavit
525 3448 549 3475 a
582 3441 784 3488 praetore
819 3436 935 3478 illam
959 3438 1101 3478 actio...

226 3505 326 3532 uem
359 3491 440 3533 sibi
467 3494 633 3534 intendi
667 3507 752 3535 non
771 3507 915 3549 posse.
972 3495 1099 3538 Cont‘.

228 3549 454 3592 Walchius
487 3550 539 3591 ad
570 3551 766 3607 Agricol.
802 3567 842 3608 p.
882 3554 979 3597 158.

299 3609 409 3651 diem
423 3609 734 3666 praedixisset:
753 3614 846 3655 sive
868 3613 1103 3671 prudenter

230 3668 325 3711 sive
359 3681 462 3711 casu
496 3674 539 3711 et
570 3670 733 3713 invitus
767 3675 982 3727 expressit
1012 3673 1102 3715 Be..

1187 2545 1362 2588 roaldus
1395 2545 1618 2602 vulgatam
1651 2545 1975 2603 (praedioeissei)
2008 2545 2062 2589 ab

1188 2604 1354 2647 Orellio
1388 2605 1629 2648 infeliciter
1660 2605 1713 2647 ad
1746 2605 1910 2648 codicis
1933 2605 2062 2648 fidem

1185 2666 1228 2705 in
1273 2665 1530 2720 prodiaeisset
1570 2671 1803 2718 mutatam,
1849 2677 1956 2707 vera
1998 2671 2064 2707 est

1185 2725 1401 2778 scriptura
1430 2723 1662 2766 Beroaldi:
1708 2737 1804 2766 nam
1835 2724 2062 2780 prodicere

1187 2784 1296 2825 diem
1352 2785 1396 2824 in
1438 2784 1586 2826 litibus
1633 2789 1699 2826 est
1747 2783 1857 2825 diem
1906 2783 2064 2825 dictam

1180 2845 1396 2899 proferre,
1430 2843 1561 2898 idque
1582 2843 1636 2884 ab
1654 2842 1857 2885 hocloco
1886 2855 2062 2898 prorsus

1186 2903 1393 2944 alienum.
1459 2901 1526 2944 Cf.
1560 2902 1654 2944 Liv.
1690 2903 1728 2945 ll
1761 2901 1846 2945 61:
1875 2909 1924 2944 ut
1953 2901 2064 2944 diem

1185 2963 1267 3017 ipsi
1315 2962 1417 3018 (Ap.
1462 2960 1669 3018 Claudio)
1717 2975 1797 3004 sua
1845 2961 2062 3004 voluntate

1181 3021 1459 3077 prodicerent
1474 3021 1684 3078 (tribuni)
1699 3036 1709 3073 ;
1723 3047 1778 3054 --
1801 3027 1901 3063 ante
1921 3028 2063 3062 tamen

1186 3093 1311 3134 quam
1338 3080 1539 3135 prodicta
1570 3081 1659 3121 dies
1689 3081 1874 3131 veniret,
1916 3079 2061 3121 morbo

1186 3140 1379 3179 moritur.
1445 3138 1561 3180 ldem
1595 3138 1650 3179 Ill
1682 3139 1765 3181 57:
1799 3138 1992 3180 tribunus
2023 3139 2064 3180 ei

1188 3199 1297 3240 diem
1323 3198 1529 3254 prodixit.
1580 3197 1637 3239 Vl
1663 3199 1745 3241 20:
1775 3198 1976 3254 prodicta
1994 3196 2062 3239 die

1186 3259 1233 3299 in
1273 3257 1503 3299 Poetelium
1554 3256 1695 3299 lucum
1733 3282 1790 3290 —-
1835 3257 2064 3299 concilium

1183 3316 1333 3374 populi
1365 3316 1572 3359 indictum
1605 3323 1679 3359 est.
1732 3315 1840 3359 Cam
1878 3317 2060 3371 primum

1188 3377 1304 3418 dicta
1337 3375 1425 3417 dies
1459 3382 1547 3428 est,
1597 3376 1759 3417 tribuni
1793 3375 1939 3418 Manlii
1980 3373 2060 3415 da-

1186 3436 1451 3477 mnationem
1486 3437 1698 3490 perticere
1731 3447 1816 3476 non
1846 3438 2061 3488 potuere3

1189 3497 1334 3550 itaque
1367 3507 1442 3536 reo
1472 3495 1580 3536 diem
1600 3493 1899 3550 prodici-eram.
1944 3490 2060 3532 XXV

1193 3555 1269 3597 13:
1295 3553 1387 3595 alia
1403 3553 1601 3610 prodicta
1621 3553 1722 3593 dies.
1746 3548 1962 3592 XXXVIII
1981 3550 2060 3592 51:

1190 3614 1454 3656 orationibus
1520 3613 1566 3653 in
1626 3615 1791 3652 noctem
1844 3608 2063 3666 perductis

1183 3673 1385 3730 prodicta
1442 3672 1529 3713 dies
1584 3676 1658 3714 est.
1721 3667 1803 3712 Ubi
1849 3673 1916 3712 est
1963 3674 2063 3711 ante
