2280 4004
121 2162 124 2164 ’
195 2176 244 2212 20
259 2166 414 2212 cerat.

255 2253 622 2305 Arsacidarum
649 2254 699 2304 vi
740 2269 897 2320 seque
932 2271 1246 2323 regnumque
1277 2263 1462 2309 tutatus
1500 2264 1592 2309 est.

256 286 320 328 88
1033 281 1324 328 ANNALIVM

260 425 483 478 credidit
522 425 741 488 Caesar,
796 423 1033 490 auxitque
1072 424 1268 490 opibus.

259 522 443 581 tanteS,
484 522 538 567 ut
579 517 739 568 ferme
770 515 834 566 ad
872 529 1005 566 nova
1047 515 1275 582 imperia.

1833 300 1873 331 a.
1904 295 1951 330 ιι.
1982 287 2086 334 769.

1339 424 1407 475 Et
1445 439 1694 491 accepere
1739 425 1945 480 barbari
1978 429 2092 483 lae-

1348 515 1469 567 Mox
1505 516 1659 567 subiit
1691 517 1888 584 pudor,
1924 519 2091 589 dege·-

261 608 529 676 neravisse
580 606 825 669 Parthos3
891 606 1098 672 petitum
1150 606 1251 657 alio
1315 623 1380 658 ex
1430 607 1554 659 orbe
1601 623 1828 676 regem,
1873 609 2091 666 hostium

261 699 455 751 artibus
492 699 762 761 infectum3
799 698 898 748 iam
933 698 1065 749 inter
1100 699 1393 770 provincias
1419 699 1673 752 Romanas
1712 701 1896 754 solium
1928 701 2095 755 Arsa-

222 790 492 843 5'cidarum
548 789 726 840 haberi
793 789 1021 856 darique.

1115 790 1209 842 Ubi
1272 790 1408 842 illam
1467 791 1682 860 gloriam
1737 793 2093 847 trucidantium

265 883 531 946 Crassum,
596 881 966 932 exturbantium
1020 882 1327 948 Antonium,
1386 885 1430 935 si
1480 885 1782 952 mancipium
1835 887 2090 952 Caesaris,

259 978 335 1024 tot
359 988 452 1039 per
486 987 647 1024 annos
681 974 975 1025 servitutem
1000 989 1314 1041 perpessum,
1343 976 1536 1028 Parthis
1564 977 1849 1044 imperitet?
1885 979 2096 1032 Accen-

263 1064 416 1115 debat
441 1064 779 1132 dedignantes
815 1070 864 1116 et
901 1066 1038 1132 ipse,
1092 1067 1325 1119 diversus
1359 1085 1386 1119 a
1415 1069 1661 1120 maiorum
1688 1070 1944 1135 institutis,
1972 1085 2092 1123 raro

259 1161 473 1221 venatu,
527 1157 674 1224 segni
715 1172 958 1223 equorum
999 1174 1146 1223 cura3
1205 1159 1438 1225 quotiens
1484 1176 1575 1226 per
1623 1161 1777 1214 urbes
1811 1162 2091 1227 incederet,

198 1247 477 1299 aolecticae
509 1249 806 1315 gestamine,
847 1249 1080 1316 fastuque
1116 1266 1240 1318 erga
1263 1252 1452 1317 patrias
1476 1252 1665 1318 epulas,

1742 1253 2095 1305 inridebantur

162 1340 179 1372 (ἕ
261 1344 312 1392 et
372 1339 556 1390 Graeci
618 1341 857 1404 comiteS,
928 1356 1037 1419 ac
1039 1341 1285 1420 vilissima
1351 1343 1638 1423 utensilium
1699 1344 1867 1419 anulo
1905 1344 2092 1396 clausa.

5 1410 11 1417 '
64 1413 221 1465 ''“‘‹²
263 1430 363 1483 Sed
401 1431 617 1497 prompti
656 1430 854 1496 adium,
896 1413 1046 1483 obvia
1087 1433 1329 1498 comitas

1868 1400 2076 1413 -.μ-...Μ-

1383 1415 1601 1501 ignotae
1635 1434 1830 1486 Parthis
1863 1435 2092 1501 virtuteS,

262 1536 398 1572 nova
437 1523 590 1585 vitia3
649 1528 698 1573 et
739 1523 855 1589 quia
897 1524 1121 1590 ipsorum
1158 1525 1384 1576 moribus
1417 1525 1581 1577 aliena
1607 1565 1620 1591 ,
1672 1526 1886 1593 perinde
1924 1527 2094 1580 odium

260 1612 431 1677 pravis
469 1618 517 1664 et
555 1613 800 1665 honestis,

877 1614 1036 1681 Igitur
1062 1615 1352 1667 Artabanus
1381 1617 1745 1668 Arsacidarum
1780 1634 1808 1669 e
1845 1619 2145 1687 sanguinea

200 1718 246 1754 15
263 1703 394 1769 apud
425 1703 593 1755 Dahas
631 1704 829 1756 adultus
858 1707 1070 1770 excitur,
1110 1707 1374 1774 primoque
1408 1724 1693 1777 congressu
1722 1709 1864 1761 susus
1891 1715 2096 1777 reparat

260 1795 398 1845 vires
426 1811 690 1862 regnoque
717 1800 920 1862 potitur.

996 1799 1143 1849 Victo
1174 1800 1376 1850 Vononi
1403 1800 1688 1867 perfugium
1717 1799 1958 1852 Armenia
1987 1791 2094 1866 suit,

260 1903 426 1938 vacua
472 1893 591 1939 tune
644 1889 1211 1958 interqueParthorum
1259 1896 1307 1943 et
1346 1893 1612 1958 Romanas,
1656 1907 1779 1959 opes
1831 1892 1984 1944 infida
2031 1894 2095 1944 ob

261 1979 429 2030 scelus
486 1978 724 2044 Antonii,
789 1981 872 2046 qui
907 1980 1230 2033 Artavasden
1284 1998 1459 2051 regem
1510 1983 1869 2036 Armeniorum
1905 1984 2099 2051 ‚specie

260 2070 516 2121 amicitiae
553 2071 819 2135 inlectam,
863 2072 983 2122 dein
1023 2073 1215 2124 catenis
1255 2080 1549 2139 oneratum,
1587 2081 1844 2141 postremo
1883 2075 2102 2128 interse-

380 2429 417 2469 1.
450 2429 649 2484 accipe-re
682 2429 748 2476 1l1.:
785 2430 1034 2472 emendavit
1065 2431 1323 2474 Beroaldus,

939 2492 1005 2532 11.
1040 2492 1169 2532 arctato
1203 2491 1258 2543 M,
1290 2504 1377 2532 non
1411 2493 1590 2534 «annulo.

257 2499 335 2529 sex
367 2489 540 2542 punctis
573 2488 867 2531 subnotatum.

259 2546 544 2588 emendarunt
577 2548 769 2590 Muretus
805 2555 849 2589 et
881 2549 1066 2603 Lipsius,

264 2606 331 2648 18.
366 2609 530 2661 speciae
565 2611 616 2663 (a
648 2614 812 2662 puncto
847 2615 1066 2668 notatum)
1103 2610 1155 2652 M.

347 2776 536 2818 Caesar.-
568 2780 604 2819 is
639 2786 704 2820 est
737 2778 897 2822 Caesar
928 2780 1000 2836 qui
1030 2787 1129 2823 ante

255 2837 431 2877 nomine
464 2850 543 2878 suo
576 2851 663 2878 non
696 2839 902 2896 ambigue
920 2840 1129 2896 designa-

253 2900 322 2934 tus
356 2901 436 2947 est,
473 2896 515 2938 h.
551 2911 589 2938 e.
625 2897 852 2953 Augustus.
903 2898 1020 2941 Idem
1043 2915 1080 2942 c.
1102 2902 1129 2943 3

258 2953 423 2994 Caesar
443 2955 710 3008 appellatur:
744 2970 823 2998 nos
846 2958 1029 3000 dicimus
1054 2960 1131 3001 der

257 3012 437 3055 Caesar.
506 3014 601 3055 vid.
654 3016 706 3057 ad
757 3016 812 3057 XI
858 3020 895 3059 1.
1018 3033 1130 3060 nova

254 3072 388 3114 vitia:
423 3085 538 3115 nova
569 3074 677 3115 vitia
702 3075 867 3116 Parthis
903 3083 1024 3117 erant
1056 3084 1130 3118 aut

255 3131 531 3175 videbantur.
597 3133 718 3175 Nova
760 3134 869 3177 haec
900 3136 1009 3177 vitia
1042 3138 1129 3178 ini-

256 3204 342 3246 que
376 3205 428 3233 eo
462 3194 639 3234 nomine
674 3200 822 3236 notata
854 3202 1132 3248 opponuntur

254 3251 373 3292 veris
406 3252 533 3293 modo
568 3255 933 3296 commemoratis.

341 3310 532 3364 ipsorum
559 3313 770 3354 moribus.-
803 3314 842 3355 M
876 3314 1003 3355 offert
1034 3328 1132 3356 ma-

252 3369 427 3410 ioribus.
444 3369 619 3412 Codicis
632 3374 888 3426 scripturam
908 3373 1131 3415 vindicare

253 3439 349 3468 cum
384 3428 575 3472 Pichena
609 3437 652 3472 et
673 3431 899 3475 Waltheio
925 3432 1126 3489 equidem

252 3497 339 3526 non
373 3489 533 3539 ausim,
577 3502 671 3531 cum
705 3504 868 3546 quaes
849 3498 950 3533 sunt
982 3492 1127 3534 aliena

252 3544 511 3598 maioribus,
552 3550 793 3592 minmibus
828 3554 996 3606 possint
1027 3551 1127 3606 pla-

254 3616 368 3646 cere
431 3603 582 3662 Itaque
615 3610 651 3650 si
676 3609 847 3654 lacitus
879 3613 1128 3667 scripsisset

250 3664 497 3717 maioribus,
520 3665 812 3710 adiiciendum
834 3677 926 3712 erat
944 3671 1124 3727 aliquid,

490 2162 611 2212 Eius
650 2162 780 2213 filius
821 2163 1088 2228 Artaxias,
1151 2166 1394 2217 memoria
1447 2167 1603 2232 patris
1648 2167 1797 2219 nobis
1847 2167 2094 2234 infensuS,

1669 2260 1857 2311 Occiso
1886 2260 2097 2312 Artaxia

1464 2432 1505 2475 9.
1540 2440 1697 2475 vertam
1726 2433 1795 2475 bis
1823 2433 1880 2486 Μ,
1912 2433 2096 2476 alterum

1668 2494 1735 2535 13.
1770 2493 2004 2536 ‚rectioribus
2030 2494 2095 2536 M:

1222 2551 1288 2593 15.
1334 2558 1434 2607 aput
1466 2551 1520 2593 Μ.
1680 2552 1746 2595 17.
1774 2553 2008 2609 pathorum
2040 2553 2094 2596 Μ.

1217 2781 1332 2823 unde
1354 2783 1563 2823 maiorum
1587 2782 1783 2824 aemulos
1803 2795 1900 2825 esse
1916 2783 2096 2824 Parthos

1215 2841 1418 2896 liqueret.
1466 2842 1650 2883 Maxime
1674 2847 1820 2884 autem
1847 2855 1917 2885 me
1948 2849 2098 2884 movet

1214 2901 1267 2942 ad
1277 2901 1462 2942 maiores
1471 2901 1820 2944 exterminandos
1829 2901 1946 2957 quod
1954 2915 2097 2944 enun-

1216 2962 1323 3002 tiato
1342 2968 1382 3002 et
1400 2961 1501 3015 qui-a
1521 2962 1710 3016 ipsorum
1725 2961 1914 3003 moribus
1930 2961 2095 3017 aliena,

1211 3020 1395 3075 perinde
1440 3020 1582 3061 odium
1618 3022 1768 3076 pravis
1817 3028 1856 3063 et
1894 3020 2094 3076 honestis,

1217 3079 1529 3132 praecedentia
1561 3079 1637 3121 illa
1669 3081 1744 3121 sed
1773 3081 1961 3136 prompti
1994 3082 2095 3123 adi-

1216 3145 1294 3189 tus,
1331 3138 1455 3179 obvia
1487 3139 1683 3190 comitas,
1716 3139 1891 3194 ignotae
1923 3138 2094 3182 Parthis

1215 3198 1404 3247 virtutes,
1437 3211 1551 3238 nova
1581 3198 1701 3248 vitia,
1741 3198 2018 3252 explicantur
2051 3205 2095 3241 et

1216 3256 1515 3299 illustrantur:
1558 3257 1601 3297 in
1641 3256 1709 3297 his
1750 3258 1866 3300 enim
1898 3270 1987 3299 non
2019 3261 2094 3315 qui

1215 3317 1426 3357 maiorum
1459 3315 1536 3358 sed
1570 3315 1793 3358 hominum
1825 3318 1910 3359 iam
1930 3319 2094 3360 viven-

1215 3376 1321 3416 tium
1355 3387 1447 3417 mos
1482 3380 1526 3417 et
1559 3377 1783 3430 persuasio
1818 3376 1979 3428 suerit,
2012 3377 2093 3419 de..

1218 3434 1418 3477 claratur.

1304 3493 1407 3549 Cap.
1442 3495 1484 3537 3.
1549 3493 1663 3550 apud
1702 3494 1854 3536 Dahas
1893 3493 2091 3536 adultus.-

1214 3553 1365 3595 Dahae
1400 3553 1582 3596 Caucasi
1615 3555 1772 3595 montis
1804 3552 2000 3606 incolae,
2037 3566 2092 3595 ex

1214 3620 1348 3669 gente
1381 3613 1638 3667 Scytharum
1670 3612 1950 3669 (Danistan),
2002 3625 2089 3655 nou

1212 3672 1364 3726 procul
1400 3686 1424 3714 a
1455 3672 1561 3713 mari
1595 3669 1751 3726 Caspio
1786 3672 1920 3714 vicini
1940 3671 2088 3717 Sacis:
