2280 4004
260 261 351 315 '1³8
1003 273 1006 275 ’
1034 270 1329 321 ANNALlw

1825 272 1946 329 arth}
1970 271 2079 340 809·

262 419 535 482 certamen,
573 414 707 483 quod
744 414 1073 468 immodestos
1110 417 1334 470 fautores
1369 417 1667 471 histrionum
1697 424 1748 473 et
1783 435 1813 473 a
1847 417 2085 488 pum
2117 432 2120 433 ’

258 507 313 560 in
363 507 532 560 vinela
582 506 762 557 ductos
815 508 1046 560 tribunus
1107 510 1267 563 omitti
1322 510 1574 564 iussisset.
1670 496 2084 582 comprobavere

258 602 456 665 patres,
495 597 724 648 incusata
760 599 968 651 Antistii
1004 600 1226 652 licentia.
1299 602 1456 655 Simul
1504 602 1746 669 prohibiti
1782 587 2093 673 tribunitius

256 691 547 754 praetorum
580 693 633 740 et
669 690 930 743 consulum
966 693 1286 760 praeripere,
1347 699 1432 746 aut
1466 707 1657 748 vocare
1695 712 1760 749 ex
1791 697 1938 749 ltalia·
1968 707 2084 752 eum

221 779 439 846 aquibus
478 779 596 848 lege
636 782 721 849 agi
754 788 944 849 posset.
1017 765 1230 836 Addidit
1253 786 1438 841 Lucius
1466 787 1579 840 Piso
1618 788 1915 857 designatus
1954 796 2086 842 con-4

256 871 335 924 sul
373 885 439 924 ne
490 871 612 938 quid
665 872 796 926 intra
850 875 1052 927 domum
1108 891 1200 943 pro
1251 883 1502 944 potestate
1541 879 1896 947 adverterent,
1954 894 2086 933 neve

255 962 458 1017 multam
500 965 563 1018 ab
611 965 674 1019 iis
726 966 911 1020 dictam
947 973 1247 1036 quaestores
1299 970 1487 1023 aerarii
1525 971 1578 1024 in
1622 972 1852 1039 publicas
1886 972 2085 1026 tubulas

256 1061 374 1107 ante
425 1061 662 1122 quattuor
714 1072 917 1111 menses
955 1056 1210 1112 referrent
1221 1079 1236 1126 3
1296 1062 1465 1114 medio
1505 1064 1747 1130 temporis
1785 1069 1964 1117 contra
2002 1063 2088 1117 di·—

258 1161 378 1199 cere
413 1146 608 1214 liceret,
645 1149 809 1217 deque
846 1166 909 1203 eo
939 1152 1174 1204 consules
1212 1157 1506 1206 statuerent.
1581 1154 1815 1207 cohibita
1845 1155 2003 1208 artius
2035 1159 2088 1210 et

191 1237 494 1291 neaedilium
527 1243 769 1307 potestas,
803 1247 1138 1311 statutumque
1173 1249 1411 1311 quantum
1442 1241 1661 1312 curules,
1701 1251 1939 1314 quantum
1974 1247 2088 1314 ple-

256 1330 343 1383 bei
379 1330 615 1399 pignoris
665 1339 905 1400 cuperent
945 1335 1028 1387 vel
1087 1350 1286 1402 poenae
1326 1340 1640 1405 inrogarent.
1711 1336 1787 1390 Eo
1822 1337 2086 1391 Helvidius

254 1422 456 1477 Priscus
492 1425 722 1477 tribunus
756 1425 918 1493 plebis
955 1427 1204 1480 adversus
1234 1428 1586 1481 Obultronium
1619 1429 1861 1483 Sabinum
1900 1428 2086 1482 aerarii

258 1594 260 1596 ’
374 1581 412 1622 1.
445 1579 548 1623 inm.
582 1575 662 1628 Ma.
754 1584 797 1629 2.
831 1595 980 1640 conpr.
1004 1582 1083 1627 Ma.
1177 1582 1221 1627 4.
1256 1598 1341 1627 cos.
1365 1582 1446 1627 Ma.
1545 1583 1586 1627 5.
1622 1583 1674 1628 L.
1707 1582 1790 1642 Ma.
1881 1595 1968 1634 eos.
2001 1581 2102 1634 11⁸.

254 1640 295 1682 7.
329 1639 394 1682 his
414 1637 529 1683 GMR.
625 1642 763 1684 erarii
783 1641 862 1686 Ma.
965 1643 1006 1686 9.
1043 1657 1128 1686 cos.
1165 1655 1262 1685 cum
1295 1644 1372 1688 lin.
1404 1642 1485 1686 ΜΒ.
1589 1644 1726 1697 artius
1745 1641 1826 1698 Μ’,
1858 1644 2006 1695 arcius
2034 1643 2085 1688 G.

255 1700 324 1805 ἐξ.
357 1707 616 1817 ἷῑαιῖἳηᾳῇιιὶ,
649 1715 702 1744 ex
735 1715 846 1746 corr.
879 1702 1026 1746 addito
1060 1711 1127 1757 tu,
1160 1702 1240 1747 Ma.
1356 1705 1424 1747 11.
1454 1712 1627 1773 patenae
1657 1700 1739 1747 ΜΕ.
1892 1701 1976 1748 tn.
2008 1700 2083 1750 Or.

321 1888 426 1945 Cap.
457 1892 528 1936 28.
594 1891 925 1948 comprehavere
947 1897 1122 1950 patres.-
1203 1858 1531 1949 praefecturam
1560 1902 1722 1948 quoque
1748 1857 2083 1949 praesui-testas-

250 1955 396 2008 patres
428 1957 674 2006 praetorem
706 1957 827 1994 reete
851 1951 1029 2006 fecisse,
1063 1953 1123 1994 li..

252 2009 650 2053 centerAnttstium
673 2011 980 2055 decreverunt.
1009 2013 1124 2054 Ver-

249 2070 306 2114 ba
327 2072 527 2113 incusata
545 2071 722 2113 Antistii
747 2071 926 2114 lieentia
947 2071 1123 2114 modum

251 2130 562 2185 comprobandi
598 2131 826 2174 definiunt.
936 2146 992 2173 ne
1025 2132 1125 2188 quid

250 2214 307 2223 -—-
340 2190 640 2232 adverterent.-
672 2191 854 2233 formam
872 2191 1021 2233 Tacito
1046 2203 1123 2233 so-

250 2250 372 2293 litam
407 2257 449 2292 et
479 2251 524 2291 in
555 2249 622 2292 Ma
652 2256 869 2293 servatam
901 2252 1125 2294 recentior

251 2309 286 2351 G
315 2311 500 2352 mutavit
526 2311 572 2351 in
597 2311 1018 2353 animadverterent:
1046 2311 1124 2353 sed

249 2368 442 2411 'Tacitum
492 2370 568 2411 ubi
611 2369 665 2412 de
706 2370 930 2425 puniendo
979 2383 1122 2412 sermo

251 2434 319 2471 est
365 2442 531 2484 ponere
590 2436 841 2474 constanter
898 2430 1123 2473 advertere

250 2494 373 2531 recte
402 2489 656 2532 Waltherus
688 2491 858 2532 monuit
890 2503 1120 2545 eompara-

249 2550 305 2590 tis
336 2549 446 2590 locis
488 2549 525 2590 ll
564 2551 646 2601 32,
694 2550 752 2591 III
786 2551 867 2602 52,
900 2549 961 2591 IV
990 2551 1046 2592 35
1081 2555 1125 2591 et

251 2608 322 2659 54,
361 2609 396 2649 V
430 2609 471 2660 9,
508 2607 565 2649 Vl
597 2608 670 2660 40,
704 2610 876 2650 adiecto
912 2621 999 2649 non
1021 2615 1123 2663 apte

248 2666 326 2709 XII
357 2667 409 2709 51
445 2668 682 2723 spirantem
704 2693 760 2700 —
783 2669 1006 2709 advertere
1034 2681 1122 2724 pa-

248 2732 411 2768 stores:
463 2739 561 2768 nam
614 2726 675 2768 ibi
730 2733 798 2770 est
849 2727 1097 2783 conspicari
1107 2741 1123 2779 3

249 2785 355 2828 huic
396 2792 540 2828 autem
595 2787 904 2842 exprimendae
952 2787 1121 2827 notioni

248 2851 294 2888 et
327 2851 544 2901 cognatae
575 2846 818 2904 intelliqere
851 2853 937 2888 tam
965 2847 1122 2888 adver-

249 2912 338 2948 tere
382 2917 508 2960 quam
561 2906 906 2948 animadvertere
951 2906 1122 2948 'Tacitus

249 2964 443 3018 adhibet,
476 2964 616 3007 veluti
634 2966 711 3006 XV
737 2967 815 3008 74:
848 2967 896 3008 in
917 2979 1123 3022 praesens

247 3023 366 3067 haud
399 3024 758 3067 animadversum.

324 3091 497 3139 ayeret:
531 3083 574 3127 h.
596 3098 635 3127 e.
668 3090 901 3126 emerceret.
951 3083 1123 3139 Auyere

248 3144 316 3185 ius
351 3143 502 3186 hastae
536 3150 602 3186 est
628 3157 854 3186 numerum
876 3145 1121 3185 sectionum

248 3216 441 3259 augere3
499 3204 704 3246 Helvidio
753 3208 898 3245 autem
945 3215 1031 3244 non
1081 3203 1123 3244 id

249 3275 382 3305 curae
438 3269 555 3316 erat,
614 3264 805 3320 quotiens
854 3264 922 3304 ius
972 3262 1123 3304 hastae

250 3329 562 3376 exerceretur,
629 3323 708 3365 sed
759 3322 975 3379 quomodo.
1041 3322 1123 3374 Qui

249 3381 450 3424 dictitant
490 3384 556 3424 ius
606 3382 756 3424 hastae
798 3396 958 3438 anyere
1008 3382 1121 3423 idem

252 3455 350 3483 esse
402 3455 451 3483 ac
507 3444 573 3484 ius
628 3442 801 3498 legibus
857 3443 1121 3495 descriptum

253 3502 486 3552 excedere,
511 3503 539 3543 ii
565 3502 750 3542 doceant
777 3502 909 3543 velini
944 3502 1123 3542 verbum

253 3574 412 3615 aetyere
444 3573 632 3617 unquam
668 3574 719 3601 eo
759 3562 1006 3617 significatu
1040 3573 1123 3615 po-

253 3620 383 3659 situm
418 3632 529 3662 esse.
598 3618 758 3661 Contra
798 3635 928 3675 affere
961 3622 1124 3675 optime

255 3689 303 3719 se
347 3677 491 3720 habet.
557 3677 683 3722 Cous.
729 3681 908 3724 Sueton.
954 3681 1034 3722 Tit.
1070 3679 1122 3721 ὃς

1210 1954 1343 2009 cepit,
1388 1975 1445 1984 --·
1474 1952 1640 2006 eyitque
1670 1950 1893 2007 aliquanto
1922 1939 2085 1995 {netoi-

1209 2013 1292 2054 lius
1302 2027 1318 2065 ‚·
1349 2011 1465 2053 idem
1487 2009 1639 2054 Claud.
1677 2011 1758 2055 182
1788 2010 1910 2054 urbis
1938 2011 2085 2054 ansts-

1207 2084 1373 2126 naeque
1404 2083 1554 2113 curam
1583 2070 1888 2114 sollicitissime
1919 2083 2085 2130 semper

1211 2133 1306 2189 eqit.
1374 2129 1441 2173 Cf.
1474 2130 1617 2173 Tiber.
1650 2132 1724 2175 24.

1308 2189 1413 2245 Cap.
1466 2190 1538 2234 29.
1612 2200 1715 2233 nam
1764 2189 1980 2247 Anyustus
2027 2208 2084 2224 ⁶—-

1200 2253 1470 2308 praefectos:
1497 2260 1582 2305 quo
1606 2261 1720 2291 anno
1744 2248 1830 2292 hoe
1851 2248 2085 2293 instituere

1210 2311 1436 2367 Augustus
1470 2310 1669 2364 coeperit
1703 2308 1876 2351 definiri
1915 2310 2083 2366 nequit.

1208 2368 1317 2411 Cum
1349 2369 1427 2411 ille
1461 2368 1572 2411 haec
1592 2368 1789 2422 novavit,
1825 2374 2080 2425 quaestores

1206 2430 1375 2471 aerario
1408 2429 1650 2485 praepositi
1682 2434 1828 2482 erant,
1875 2439 1963 2470 non
2004 2441 2086 2471 ae-

1207 2488 1318 2531 diles
1337 2521 1348 2541 ‚
1411 2488 1526 2543 quod
1586 2487 1761 2542 Lipsius
1817 2488 2086 2531 existimavit

1205 2547 1361 2589 Dionis
1394 2547 1541 2589 verbis
1575 2546 1831 2604 (XL11148)
1866 2546 1980 2589 falso
2011 2547 2084 2589 in-

1206 2607 1400 2648 tellectis
1454 2606 1499 2646 in
1551 2617 1739 2648 excursu
1768 2605 1846 2647 -ad
1886 2605 1963 2649 lib.
2013 2608 2082 2650 13.

1205 2667 1289 2709 Dio
1334 2671 1376 2707 et
1421 2665 1656 2707 Suetonius
1704 2665 1821 2707 hunc
1852 2665 2079 2722 deligendi

1205 2725 1455 2781 praefectos
1477 2726 1634 2767 aerarii
1653 2735 1819 2766 morem
1838 2727 2082 2767 memorare

1206 2791 1280 2827 aut
1330 2784 1460 2825 obliti
1500 2789 1602 2826 sunt
1651 2788 1726 2826 aut
1768 2783 2081 2840 neglexerunt,

1207 2845 1404 2887 contenti
1438 2842 1622 2885 alterum
1645 2844 1834 2900 Augusti
1856 2843 2082 2886 decretum

1205 2904 1431 2947 rettulisse
1452 2935 1464 2955 ,
1521 2907 1570 2944 ut
1621 2904 1765 2945 statim
1820 2900 2081 2946 videbimus.

1206 2964 1341 3019 Lipsii
1385 2973 1507 3005 error
1549 2963 1712 3017 duplex
1761 2965 1849 3015 est,
1897 2963 2082 3017 primum

1207 3025 1323 3079 quod
1366 3036 1421 3064 ex
1470 3021 1538 3063 his
1582 3022 1738 3063 Dionis
1772 3021 1920 3064 verbis
1954 3024 2004 3067 ἔν
2038 3021 2079 3067 δ’

1208 3079 1292 3128 οὖν
1324 3082 1388 3137 τῷ
1427 3083 1518 3126 ἔτει
1551 3083 1710 3141 ἐκείνῳ
1745 3081 1858 3135 (709
1877 3092 1917 3122 u.
1940 3085 2082 3140 u.)—

1208 3145 1285 3187 ἐπὶ
1320 3142 1397 3195 τῆς
1429 3141 1703 3193 διοικήσεως
1738 3140 1822 3185 δύο
1853 3140 1949 3185 τῶν
1993 3154 2081 3182 πο-

1206 3201 1575 3260 λιανομούντων,
1611 3193 1771 3253 cnudo}
1803 3203 1976 3258 ταμίας
2000 3201 2082 3244 οὐ-

1209 3263 1303 3311 δεὶς
1340 3258 1806 3317 προκεχειροτόνηιο,
1841 3261 2082 3316 ἐγένοντο,

1208 3319 1370 3363 aediles
1388 3318 1595 3374 sumpsit:
1629 3321 1759 3360 immo
1777 3318 1844 3360 illi
1866 3318 2079 3373 praefecti

1207 3382 1291 3422 duo
1324 3380 1479 3421 aerarii
1505 3392 1558 3420 ex
1579 3391 1761 3420 numero
1782 3390 1931 3420 eorum
1958 3381 2079 3419 erunt

1207 3453 1316 3496 quos
1349 3438 1485 3480 lulius
1519 3436 1693 3490 Caesar,
1725 3450 1820 3479 cum
1854 3438 1897 3478 in
1919 3436 2077 3489 Hispa-

1207 3503 1321 3541 niam
1347 3497 1711 3553 proficisceretur,
1733 3495 1937 3538 custodes
1957 3494 2076 3535 urbis

1209 3557 1673 3614 (πολιανομοὸντας)
1693 3569 1787 3597 curn
1815 3552 1979 3608 Lepido
2003 3566 2077 3595 re-

1209 3619 1398 3675 liquerat
1430 3620 1497 3671 (v.
1532 3616 1615 3657 Dio
1647 3613 1779 3657 XLIII
1805 3613 1902 3675 28),
1934 3612 2077 3669 iisque

1208 3678 1285 3722 illa
1318 3690 1422 3723 cura.
1454 3676 1608 3719 aerarii
1650 3681 1773 3718 extra
1808 3671 2001 3716 ordinem
2032 3673 2076 3716 in
