2280 4004
220 248 255 283 a⁴
280 237 331 283 C.
365 237 439 283 33.
810 237 974 283 LIBER
1004 240 1079 284 vi.
1143 239 1249 284 CAr.
1283 240 1474 286 24—27.

1957 245 2045 288 341

219 382 432 448 inlaeSO,
462 383 714 435 moriendi
743 383 1007 436 consilium
1047 384 1193 451 cepit.
1269 384 1416 446 Quod
1449 388 1503 436 ut
1523 384 1726 437 Tiberio
1766 385 2042 453 cognitum,

219 474 485 538 adsidere,
540 490 718 526 causas
759 475 1052 541 requirere,
1104 475 1296 531 addere
1333 491 1544 542 preceS,
1606 476 1752 528 fateri
1786 482 2043 542 postremo

217 579 377 632 grave
417 565 780 628 conscientiae,
817 580 976 632 grave
1006 566 1170 619 famae
1208 581 1348 631 suae,
1387 567 1431 618 si
1468 566 1726 632 proximus
1767 567 2043 619 amicorum

217 653 365 707 nullis
393 655 644 706 moriendi
674 655 954 706 rationibus
980 656 1131 707 vit-am
1161 657 1376 723 fugeret.
1450 657 1728 708 Aversatus
1755 673 2041 710 sermonem

215 746 411 810 Nerva,
463 745 815 797 abstinentiam
859 746 957 796 cibi
995 746 1269 797 coniunxit.
1366 748 1616 799 Ferebant
1652 749 1798 816 gnari
1839 749 2079 816 cogita-15

171 885 173 887 ,
217 835 405 887 tionum
443 835 568 899 eiuS,
609 841 795 900 quanto
831 838 1037 902 propius
1074 837 1203 888 mala
1241 837 1316 889 rei
1350 838 1583 903 publicae
1620 839 1836 903 viseret,
1876 839 1950 890 ira
1991 845 2041 891 et

216 931 364 1002 metu,
405 926 520 978 dum
549 926 749 992 integer
778 926 892 977 dum
932 927 1268 993 intemptatus,
1303 929 1570 979 honestum
1609 929 1758 980 finem
1798 929 2043 987 voluisse.

354 1016 586 1069 Ceterum
627 1017 943 1083 Agrippinae
979 1019 1252 1083 pernicieS,
1296 1019 1429 1084 quod
1467 1019 1554 1069 vix
1592 1019 1852 1083 credibile,
1894 1021 2044 1071 Plau-

215 1107 376 1158 cinam
412 1107 575 1158 traxit.
649 1107 808 1173 Nupta
849 1108 967 1158 olim
1006 1109 1181 1159 Gnaeo
1218 1108 1385 1159 Pisoni
1429 1114 1480 1160 et
1513 1108 1675 1174 palam
1710 1109 1840 1160 laeta
1881 1116 2042 1160 morte

214 1197 530 1262 Germanici,
563 1214 683 1249 ⁴cum
714 1199 827 1250 Piso
872 1199 1109 1264 caderet,
1166 1201 1404 1265 precibus
1446 1201 1710 1268 Augustae
1746 1215 1842 1252 nec
1878 1202 2041 1253 minus
2059 1212 2107 1251 to

212 1288 488 1340 inimicitiis
524 1290 838 1356 Agrippinae
877 1290 1088 1342 defensa
1129 1295 1252 1342 erat.
1329 1292 1390 1342 Ut
1427 1291 1598 1342 odium
1656 1296 1706 1342 et
1740 1292 1905 1358 gratia
1948 1292 2044 1343 de-

212 1380 365 1445 siere,
406 1380 483 1432 ius
518 1381 699 1444 valuit3
733 1381 987 1448 petitaque
1022 1382 1317 1434 criminibus
1355 1382 1488 1433 haud
1525 1383 1734 1450 ignotiS,
1768 1397 1859 1434 sua
1895 1398 2044 1434 manu

212 1485 329 1524 sera
366 1471 528 1540 magis
565 1487 713 1538 quam
750 1471 1004 1524 immerita
1042 1472 1287 1538 supplicia
1324 1473 1586 1538 persolvit.

354 1563 445 1614 Tot
494 1562 710 1614 luctibus
763 1563 961 1615 funesta
1017 1563 1220 1615 civitate
1285 1579 1403 1630 pars
1460 1565 1708 1616 maeroris
1765 1564 1859 1615 suit
1892 1564 2044 1630 quod

213 1652 346 1705 Iulia.
370 1653 521 1704 Drusi
559 1653 678 1717 filia,
723 1654 975 1719 quondam
1017 1655 1237 1707 Neronis
1274 1670 1430 1720 uxor,
1476 1655 1711 1721 denupsit
1748 1655 1800 1705 in
1840 1655 2041 1706 domum
2060 1665 2106 1702 ιε

212 1743 427 1797 Rubellii
476 1743 685 1809 Blandi,
766 1745 908 1796 cuius
968 1761 1116 1798 avum
1179 1745 1434 1798 Tiburtem
1494 1746 1712 1812 equitem
1764 1747 2041 1798 Romanum

214 1834 442 1902 plerique
478 1835 827 1887 meminerant.

354 1926 592 1979 Extremo
634 1927 752 1978 anni
786 1941 925 1979 mors
969 1926 1104 1979 Aelii
1142 1927 1346 1979 Lamiae
1394 1927 1574 1979 funere
1624 1926 1862 1979 censorio
1905 1926 2044 1978 cele-

215 2019 389 2081 brata,
447 2018 532 2083 qui
582 2018 1013 2070 administrandae
1049 2018 1228 2085 Syriae
1280 2018 1504 2084 imagine
1549 2018 1751 2070 tandem
1811 2018 2043 2070 exolutus

128 1572 197 1620 27

1384 2186 1426 2227 9.
1464 2183 1555 2226 CN.
1592 2184 1648 2227 M.

1222 2244 1352 2286 exsul.
1391 2242 1462 2286 Or.

333 2185 375 2227 2.
405 2197 505 2239 pces
539 2197 635 2225 cum
668 2184 744 2226 lin.
779 2185 834 2227 Μ.

926 2184 969 2226 8.
1000 2185 1219 2240 permities
1253 2184 1306 2226 M.

217 2241 270 2284 Μ.
372 2243 438 2285 13.
471 2243 574 2284 inm.
609 2243 662 2285 Μ.

1714 2185 1781 2227 10.
1811 2184 2041 2241 praecibus

759 2243 827 2287 19.
861 2243 1022 2285 Suriae
1056 2244 1128 2286 Or.

219 2384 296 2426 XV
328 2384 400 2427 41.
434 2382 528 2425 fl.1
560 2385 630 2427 27.
693 2384 835 2427 Aliter
857 2386 972 2441 quod
1006 2399 1086 2427 usu

217 2443 363 2484 tritum
398 2448 490 2485 erat
522 2444 728 2497 evitavit,
776 2458 871 2486 cum
914 2446 1088 2499 scripsit

219 2501 294 2544 xu
334 2501 391 2545 69
436 2509 536 2543 tunc
576 2503 712 2544 medio
760 2504 869 2557 diei,
919 2506 1089 2546 tertium

219 2569 318 2604 ante
342 2561 435 2602 idas
460 2562 677 2604 Octobris:
710 2576 807 2604 nam
829 2563 913 2605 hoc
940 2562 1087 2606 Theo-

220 2622 340 2663 disce
370 2621 544 2664 estrclen
576 2622 734 2664 dritten
755 2622 913 2664 vorher
944 2623 1006 2664 bis
1037 2637 1089 2664 zu

222 2681 304 2722 den
328 2679 654 2723 october-Idus.
718 2680 951 2723 Oberlinus
976 2682 1087 2724 falso

223 2739 368 2781 attulit
400 2739 450 2780 ll.
484 2738 500 2780 1
537 2740 615 2782 18:
662 2753 760 2782 nam
800 2741 859 2782 ibi
894 2747 1092 2796 quartam

226 2798 317 2839 idus
336 2798 570 2838 Ianuarias
601 2812 624 2839 a
659 2799 794 2840 verbo
816 2800 1094 2841 turbaverant

227 2856 391 2910 pendit.
443 2855 568 2898 Gonf.
601 2864 750 2899 annot.
784 2858 838 2899 ad
871 2859 928 2900 vl
961 2859 1032 2902 50.

320 2913 425 2967 Gap.
470 2914 541 2956 26.
613 2918 838 2957 continuus
875 2917 1091 2972 principi:

229 2972 344 3027 quod
374 2973 424 3014 N.
459 2971 662 3016 Heinsius
702 2973 951 3018 dubitanter
989 2988 1095 3030 pro-

231 3031 376 3085 posuit
414 3032 605 3087 principi
645 3046 723 3087 pro
765 3034 923 3076 tradito
963 3036 1094 3091 prin-

231 3091 351 3145 cipis,
385 3088 468 3132 hoc
487 3092 716 3134 verissime
736 3094 962 3135 inventum
988 3093 1092 3135 mihi

231 3148 418 3191 videtur.
497 3149 600 3191 Nam
634 3152 858 3194 continuus
887 3153 1096 3208 principis

232 3213 334 3247 tunc
377 3207 489 3248 bene
529 3221 587 3250 se.
611 3209 816 3263 haberet,
865 3213 900 3252 si
935 3224 1091 3252 nomen

232 3266 457 3307 continuus
479 3278 556 3319 per
586 3280 634 3308 se
665 3276 882 3311 constaret
902 3276 944 3311 et
969 3269 1093 3311 adie-

233 3331 302 3366 cto
326 3325 523 3379 genitivo
548 3328 720 3367 nonnisi
753 3330 912 3369 certius
936 3328 1094 3368 defini-

232 3389 365 3435 retur,
397 3388 444 3423 ut
474 3390 591 3425 vetus
620 3385 742 3437 iuris,
774 3394 890 3428 velus
918 3387 1094 3437 laboris,

233 3449 293 3485 ut.
318 3447 434 3483 esset
483 3456 566 3484 von
610 3444 755 3485 Seiten
804 3445 875 3486 des
917 3444 1096 3485 Kaisers

232 3501 540 3556 forfflauemd,
589 3502 629 3543 id
671 3502 785 3558 quod
825 3502 877 3545 ad
909 3509 1095 3544 ceteram

234 3562 492 3603 sententiam
563 3562 740 3604 minime
811 3569 956 3617 aptum
1018 3567 1097 3604 est.

235 3618 612 3663 lmmo¹coneimms
634 3621 826 3678 principi
856 3634 983 3664 unam
1017 3634 1099 3663 no-

1170 2388 1334 2427 tionem
1369 2386 1522 2437 efficit,
1556 2390 1602 2425 ut
1628 2385 1884 2426 indiscretus
1913 2386 2041 2440 prin-

1173 2446 1258 2501 cipi
1291 2445 1431 2500 (conf.
1469 2444 1517 2485 ll.
1553 2443 1613 2485 IV
1656 2444 1713 2487 52
1743 2458 1863 2485 suum
1893 2445 2042 2499 cuique

1171 2505 1423 2559 sanquinem
1439 2503 1750 2554 indiscretum),
1773 2503 1865 2543 dem
1884 2502 2044 2545 Kaisar

1171 2565 1322 2605 immer
1359 2578 1435 2604 zur
1464 2564 1594 2604 Seite.
1666 2562 1817 2603 Scriba
1857 2562 1955 2603 libri
2004 2562 2042 2603 M

1167 2622 1421 2664 sibilantem
1445 2621 1633 2663 litteram
1660 2635 1714 2663 ex
1746 2633 1788 2663 v.
1818 2622 2043 2662 continuus

1175 2683 1306 2724 etiam
1356 2681 1640 2737 subsequenti
1696 2679 1913 2722 vocabulo
1961 2693 2042 2734 ap-

1175 2741 1345 2796 plicuit.

1264 2800 1462 2854 serebant
1484 2799 1615 2854 quari
1628 2799 1816 2852 —finem
1838 2797 2018 2838 voluisse
2031 2811 2044 2837 .·

1176 2871 1370 2915 agnosce
1430 2857 1669 2911 δεινότητα
1722 2856 2040 2898 Cornelianam.

1175 2917 1383 2959 Nimirum
1409 2929 1496 2957 non
1519 2916 1685 2972 flagitia
1708 2917 1933 2970 principis,
1956 2927 2043 2955 non

1177 2977 1370 3018 facinora
1395 2977 1646 3028 amicorum,
1677 2988 1763 3016 non
1794 2974 1939 3015 clades
1974 2975 2043 3014 in-

1177 3036 1420 3087 noxiorum,
1452 3047 1540 3076 non
1571 3034 1844 3076 adulationes
1876 3039 2041 3085 patrum

1178 3094 1338 3136 clarius
1365 3094 1557 3135 indicant
1576 3094 1847 3134 atrocitatem
1872 3096 2043 3143 tempo-

1178 3166 1268 3193 rum
1319 3159 1362 3195 et
1418 3153 1767 3205 desperationem
1816 3149 2042 3197 bonorum,

1178 3224 1305 3266 quam
1349 3210 1432 3250 hoc
1473 3211 1555 3251 viri
1610 3208 1770 3249 nobilis
1814 3206 2043 3247 consilium

1179 3271 1352 3324 integro
1374 3275 1486 3308 statu
1522 3273 1692 3321 captum
1726 3273 1769 3306 et
1790 3265 1961 3306 sortiter
1993 3265 2045 3305 ad

1181 3328 1308 3368 linem
1331 3326 1601 3381 perductum.
1652 3325 1814 3366 Similis
1835 3329 1899 3364 est
1923 3323 2045 3365 locus

1182 3393 1225 3428 et
1257 3386 1402 3426 lumen
1439 3385 1494 3426 VI
1525 3384 1714 3427 47—48.

1235 3444 1433 3500 precibus
1449 3444 1690 3500 Auqustae:
1716 3442 1768 3483 (le
1792 3442 1859 3482 his
1882 3441 1939 3483 ΙΙΙ
1978 3441 2043 3483 17.

1270 3502 1374 3556 Cap.
1404 3504 1475 3547 27.
1538 3509 1724 3544 extremo
1757 3501 1894 3542 aviiii:
1927 3500 2045 3542 conf.

1182 3562 1235 3603 ad
1268 3562 1284 3603 1
1317 3563 1389 3605 53.
1490 3561 1858 3603 administrandae
1892 3560 2046 3615 Syriae

1183 3622 1396 3678 im-aqafne:
1431 3634 1473 3664 v.
1500 3620 1515 3662 1
1548 3620 1607 3665 80
1639 3634 1734 3663 cum
1770 3625 1916 3662 annot.
