2280 4004
237 326 262 354 a
296 311 343 354 G.
378 313 449 356 65.

242 471 339 508 neo
380 456 475 507 sibi
511 461 789 522 promptum
830 457 881 505 in
915 456 1230 506 adulationes
1270 454 1545 521 ingenium.

819 311 984 354 LIBER
1016 312 1107 354 XV.
1173 309 1279 353 CAP.
1313 310 1505 354 60—62.

1979 306 2067 349 299

1616 454 1770 519 quue
1812 451 1932 502 nulli
1960 467 2072 503 ma-

247 548 328 614 gis
366 561 578 614 gnarum
615 563 759 613 quam
781 548 988 611 Neroni,
1029 547 1111 612 qui
1151 547 1351 612 saepius
1376 547 1657 596 libertatem
1677 545 1902 597 Senecae
1925 557 2071 609 quam

247 639 504 690 servitium
563 644 800 704 expertus
862 643 1013 689 esset.

1089 639 1182 689 Ubi
1228 638 1354 689 haec
1413 653 1440 688 a
1495 638 1697 688 tribuno
1746 637 1903 688 relata
1959 641 2075 688 sunt

242 730 469 795 Poppaea
503 735 552 781 et
593 730 841 797 Tigellino
883 745 1086 793 coram,
1141 730 1274 795 quod
1313 735 1421 781 erat
1454 730 1699 781 saevienti
1737 729 1952 795 principi
1991 729 2074 777 in·-

239 821 410 872 timum
449 822 794 886 consiliorum,
837 822 1120 888 interrogat
1158 837 1220 871 an
1258 822 1453 873 Seneca
1492 821 1826 871 voluntariam
1859 825 2113 871 mortem⁵

239 917 456 977 pararet.

243 1100 293 1146 et
326 1096 556 1147 indicere
594 1102 806 1148 mortem
849 1097 1063 1148 iubetur.

531 913 651 963 Tum
702 913 928 964 tribunus
984 912 1116 963 nulla
1159 913 1362 977 pavoris
1413 913 1590 978 signa,
1649 911 1773 961 nihil
1823 911 1965 962 triste
2021 912 2071 961 in

244 1003 417 1055 verbis
455 1005 564 1055 eius
605 1010 688 1055 aut
723 1002 864 1055 vultu
916 1005 1217 1069 deprensum
1274 1003 1603 1054 confirmavit.

1140 1096 1312 1146 Tradit
1363 1097 1546 1147 Fabius

1678 1004 1815 1070 Ergo
1869 1003 2074 1070 regredi

1598 1098 1832 1149 Rusticus
1872 1110 1974 1147 non
2013 1111 2074 1148 eo

245 1201 343 1252 quo
377 1193 590 1238 venerat
620 1189 802 1239 itinere
838 1189 1072 1251 reditum,
1113 1188 1203 1238 sed
1241 1188 1446 1239 flexisse
1484 1189 1547 1239 ad
1592 1189 1830 1239 Faenium
1866 1189 2076 1254 praefe-

243 1283 392 1343 ctum,
431 1284 481 1330 et
517 1280 760 1345 expositis
803 1280 1037 1331 Caesaris
1072 1279 1224 1329 iussis
1266 1295 1330 1330 an
1361 1280 1733 1344 obtemperaret
1785 1280 2144 1347 interroga—¹0

242 1370 397 1432 visse,
429 1371 771 1436 monitumque
800 1371 862 1421 ab
889 1386 949 1422 eo
981 1376 1035 1420 ut
1058 1372 1408 1436 exequeretur,
1446 1369 1585 1420 fatali
1606 1371 1826 1421 omnium
1851 1371 2070 1437 ignavia.

245 1461 369 1512 Nam
407 1465 457 1511 et
494 1461 724 1513 Silvanus
765 1462 896 1512 inter
936 1463 1228 1513 coniuratos
1269 1467 1392 1525 erat,
1436 1463 1754 1530 augebatque
1793 1463 1990 1513 scelera
2029 1461 2080 1511 in

252 1570 463 1621 quorum
513 1555 754 1608 ultionem
811 1561 1159 1607 consenserat.

1234 1556 1361 1607 Voci
1409 1560 1577 1606 tamen
1631 1560 1680 1606 et
1720 1556 1943 1622 aspectui
1990 1571 2083 1621 pe-

248 1650 428 1716 percit,
466 1650 840 1720 intromisitque
880 1654 942 1704 ad
978 1655 1224 1706 Senecam
1261 1663 1411 1701 unum
1455 1664 1518 1700 ex
1558 1648 1953 1712 centurionibus,
2000 1649 2083 1714 qui

162 1747 232 1793 62
253 1744 610 1796 necessitatem
661 1745 884 1796 ultimam
930 1745 1262 1797 denuntiaret.

1337 1744 1423 1794 Ille
1473 1742 1732 1794 interritus
1789 1742 1954 1808 poscit
2002 1745 2149 1792 te-15

257 1834 491 1888 stamenti
545 1837 775 1900 tabulas3
836 1854 897 1889 ac
955 1837 1241 1904 denegante
1312 1836 1609 1887 centurione
1677 1847 1957 1886 conversus
2019 1833 2081 1887 ad

251 1927 474 1992 amicOS,
529 1931 731 1995 quando
786 1930 978 1983 meritis
1022 1946 1196 1982 eorum
1232 1930 1428 1981 referre
1465 1929 1679 1997 gratiam
1711 1927 2080 1994 prohiberetur,

253 2018 389 2088 quod
432 2037 585 2074 unum
634 2024 733 2075 iam
792 2029 840 2075 et
892 2027 1059 2075 tamen
1106 2024 1495 2090 pulcherrimum
1545 2022 1757 2087 habeat,
1814 2021 2085 2089 imaginem

372 2169 415 2212 4.
447 2183 613 2225 poppea
645 2177 685 2212 et
717 2169 899 2225 tiyillino
934 2170 1012 2212 Ma.

1189 2172 1198 2181 .
1279 2171 1288 2180 .
1359 2168 1384 2196 a

250 2243 452 2283 prensum
474 2228 551 2281 Ma,
590 2230 895 2285 deprehensum
911 2228 958 2272 G.
1031 2230 1071 2273 9.
1106 2177 1288 2271 ἶῗιιίιὶῗῖιινξζ
1318 2170 1406 2271 illa}
1442 2227 1475 2271 G
1508 2230 1732 2271 redditum.

1492 2170 1535 2212 6.
1567 2169 1703 2211 nichil
1733 2167 1813 2211 Ma.
1934 2170 1975 2211 7.
2011 2169 2088 2210 de-

1814 2229 1880 2271 11.
1915 2231 2090 2271 ennium

254 2288 333 2331 Mn.
462 2290 529 2332 18.
560 2290 647 2330 iam
680 2296 719 2330 et
750 2296 891 2331 tamen
925 2287 1025 2331 GMa
1059 2295 1101 2331 et
1135 2290 1235 2331 alii:
1268 2291 1356 2332 iam
1389 2296 1531 2331 tamen
1564 2296 1602 2331 et
1631 2287 1683 2341 B,
1715 2289 1826 2341 iam,
1862 2295 2003 2330 tamen
2034 2289 2085 2330 A.

254 2347 411 2390 habeat
442 2348 537 2390 Ma:
569 2349 750 2391 habebat
789 2346 823 2391 G
855 2363 950 2391 cum
985 2349 1223 2405 plerisque.

258 2472 443 2513 Neroni.-
469 2472 673 2514 similiter
689 2472 903 2527 gloriatur
924 2473 976 2514 de
990 2471 1126 2515 Clem.

254 2530 360 2573 112:
390 2538 596 2586 parcetur
624 2532 776 2586 ubique
809 2532 1001 2573 manibus
1029 2534 1122 2574 tuis.

254 2590 425 2632 Diutius
456 2604 520 2631 me
546 2593 713 2632 morari
743 2592 813 2634 hic
842 2599 1007 2647 patere,
1040 2606 1126 2633 non

251 2657 296 2691 ut
329 2650 527 2691 blandum
562 2651 736 2692 auribus
771 2653 879 2693 tuis.-
908 2665 989 2692 nec
1016 2653 1127 2693 enim

251 2709 321 2750 hic
351 2710 681 2765 mihi'mosstst.
751 2709 980 2752 Maluerim
1012 2713 1124 2753 veris

251 2769 465 2823 offendere
505 2784 629 2823 quam
671 2770 845 2823 placere
891 2770 1122 2813 adulando.

249 2827 390 2870 Etiam
441 2828 525 2869 hoc
573 2830 617 2869 in
665 2828 864 2870 dulcibus
929 2830 1125 2871 Senecae

251 2889 372 2928 vitiis
406 2886 517 2942 quod
537 2889 734 2942 quamvis
769 2888 951 2929 blandus
985 2889 1125 2931 liber-

251 2946 351 2988 tatis
369 2948 561 3000 speciem
582 2960 685 3000 prae
718 2960 764 2988 se
796 2947 992 2989 ferebat:
1027 2962 1123 2989 nam

252 3020 275 3048 a
319 3005 540 3047 blanditiis
587 3019 672 3047 non
716 3006 885 3048 alienus
926 3008 1030 3059 fuit,
1073 3008 1124 3049 ab

252 3063 468 3107 adulando
501 3071 643 3106 tamen
678 3065 804 3107 liber.

340 3125 450 3178 quod
480 3132 573 3165 erat
603 3126 810 3167 saevienti
839 3126 1029 3180 principi
1053 3127 1126 3166 in..

254 3184 397 3224 timum
429 3183 726 3226 consiliorum.-
771 3186 971 3225 nimirum
1003 3186 1126 3237 prin-

255 3255 358 3295 ceps
400 3244 435 3283 si
484 3243 536 3283 ad
578 3244 858 3284 saeviendum
893 3242 1125 3284 inclinaret

254 3301 384 3355 idque
398 3314 528 3342 unum
544 3303 914 3354 circumspiceret,
929 3308 975 3343 ut
993 3316 1126 3344 saeva

255 3360 440 3401 consilia
476 3358 657 3401 aliorum
691 3373 871 3402 assensu
906 3361 1124 3414 approha-

256 3425 424 3471 rentur,
458 3424 546 3459 tum
579 3418 823 3473 Poppaeam
869 3426 911 3460 et
942 3419 1128 3476 Tigelli-

246 3491 380 3527 num,
443 3475 700 3519 deterrimos
753 3479 1030 3526 mortalium,
1080 3480 1121 3519 iu

256 3537 485 3579 consilium
519 3537 726 3580 adhibere
761 3539 912 3592 eisque
948 3539 1123 3579 intimos

255 3607 407 3638 sensus
452 3596 623 3650 aperire
670 3595 863 3646 solebat,
913 3595 965 3638 de
1015 3609 1124 3638 con-

255 3665 387 3697 sensu
444 3660 601 3697 certus.
665 3654 918 3708 Adina-are,
969 3653 1123 3708 lector,

254 3711 366 3758 hane
396 3709 705 3758 Cornelianum
739 3710 1006 3768 δεινότητᾱῗ

1299 2471 1421 2513 nulla
1453 2472 1627 2527 pavoris
1657 2471 1810 2525 siqna:
1842 2470 1959 2526 ‘lege
1982 2470 2089 2512 haec

1214 2545 1309 2572 cum
1342 2529 1651 2586 sequentibus3
1687 2535 1730 2571 et
1766 2530 1968 2582 admitte,
2013 2543 2089 2571 so-

1212 2591 1313 2643 des,
1355 2591 1593 2633 calumnias
1639 2589 1824 2631 Dionis.'
1893 2589 2086 2632 Lipsius.

1301 2679 1455 2721 Fabius
1488 2678 1713 2721 Rusticus:
1762 2677 1817 2719 cf.
1853 2675 1949 2718 Xlli
1984 2678 2055 2720 20.

1300 2796 1404 2850 Cap.
1428 2797 1499 2839 62.
1555 2797 1790 2852 deneyante
1814 2796 2087 2836 centurione:

1213 2857 1411 2897 centurio
1445 2856 1527 2896 hae
1558 2869 1605 2898 re
1638 2869 1725 2897 non
1757 2862 1843 2896 tam
1875 2854 2086 2896 bonaSe-

1212 2929 1349 2956 necae
1397 2915 1662 2969 publicatum
1707 2917 1758 2956 iri
1803 2914 2086 2968 significavit,

1214 2974 1328 3029 quod
1363 2975 1587 3030 negotium
1612 2989 1635 3016 a
1655 2976 1748 3016 viro
1773 2973 1948 3015 militari
1973 2974 2087 3014 alie-

1212 3047 1336 3085 num,
1383 3034 1459 3076 sed
1505 3047 1666 3076 moram
1717 3047 1771 3074 ex
1825 3037 2087 3073 testamento

1214 3093 1414 3134 faciendo
1463 3099 1802 3148 consequentem
1846 3091 2086 3145 prohibuit.

1213 3153 1409 3193 Senecae
1444 3158 1590 3193 tamen
1625 3152 1832 3205 pleraque
1867 3150 2086 3204 publicata

1214 3224 1309 3253 esse
1353 3211 1523 3252 Tacitus
1572 3211 1685 3252 infra
1727 3211 1824 3265 (64)
1877 3209 2090 3250 indicavit.

1213 3270 1382 3311 verbisz
1416 3271 1478 3310 ita
1498 3271 1705 3311 codicillis
1725 3270 2086 3325 praescripserat,

1214 3343 1308 3370 eum
1344 3330 1470 3370 etiam
1504 3336 1588 3370 tum
1624 3329 1850 3385 praedives
1884 3336 1922 3368 et
1952 3342 2087 3383 prae..

1212 3395 1359 3443 potens
1394 3390 1599 3443 supremis
1631 3390 1717 3430 suis
1750 3387 2002 3430 consuleret.

1299 3472 1408 3527 quod
1437 3488 1567 3515 unum
1610 3476 1698 3515 iam
1740 3482 1779 3515 et
1819 3482 1959 3516 tamen
1987 3474 2087 3530 pul-

1211 3533 1465 3574 chem-imum
1498 3533 1679 3576 habeat.-
1733 3547 1785 3574 ex
1826 3534 1955 3575 rebus
1995 3534 2079 3575 sibi

1211 3605 1233 3634 a
1276 3593 1473 3646 principe
1526 3606 1611 3635 non
1668 3593 1911 3636 interdictis
1959 3605 2086 3635 unam

1211 3652 1294 3693 iam
1324 3659 1581 3706 superesse,
1616 3650 1693 3694 scd
1727 3662 1820 3695 eam
1853 3650 2087 3708 pulchrio-

1213 3716 1302 3752 rem
1337 3710 1517 3767 gemmis
1551 3714 1594 3754 et
1628 3719 1748 3755 auro.
