2280 4004
195 264 222 309 a
253 263 300 309 G.
336 267 430 311 51.v
747 263 911 310 LIBER
941 261 1033 308 xn.
1095 261 1201 307 Cn.
1234 261 1425 308 42—44.
1952 251 2013 301 'Si

112 405 183 453 43
335 404 486 457 Multa
526 418 587 455 eo
625 417 756 455 anno
793 401 1028 470 prodigia
1068 414 1304 454 evenere.
1378 400 1631 452 Insessum
1672 398 1796 451 diris
1837 397 2015 450 avibus

199 494 525 561 Capitolium,
569 493 763 546 crebris
801 499 969 545 terrae
1004 492 1221 544 motibus
1262 495 1499 558 prorutae
1539 491 1749 556 domUS,
1800 505 1860 542 ac
1899 481 2016 540 dum

195 585 343 636 latius
384 585 646 650 metuitur,
701 583 1038 650 trepidatione
1078 582 1217 650 vulgi
1268 582 1519 634 invalidus
1565 581 1776 648 quisque
1828 578 2015 632 obtriti.

195 677 411 743 Frugum
451 690 650 741 quoque
701 679 903 742 egestas
953 680 1003 726 et
1050 679 1158 724 orta
1203 689 1267 725 ex
1307 688 1369 724 eo
1417 674 1575 725 fames
1627 672 1681 723 in
1730 670 2020 739 prodigium

198 767 555 832 accipiebatur.
630 766 736 817 Nec
765 765 950 816 occulti
987 769 1176 816 tantum
1210 768 1432 829 questus,
1472 762 1564 815 sed
1590 763 1699 814 iura
1720 753 2058 814 reddentem⁵

199 859 461 910 Claudium
521 853 898 909 circumvasere
957 856 1261 908 clamoribus
1313 854 1558 920 turbidis,
1621 854 1917 921 pulsumque
1967 852 2021 903 in

199 953 474 1001 extremam
506 948 604 1000 fori
639 951 833 1014 partem
869 947 922 998 vi
959 946 1261 1014 urguebant,
1303 945 1468 996 donec
1503 944 1710 995 militum
1746 943 1901 1011 globo
1938 937 2023 994 in'-

201 1039 374 1108 sepsos
397 1039 636 1106 perrupit.
690 1036 988 1099 Quindecim
1022 1036 1215 1087 dierum
1246 1035 1479 1087 alimenta
1506 1034 1637 1099 urbi,
1659 1048 1762 1085 non
1788 1033 2017 1100 ampliuS‚

198 1130 512 1197 superfuisse
552 1128 806 1192 constitit;
844 1142 1129 1194 magnaque
1167 1126 1314 1178 deum
1346 1124 1660 1192 benignitate
1690 1129 1739 1176 et
1774 1121 2023 1176 modestia

198 1222 377 1274 hiemis
431 1221 585 1273 rebus
634 1218 872 1273 extremis
924 1218 1239 1269 subventum.
1339 1218 1407 1267 At
1453 1216 1671 1268 Hercule
1724 1215 1843 1267 olim
1880 1215 2086 1271 Italiam

193 1312 486 1380 ¹legionibus
547 1310 852 1378 longinquas
918 1309 971 1359 in
1041 1306 1335 1375 provincias
1401 1311 1708 1358 commeatus
1762 1307 2022 1373 portabat3

199 1419 296 1455 nec
345 1418 481 1454 nunc
531 1400 894 1453 infecunditate
947 1398 1225 1450 laboratur.
1321 1397 1422 1451 Sed
1467 1398 1695 1450 Africam
1750 1397 1916 1464 potius
1975 1398 2026 1448 et

198 1496 483 1562 Aegyptum
544 1506 874 1568 exercemUS,
955 1490 1272 1557 navibusque
1325 1494 1375 1541 et
1433 1489 1636 1541 casibus
1693 1489 1798 1541 vita
1854 1487 2027 1556 populi

115 1584 124 1587 ”
198 1585 412 1639 Romani
446 1584 695 1651 permissa
736 1587 828 1635 est.

116 1683 186 1732 44
338 1674 532 1727 Eodem
570 1687 703 1726 anno
741 1672 924 1724 bellum
964 1671 1097 1723 inter
1130 1670 1402 1722 Armenios
1441 1670 1758 1737 Hiberosque
1796 1671 2090 1722 exortumts

198 1767 390 1818 Parthis
427 1781 626 1832 quoque
675 1780 735 1816 ac
771 1763 1010 1816 Romanis
1053 1762 1471 1830 gravissimorum
1523 1762 1656 1813 inter
1707 1776 1766 1813 se
1803 1766 2025 1812 motuum

202 1873 353 1909 causa
396 1858 502 1908 fuit.
579 1856 726 1908 Genti
764 1855 1058 1906 Parthorum
1090 1854 1376 1921 Vologeses
1413 1853 1759 1920 imperitabat,
1799 1857 2028 1904 materna

202 1948 403 2015 origine
440 1964 503 1999 ex
538 1947 720 2014 pellice
749 1947 962 2010 Graeca,
1004 1961 1255 1997 concessu
1292 1945 1501 1996 fratrum
1536 1960 1750 2013 regnum
1787 1944 2026 2010 adeptus3

202 2039 419 2091 Hiberos
466 2039 827 2090 Pharasmanes
875 2042 1071 2088 vetusta
1120 2037 1484 2102 possessione,
1544 2035 1815 2087 Armenios
1869 2035 2029 2085 frater

319 2173 360 2215 2.
405 2177 609 2227 prompte
642 2168 733 2212 Ma:
769 2169 957 2211 correxit
989 2168 1185 2222 Lipsius,
1238 2173 1337 2209 ante
1381 2181 1506 2222 quem
1535 2174 1786 2224 promptae,
1819 2172 1866 2207 ut
1899 2167 1944 2207 in
1978 2165 2026 2208 G.

202 2232 245 2273 4.
280 2237 370 2272 orte
410 2243 460 2283 pr
501 2229 578 2272 Ma.
673 2230 713 2272 7.
758 2228 999 2284 urguebant
1030 2226 1118 2279 Ma,
1166 2228 1377 2282 urqebant
1410 2227 1457 2268 G.
1550 2228 1590 2270 9.
1625 2227 1692 2268 dm
1734 2239 1830 2268 cum
1861 2225 2030 2267 lineola

202 2288 282 2331 Ma.
376 2290 443 2332 10.
481 2289 801 2330 subuenientum
831 2286 911 2329 Ma.
1005 2286 1062 2327 ad
1092 2286 1269 2327 hercule
1301 2286 1363 2328 M:
1399 2286 1432 2327 G
1465 2293 1510 2327 at
1541 2286 1728 2328 hercule.
1853 2287 1921 2327 11.
1954 2298 2029 2325 re-

201 2347 395 2404 gionibus
423 2346 546 2389 GMa:
580 2347 827 2389 emendavit
851 2346 1093 2387 Ernestius.
1189 2346 1257 2387 13.
1293 2353 1484 2401 eqyptum
1505 2344 1585 2388 Ma.
1668 2344 1927 2399 nubibusque
1946 2342 2027 2386 Ma.

203 2406 249 2449 Ρ.
286 2408 339 2449 R.
375 2420 471 2448 cum
504 2407 584 2449 lin.
619 2405 698 2448 Ma.
777 2406 844 2448 18.
874 2404 1012 2461 pelice
1043 2417 1176 2460 yreca
1208 2404 1287 2446 Ma.
1367 2404 1433 2447 19.
1466 2408 1740 2460 farasmanes
1775 2401 1856 2444 Ma.
1923 2417 2028 2458 pos-

203 2467 410 2508 sessiones
443 2479 538 2506 cum
572 2471 733 2519 puncto
766 2465 846 2506 sub
880 2464 1032 2506 ultima
1073 2463 1158 2504 litt.
1194 2478 1213 2504 s
1245 2461 1324 2505 Ma.
1450 2467 1516 2519 [νε
1549 2468 1667 2521 (cum
1702 2461 1869 2505 lineola
1899 2474 2029 2515 supra

202 2538 377 2567 versum
411 2531 454 2566 et
485 2530 646 2579 puncto
680 2524 759 2566 sub
792 2523 875 2565 litt.
914 2526 953 2580 s)
989 2521 1068 2564 Ma.

204 2625 345 2666 iunxit
382 2637 494 2679 quae
528 2624 681 2666 eodem
715 2636 827 2665 anno
849 2622 964 2664 domi
995 2635 1072 2663 ac-

208 2684 407 2726 ciderint.
458 2684 529 2726 Sic
563 2684 678 2725 enim
710 2683 821 2725 nihil
854 2682 1073 2735 impedie-

204 2744 306 2795 bat,
364 2755 448 2798 quo
506 2744 646 2783 minus
701 2748 799 2797 post
853 2746 1074 2783 enarratas

206 2801 395 2844 Orientis
447 2814 517 2843 res
571 2801 623 2843 ad
671 2808 768 2843 acta
818 2801 921 2841 novi
973 2800 1073 2840 anni

207 2867 519 2915 praeverteret.
583 2860 649 2902 De
709 2860 921 2916 prodigiis
980 2859 1074 2899 istis

1158 2622 1380 2663 Exercew
1412 2622 1576 2676 poetici
1605 2621 1816 2662 sermonis
1847 2624 1936 2671 est3
1970 2618 2028 2660 cf.

1159 2680 1253 2722 Xln
1285 2682 1372 2723 54:
1411 2688 1536 2736 utque
1564 2681 1754 2736 patrium
1785 2677 1919 2720 solum
1951 2692 2029 2718 ex-

1161 2740 1376 2783 ercebant.
1450 2740 1710 2794 navibusque
1742 2762 1797 2770 —-
1817 2737 2030 2793 permissa

1161 2807 1245 2840 est:
1282 2799 1392 2841 haec
1423 2811 1509 2840 non
1544 2800 1638 2839 sine
1660 2797 1807 2852 aliquo
1828 2797 2028 2837 acumine

1161 2858 1277 2899 dicta
1316 2864 1430 2900 sunt.
1495 2858 1706 2899 Nimirum
1754 2857 1846 2897 vita
1879 2866 2030 2896 eorum

208 2919 323 2962 conf.
359 2921 593 2962 Suetonius
625 2918 775 2961 Claud.
799 2919 866 2962 18.
910 2917 1076 2959 Plinius

296 3051 378 3079 nec
408 3051 524 3078 nunc
554 3037 866 3092 infecunditate
898 3034 1077 3076 labora-

210 3102 305 3136 lur:
355 3109 442 3137 nou
483 3095 566 3138 soli
606 3096 748 3138 Italici
783 3093 1077 3136 infecunditas

212 3166 341 3194 causa
374 3160 465 3196 erat
498 3168 574 3196 cur
610 3161 816 3197 externae
847 3154 944 3207 opis
977 3152 1072 3193 fru-

213 3213 435 3267 mentique
484 3213 729 3268 indigeret,
787 3211 864 3254 sed
922 3224 1078 3267 magna

213 3282 310 3323 pars
344 3273 438 3311 eius
472 3273 561 3326 agri
595 3271 715 3313 villis
758 3271 986 3324 hortisque
1035 3274 1078 3310 et

214 3329 392 3382 piscinis
427 3335 637 3382 occupata
671 3335 790 3370 erat:
836 3342 878 3370 v.
919 3326 976 3368 111
1008 3329 1078 3369 54.

212 3401 294 3428 nec
324 3401 441 3429 nunc
477 3387 590 3428 idem
635 3388 754 3429 valet
801 3399 852 3427 ac
882 3399 936 3426 ne
967 3398 1083 3426 nunc

214 3447 405 3501 quidem3
450 3446 506 3487 cf.
554 3445 604 3486 ad
640 3446 676 3487 ΙΙ
708 3446 779 3490 82.
903 3457 1082 3485 exerce-

213 3519 329 3546 mus:
363 3506 520 3546 dicitur
558 3505 610 3545 de
649 3504 889 3546 aratoribus
921 3503 1082 3544 Roma-

214 3565 298 3617 nis,
331 3565 585 3619 provinciae
611 3564 788 3605 Africae
803 3561 1082 3616 Aegyptique

216 3634 367 3679 agrum
415 3636 492 3678 per
540 3622 762 3666 ministros
819 3618 1080 3664 colentibus.

306 3716 456 3756 Tacitus
480 3719 525 3757 11.

1162 2917 1234 2972 qui
1279 2917 1432 2971 procul
1485 2918 1612 2958 maris
1671 2915 1930 2968 intemperie
1985 2914 2030 2953 in

1161 2975 1279 3017 urbis
1296 2975 1395 3018 luce
1414 2982 1654 3028 versantur,
1679 2980 1825 3015 tamen
1843 2971 2030 3014 navibus

1163 3040 1206 3076 et
1230 3035 1401 3076 casibus
1420 3037 1629 3089 permissa
1661 3039 1749 3075 est:
1785 3046 1881 3073 nam
1906 3043 2029 3072 com-

1161 3099 1329 3135 meatus
1345 3095 1522 3135 Africae
1543 3093 1824 3148 Aegyptique
1849 3092 1884 3131 si
1910 3101 2029 3129 mer-

1162 3158 1323 3207 guntur
1366 3153 1492 3193 undis
1535 3157 1608 3192 aut
1650 3150 1736 3190 alio
1780 3161 1881 3188 casu
1913 3147 2029 3187 deti..

1162 3217 1342 3262 nentur,
1385 3211 1567 3252 Romani
1615 3208 1729 3249 fame
1787 3210 2028 3257 necantur-3

1165 3268 1220 3310 cf.
1257 3269 1314 3309 111
1351 3269 1421 3310 54.

1254 3326 1358 3380 Cap.
1393 3326 1464 3368 44.
1510 3325 1626 3380 qenti
1662 3324 1918 3365 Parthorum
1944 3320 2030 3363 Vo-

1166 3385 1326 3440 logeses
1356 3387 1455 3440 imp.
1491 3396 1628 3437 usque
1663 3382 1716 3423 ad
1751 3382 1879 3422 huius
1911 3380 2031 3434 regis

1167 3445 1394 3497 imperium
1428 3455 1496 3483 res
1540 3441 1793 3482 Parthorum
1825 3437 2031 3481 Romanis

1167 3504 1347 3543 innexas
1368 3507 1623 3556 persecutus
1657 3500 1728 3541 hic
1760 3504 1910 3539 noster
1941 3501 2034 3537 erat

1168 3560 1243 3602 XII
1294 3563 1360 3603 14.
1484 3560 1662 3602 Hiberos
1719 3558 2034 3600 Pharasmanes

1169 3620 1314 3680 opibus
1343 3619 1526 3663 nostris:
1559 3619 1614 3661 cf.
1652 3618 1710 3660 Vl
1742 3614 1934 3663 32-36.

1670 3700 1702 3754 0
