2280 4004
223 336 253 368 α
282 322 332 372 0.
365 324 438 371 55.
804 323 970 371 LIBER
997 325 1113 371 xm.
1178 325 1285 371 Gn.
1320 326 1506 373 17—19.

1957 329 2047 376 12³7

142 470 367 523 19turba
416 470 766 524 centurionum
816 476 1015 539 etpost
1050 471 1207 525 breve
1257 471 1485 524 osculum
1526 471 1838 540 digrediens.
1909 471 2046 525 Nihil

222 578 392 614 rerum
426 562 711 615 mortalium
753 568 854 615 tam
889 563 1124 615 instabile
1163 579 1224 615 ac
1257 563 1442 614 fluxum
1479 568 1556 615 est
1593 577 1742 630 quam
1779 564 1910 616 fama
1945 578 2045 631 po-

223 655 412 707 tentiae
449 669 553 706 non
586 669 678 707 sua
717 654 770 705 vi
805 654 939 706 nixa.
1025 654 1198 707 Statim
1246 654 1476 706 relictum
1517 654 1831 722 Agrippinae
1870 655 2041 708 limen.

222 745 381 797 Nemo
419 745 598 811 solari,
628 760 780 797 nemo
818 745 977 810 adire,
1021 750 1223 812 praeter
1256 760 1445 812 paucas
1484 746 1732 812 feminas,
1769 761 1942 799 amore
1980 760 2046 798 an

225 836 344 888 odio
377 837 640 889 incertum.
713 836 791 888 Ex
820 836 999 902 quibus
1030 841 1138 887 erat
1169 837 1307 887 iunia
1334 836 1519 901 Silana,
1550 850 1696 903 quam
1723 837 2084 890 matrimonios

228 927 335 990 Gai,
361 927 470 980 Silii
506 943 536 978 a
568 925 840 979 Messalina
879 926 1137 992 depulsam
1174 942 1324 994 supra
1364 927 1557 993 rettuli,
1597 927 1816 996 insignis
1853 943 2047 996 genere

224 1018 388 1070 forma
424 1016 656 1082 lascivia,
693 1022 743 1069 et
769 1017 1085 1084 Agrippinae
1125 1018 1209 1068 diu
1238 1033 1467 1083 percara,
1505 1033 1624 1069 mox
1660 1019 1873 1071 occultis
1915 1020 2049 1071 inter

225 1101 313 1160 eas
352 1107 750 1173 offensionibus,
793 1108 908 1174 quia
946 1108 1168 1160 Sextium
1208 1108 1503 1160 Africanum
1555 1109 1776 1161 nobilem
1813 1110 2047 1163 iuvenem

223 1213 253 1249 a
293 1199 478 1266 nuptiis
515 1199 721 1254 Silanae
775 1197 1092 1249 deterruerat
1128 1198 1444 1266 Agrippina,
1500 1199 1800 1266 impudicam
1841 1206 1890 1252 et
1925 1216 2050 1253 ver-

222 1294 427 1357 gentem
474 1290 621 1342 annis
680 1289 942 1354 dictitans,
999 1304 1102 1340 non
1159 1295 1213 1340 ut
1258 1289 1555 1341 Africanum
1610 1290 1708 1343 sibi
1760 1295 2111 1358 seponeret,¹o

223 1381 315 1433 sed
361 1397 426 1434 ne
481 1381 660 1448 opibus
710 1386 760 1433 et
811 1381 1026 1432 orbitate
1078 1381 1281 1435 Silanae
1331 1383 1541 1434 maritus
1593 1386 1866 1449 poteretur.
1940 1382 2046 1448 Illa,

223 1487 313 1538 spe
363 1472 569 1524 ultionis
624 1471 824 1537 oblata,
899 1476 1044 1537 parat
1097 1478 1424 1525 accusatores
1482 1489 1544 1526 ex
1597 1473 1864 1526 clientibus
1920 1475 2046 1540 suiS,

223 1564 427 1616 Iturium
464 1568 514 1615 et
557 1562 846 1627 Calvisium,
884 1577 994 1620 non,
1026 1568 1198 1614 vetera
1237 1568 1287 1615 et
1322 1564 1523 1630 saepius
1558 1565 1655 1616 iam
1695 1566 1864 1617 audita
1902 1565 2050 1618 dese-

222 1669 373 1720 renS,
432 1653 568 1721 quod
603 1653 882 1705 Britannici
923 1659 1135 1705 mortem
1186 1654 1385 1721 lugeret
1435 1660 1519 1706 aut
1557 1656 1800 1708 Octaviae
1837 1657 2048 1708 iniurias

224 1745 503 1813 evulgaret,
542 1744 635 1796 sed
675 1744 1012 1796 destinavisse
1051 1760 1159 1795 eam
1202 1745 1482 1797 Rubellium
1516 1746 1770 1812 Plautum,
1809 1762 1901 1814 per
1937 1763 2111 1801 lna-15

221 1841 419 1889 ternam
459 1835 710 1903 originem
746 1835 856 1901 pari
895 1851 955 1886 ac
990 1836 1127 1886 Nero
1166 1836 1329 1902 gradu
1365 1853 1392 1887 a
1430 1837 1548 1888 divo
1577 1837 1827 1904 Augu-stc,
1871 1837 1934 1890 ad
1963 1852 2048 1889 res

222 1939 385 1979 novas
424 1925 699 1992 extollere,
740 1925 1082 1993 coniugioque
1122 1926 1230 1977 eius
1266 1930 1320 1978 et
1351 1927 1450 1978 iam
1489 1927 1702 1994 imperio
1740 1944 1847 1980 rem
1882 1928 2052 1995 publi-

347 2081 386 2122 1.
418 2077 557 2120 nichil
585 2074 666 2120 Ma.
1437 2079 1478 2121 5.
1511 2081 1722 2122 incertum
1753 2078 1811 2121 G:
1844 2077 1910 2120 Ma
1941 2078 2050 2121 Bud.

224 2137 338 2195 Reg.
370 2137 499 2181 Bodl.
531 2139 738 2179 incertas.
831 2136 941 2178 iulia
971 2135 1062 2178 Ma:
1097 2139 1287 2178 correxit
1317 2137 1504 2191 Lipsius.
1608 2138 1649 2180 6.
1687 2138 1734 2179 C.
1768 2137 1848 2180 Illa.
1940 2138 2054 2180 Sitia

222 2197 459 2240 messalina
491 2195 585 2250 Ma,
629 2197 719 2238 silii
750 2209 804 2237 ac
834 2195 1067 2238 messalina
1096 2195 1144 2238 G.
1239 2197 1278 2238 7.
1313 2196 1523 2238 lauscivia
1554 2195 1633 2238 Illa.
1724 2197 1765 2239 9.
1801 2197 1939 2239 silane
1970 2195 2052 2239 Ma.

222 2259 311 2314 inp.
346 2255 427 2300 Ma.
539 2258 607 2300 12.
640 2255 943 2312 speculationis
976 2255 1120 2296 oblata
1151 2254 1237 2307 Ma,
1282 2255 1586 2311 speculationis
1618 2269 1751 2297 causa
1781 2256 1927 2298 oblata
1957 2255 2054 2298 BG:

225 2318 359 2358 tacite
393 2317 583 2358 correxit
612 2315 811 2370 Lipsius,
849 2320 1091 2368 praeeunte
1118 2314 1359 2356 Puteolano
1394 2317 1467 2370 qui
1500 2329 1571 2371 spe
1597 2314 1772 2358 ultionis
1805 2329 1937 2357 causa
1969 2314 2052 2357 obl.

227 2376 296 2418 13.
338 2375 541 2417 Titurium
578 2376 694 2416 coni.
726 2374 916 2428 Lipsius.
1015 2373 1217 2429 differens
1248 2372 1329 2416 Ma.
1397 2376 1464 2417 14.
1501 2375 1751 2415 brittannici
1778 2374 1859 2417 Ma.
1930 2381 2054 2417 octa-

502 2434 570 2477 16.
605 2434 701 2476 dibo
731 2433 812 2476 Ma.
912 2434 980 2476 17.
1013 2435 1141 2474 etiam
1167 2434 1291 2490 perio
1324 2431 1407 2476 Ma.

762 2078 806 2121 3.
839 2078 971 2119 nimae
1006 2078 1121 2119 coni.
1155 2076 1343 2131 Lipsius.

223 2436 292 2477 vie
322 2435 404 2478 Ma.
1503 2447 1653 2490 remp.
1687 2432 1769 2477 Ma.

224 2576 496 2618 enuntiatum
513 2573 826 2629 explicativum
842 2586 937 2614 cum
954 2574 1091 2615 verbo

224 2650 313 2677 esse
343 2640 417 2677 aut
453 2633 541 2676 alio
563 2633 857 2688 subsequitur.
913 2633 1091 2676 Sallust.

221 2694 418 2751 Iugurth.
460 2693 546 2737 49:
595 2692 806 2735 Numidae
850 2716 907 2724 —-
960 2707 1094 2748 neque

217 2753 350 2811 plane
383 2752 586 2794 occultati
615 2751 853 2795 humilitate
876 2752 1093 2806 arborum,

223 2820 263 2855 et
321 2820 465 2855 tamen
515 2812 676 2853 incerti
719 2811 921 2865 quidnam
973 2819 1091 2854 esset.

224 2872 317 2914 Liv.
351 2870 512 2913 XXVII
532 2871 614 2913 372
646 2871 684 2911 is
716 2883 876 2924 quoque
900 2871 1092 2927 (infans)

223 2932 413 2972 incertus
445 2942 538 2970 mas
568 2942 628 2970 an
657 2930 823 2983 semina
841 2936 947 2970 esset
969 2937 1096 2971 natus

224 2995 332 3031 erat.
387 2989 501 3030 XXX
536 2987 625 3030 35:
659 2986 836 3029 Italicos
866 2988 1095 3030 intervallo

224 3061 384 3103 quoque
427 3047 655 3102 diremptos
697 3047 975 3104 (instruxit),
1021 3049 1096 3088 in-

225 3113 363 3148 certos
405 3106 515 3148 socii
554 3118 613 3146 an
656 3105 795 3148 hostes
836 3113 996 3159 essent,
1050 3108 1098 3147 in

219 3172 479 3221 postremam
510 3165 647 3206 aciem
677 3173 914 3207 summotos.
962 3164 1098 3206 XXXI

228 3226 304 3267 12:
336 3225 384 3265 in
402 3223 576 3265 Sabinis
612 3224 801 3266 incertus
831 3225 980 3279 infans
1010 3238 1098 3265 na-

227 3290 291 3324 tus
322 3281 538 3324 masculus
574 3295 635 3323 an
664 3284 828 3337 femina
853 3290 971 3325 esset.
1014 3282 1098 3324 Ta-

225 3343 300 3383 cit.
335 3341 392 3384 XI
423 3342 473 3384 9:
520 3340 736 3383 distractis
770 3341 957 3383 Orientis
987 3343 1098 3383 viri-

225 3401 298 3442 bus
325 3409 364 3443 et
396 3413 579 3455 quonam
608 3399 873 3442 inclinarent
904 3401 1097 3442 incertis.

225 3457 595 3511 Quemadmodum
627 3471 744 3500 nunc
775 3460 1000 3511 incertum,
1033 3460 1098 3499 sic

224 3519 321 3561 XIV
355 3521 407 3563 7:
443 3532 543 3574 quos
574 3519 718 3559 statim
750 3519 991 3570 acciverat,
1023 3518 1097 3558 in-

226 3585 386 3621 certum
418 3592 477 3619 an
509 3583 547 3618 et
580 3584 680 3618 ante
712 3578 906 3633 iynaros.

311 3651 444 3694 supra
474 3636 649 3679 rettuli:
682 3636 759 3678 XII
793 3638 860 3680 12.
905 3636 1098 3677 Sextium

226 3694 511 3757 Africanum.-
559 3695 675 3743 conf.
719 3695 820 3743 XIV
852 3694 925 3742 46.
986 3695 1097 3740 Acta

1179 2574 1357 2616 fratrum
1414 2573 1625 2615 arvalium
1669 2574 1755 2617 tab.
1799 2573 1896 2616 XIV
1940 2572 2055 2628 apud

1178 2634 1406 2676 Marinium
1441 2646 1541 2689 pag.
1577 2631 1760 2675 CXVII:
1809 2635 1849 2675 T.
1881 2634 2054 2675 Sextius

1179 2694 1419 2749 Africanus
1452 2692 1624 2734 Saleius
1657 2693 1778 2734 Otho.

1270 2752 1415 2808 opibus
1447 2758 1487 2793 et
1517 2752 1725 2793 orbitate:
1763 2751 1804 2793 h.
1841 2765 1879 2794 e.
1915 2751 2049 2793 orbae

1179 2811 1350 2865 opibus,
1439 2811 1647 2852 Iturium:
1695 2812 1881 2852 nominis
1915 2811 2054 2852 forma

1181 2869 1359 2911 aliunde
1409 2882 1496 2910 non
1553 2871 1744 2926 cognita.
1807 2869 1855 2911 In
1912 2870 2053 2912 titulis

1178 2929 1380 2971 nonnulli
1414 2929 1564 2970 Titurii
1584 2935 1891 2982 memorantur,
1924 2941 2052 2971 nemo

1182 2988 1356 3040 Iturius,
1390 2987 1465 3030 sed
1488 2989 1553 3030 sic
1575 2994 1826 3031 constanter
1855 2988 2053 3043 pluribus

1181 3047 1297 3090 locis.
1325 3053 1368 3089 et
1391 3046 1456 3089 Ma
1482 3053 1525 3088 et
1558 3049 1693 3090 ceteri
1727 3049 1844 3101 libri,
1867 3053 2052 3101 excepto

1181 3107 1277 3148 XIV
1324 3109 1402 3159 12,
1452 3106 1525 3147 ubi
1577 3106 1767 3148 additum
1819 3114 1834 3148 t
1876 3106 2052 3148 facilem

1182 3165 1314 3207 habet
1349 3165 1703 3218 explicationem.

1264 3237 1346 3279 per
1375 3231 1616 3264 maternam
1648 3224 1858 3279 originem
1871 3223 1974 3279 pari
1997 3236 2052 3264 ac

1183 3282 1299 3323 Nero
1331 3281 1471 3336 gradu
1501 3294 1529 3322 a-
1556 3282 1649 3323 divo
1667 3282 1883 3338 Auyusto:
1915 3287 2052 3324 mater

1183 3340 1336 3381 Plauto
1370 3341 1455 3381 fuit
1492 3340 1616 3392 Iulia,
1651 3341 1740 3382 filia
1771 3341 1901 3382 Drusi
1934 3339 2051 3382 Cae-

1183 3400 1290 3441 saris
1343 3399 1470 3453 (huic
1513 3405 1635 3452 pater
1675 3399 1896 3452 Tiberius,
1944 3412 2051 3442 avus

1181 3459 1456 3514 Augustus),
1511 3471 1621 3512 quae
1663 3461 1845 3513 primum
1891 3457 2052 3501 Neroni

1183 3517 1426 3558 Germanici
1461 3515 1550 3557 filio
1586 3515 1666 3571 (111
1698 3517 1796 3574 29),
1830 3517 1929 3559 dein
1958 3519 2051 3560 Ru..

1180 3575 1316 3616 bellio
1349 3574 1531 3628 Blando,
1566 3578 1675 3630 patri
1707 3577 1834 3617 huius
1858 3576 2053 3620 Rubellii

1181 3634 1337 3686 Plauti,
1373 3641 1582 3689 nupserat
1608 3635 1794 3693 (v127).
1830 3635 2053 3679 EtPlauto

1183 3700 1227 3738 et
1270 3693 1433 3739 Neroni
1474 3694 1699 3758 Augustus
1734 3695 1907 3757 *abavus
1938 3694 2053 3756 suit3
