2280 4004
207 293 237 328 τι
259 281 313 328 17,
342 283 420 329 48.
452 319 459 323 .
778 283 941 329 LIBER
972 281 1043 326 XI.
1112 282 1218 326 CAr.
1251 283 1441 328 22—23.
1962 276 2026 325 ’ᾔ

206 437 364 493 super
395 439 453 476 re
489 427 761 490 variusque
813 438 1003 475 rumor.
1095 424 1158 475 Et
1208 423 1387 475 studiis
1440 422 1658 476 diversis
1712 422 1842 490 apud
1885 421 2031 491 prin-i

206 516 373 582 eipem
415 517 718 580 certabatur,
757 515 1163 570 adseverantium
1200 530 1303 567 non
1341 515 1472 568 adeo
1512 531 1719 583 aegram
1755 515 1946 568 Italiam
1978 513 2033 568 ut

206 612 437 660 senatum
475 607 797 674 suppeditare
833 607 946 658 urbi
997 622 1120 658 suae
1160 607 1407 673 nequiret.
1481 607 1757 660 Suffecisse
1796 606 1916 657 olim
1950 605 2033 656 ina

208 699 455 767 digenaS,
518 699 913 766 consanguineis
971 699 1198 765 populis,
1255 714 1352 750 nec
1403 699 1665 765 paenitere
1712 698 1903 750 veteris
1954 697 2033 750 rel

208 790 457 857 publicae.
523 790 655 850 Quin
690 789 856 840 adhuc
882 790 1152 841 memorari
1180 790 1408 862 exempla
1445 805 1572 856 quae
1599 789 1784 857 priscis
1807 788 2030 843 moribus
2047 797 2071 840 ἰ

210 881 276 934 ad
301 881 533 932 virtutem
569 886 618 931 et
643 880 860 947 gloriam
886 882 1112 932 Romana
1142 881 1341 932 indoles
1381 880 1677 947 prodiderit.
1741 880 1822 931 An
1856 877 2032 946 parum

211 973 346 1039 quod
384 971 564 1023 Veneti
601 975 651 1023 et
685 971 923 1023 Insubres
963 972 1152 1023 curiam
1189 972 1493 1038 inruperint,
1553 971 1652 1022 nisi
1694 975 1867 1022 coetus
1905 968 2035 1023 alie·-

209 1064 526 1131 nigenarum,
563 1062 699 1114 velut
739 1063 1021 1128 captivitaS,
1060 1063 1350 1114 inferatur?
1420 1064 1578 1124 Quem
1614 1062 1744 1113 ultra
1786 1060 2034 1113 honorem

213 1153 434 1207 residuis
471 1153 742 1219 nobilium,
782 1160 866 1206 aut
904 1155 948 1206 si
991 1155 1101 1220 quis
1138 1169 1328 1221 pauper
1362 1170 1390 1205 e
1426 1153 1567 1205 Latio
1607 1158 1842 1218 senator,
1882 1153 2034 1205 fore?
2095 1173 2112 1216 ,i

212 1245 515 1311 Oppleturos
545 1246 713 1297 omnia
741 1245 922 1296 divites
948 1244 1080 1309 illos,
1111 1259 1323 1310 quorum
1357 1244 1438 1295 avi
1466 1244 1744 1310 proavique
1778 1239 2034 1294 hostilium
2050 1216 2106 1293 td

212 1335 471 1388 nationum
504 1337 662 1388 duces
702 1337 955 1387 exercitus
993 1340 1198 1386 nostros
1235 1334 1372 1386 ferro
1409 1335 1560 1401 vique
1603 1334 1911 1399 ceciderint,
1955 1334 2037 1385 di-

214 1441 330 1480 vum
365 1427 540 1481 Iulium
579 1427 708 1494 apud
745 1427 972 1481 Alesiam
1011 1426 1321 1478 obsederint.
1392 1426 1634 1479 Recentia
1685 1426 1831 1478 haec.
1907 1424 2038 1487 Quid

333 1607 374 1649 2.
425 1618 558 1648 assev.
594 1603 666 1646 Or.
776 1607 820 1647 4.
856 1602 1168 1658 consanguines
1199 1600 1279 1644 Ma.
1382 1602 1516 1662 penit.
1550 1599 1630 1643 Ma.
1722 1600 1766 1648 8.
1798 1599 1927 1646 uelud
1956 1597 2038 1651 Ma,

218 1665 260 1709 9.
295 1666 409 1723 foret
437 1662 529 1706 Ma:
565 1663 755 1708 correxit
785 1662 1023 1708 Acidalius,

215 1828 298 1878 sed
327 1827 618 1885 intelligenda
651 1827 704 1870 de
736 1827 924 1884 singulis
958 1828 1087 1871 huius

218 1895 361 1934 terrae
392 1887 680 1943 primoribus,
730 1889 803 1943 qui
846 1888 961 1930 domi
994 1901 1089 1929 ma-

219 1948 428 2004 gistratus
473 1953 700 2003 gesserant
747 1947 960 2002 ideoque,
1011 1959 1088 2001 pro

220 2010 316 2053 iure
359 2007 477 2048 Latii
522 2006 685 2060 populo
735 2018 813 2047 suo
862 2019 1088 2058 concesso,

225 2067 448 2108 civitatem
469 2065 704 2107 Romanam
729 2067 916 2107 assecuti
953 2072 1089 2107 erant.

225 2126 377 2181 Itaque
403 2127 616 2180 primores
658 2124 827 2166 Galliae
861 2138 967 2179 quae
1005 2125 1113 2165 00--

214 2193 344 2229 ‚mata
384 2184 627 2239 appellatur
668 2195 756 2224 non
797 2190 896 2225 sunt
939 2197 1114 2225 omnes·

223 2243 394 2286 Galliae
442 2241 647 2284 Comatae
690 2245 902 2297 primores
935 2243 1118 2299 (‘Vor.-·

222 2303 372 2344 „clame
405 2315 480 2343 aus
500 2302 639 2344 Gallia
662 2302 855 2344 Comata’
885 2315 973 2343 non
1002 2302 1115 2344 ‘die.

234 2361 500 2405 Vornehmen
547 2373 624 2402 aus
672 2361 812 2404 Gallia
858 2360 1091 2418 Comata’),

219 2421 301 2463 sed
332 2423 406 2477 qui
439 2420 553 2461 domi
586 2422 840 2478 magistratu
872 2421 1093 2476 perfuncti

225 2486 362 2522 erant.
426 2481 618 2521 Foedera
675 2481 781 2522 dicit
841 2482 907 2522 ius
966 2481 1092 2532 Latii,

226 2541 441 2582 civitatem
490 2541 732 2582 Romanam
787 2541 995 2594 optimum
1051 2545 1094 2581 et

222 2599 401 2654 plenum
429 2598 652 2640 Romanae
683 2600 873 2641 civitatis
899 2601 982 2652 ius,
1010 2613 1093 2655 ge..

220 2659 302 2700 stis
334 2659 449 2700 domi
492 2657 730 2699 honoribus
775 2672 800 2700 a
831 2658 1093 2713 primoribus

218 2717 313 2759 illis
346 2719 635 2771 impetratum.
698 2717 908 2759 Nimirum
942 2718 1091 2759 Latini

220 2777 333 2818 iuris
377 2777 451 2830 qui
498 2782 643 2828 erant,
690 2778 744 2819 iis
789 2778 985 2833 suffragii
1026 2779 1094 2818 ius

223 2840 271 2876 et
303 2835 494 2876 honores
525 2836 571 2876 in
593 2835 699 2878 urbe
726 2836 1092 2888 concedebantur,

225 2895 263 2935 si
312 2893 426 2934 domi
478 2895 756 2949 magistratus
813 2901 856 2937 et
904 2895 1094 2936 honores

228 2953 470 3008 gessissent
518 2955 584 3006 (v.
618 2953 673 2994 ad
702 2955 781 2995 XV
813 2956 912 3010 32).
975 2954 1094 2996 Iuste

226 3012 362 3067 igitar
375 3011 586 3064 primores
608 3012 674 3053 illi
690 3012 856 3055 Galliae
871 3013 1093 3065 Comatae,

228 3072 302 3125 qui
325 3069 439 3124 apud
462 3082 564 3111 suos
595 3073 743 3113 munia
765 3073 1093 3127 magistratuum

229 3134 303 3170 aut
332 3129 604 3171 sacerdotum
639 3130 940 3184 expleverant,
975 3145 1090 3172 nunc

231 3200 327 3228 cum
360 3186 413 3228 de
445 3187 690 3242 supplendo
723 3196 878 3231 senatu
902 3191 1095 3246 agitare-

229 3251 312 3296 tur,
346 3247 637 3299 expetiverunt
659 3254 705 3287 ut
723 3249 805 3301 ipsi
828 3250 870 3289 in
897 3255 1091 3290 senatum

230 3305 468 3346 Romanum
482 3304 748 3359 legerentur.
778 3306 966 3348 Poscunt
981 3306 1095 3362 quod

231 3376 286 3404 ex
319 3363 413 3403 iure
458 3362 567 3405 Latii
609 3369 652 3404 et
682 3366 771 3405 suis
805 3365 918 3406 domi
955 3366 1095 3406 hono-

229 3422 349 3464 ribus
393 3423 710 3463 consectarium
757 3429 863 3464 erat.
930 3424 1097 3479 Vulgus

230 3482 516 3535 interpretum
561 3482 604 3521 in
639 3480 706 3522 his
737 3482 883 3524 verbis
915 3484 1092 3524 nimium

234 3542 455 3582 caecutire
486 3540 615 3582 solet.

318 3600 384 3642 ius
412 3599 787 3656 adipiscendorum
817 3602 863 3641 in
887 3600 991 3642 urbe
1017 3599 1098 3642 lw-

233 3659 410 3703 nomm.-
458 3659 656 3718 suffragii
695 3660 804 3703 iuris
851 3658 973 3702 nulla
1017 3659 1098 3705 bac

1173 1831 1318 1870 aetate
1349 1826 1537 1868 mentioz
1584 1827 1745 1882 quippe
1789 1825 1872 1867 iam
1921 1823 2044 1867 nulla

1173 1893 1296 1928 erant
1339 1887 1515 1927 comitia
1555 1887 1599 1926 in
1643 1885 1739 1926 foro
1787 1890 1831 1926 et
1865 1887 2040 1941 campo}

1174 1959 1214 1988 v.
1249 1946 1303 1988 ad
1335 1945 1352 1986 1
1387 1946 1454 1987 15.
1521 1945 1602 1996 Qui
1636 1944 1824 1986 honores
1857 1945 1902 1986 in
1934 1944 2042 1988 urbe

1174 2005 1488 2059 adipiscuntur,
1523 2004 1654 2045 iidem
1691 2005 1734 2045 in
1767 2009 1921 2046 senatu
1943 2003 2040 2046 suf-.-

1174 2066 1314 2120 fragia
1347 2064 1570 2115 ferebant,
1609 2069 1652 2104 et
1683 2076 1851 2104 rursum
1882 2063 1955 2117 qui
1995 2063 2040 2106 in

1173 2129 1350 2175 senatu,
1391 2123 1444 2163 ad
1485 2122 1674 2163 honores
1718 2121 1939 2175 adspirare
1987 2122 2040 2161 iis

1174 2183 1323 2225 licuit:
1357 2182 1458 2222 inde
1493 2195 1530 2223 c.
1569 2182 1624 2225 25
1663 2181 1880 2237 legimus:
1910 2180 2042 2236 primi

1173 2242 1313 2284 Aedui
1343 2248 1588 2284 senatorum
1621 2241 1668 2282 in
1687 2241 1790 2284 urbe
1814 2241 1880 2282 ius
1899 2240 2048 2298 adepti*

1177 2309 1287 2345 sunt.

1261 2360 1476 2416 suffecisse
1509 2361 1609 2401 olim
1639 2360 1891 2415 indigenas,
1937 2372 2044 2400 con-<-

1173 2421 1421 2476 sanguineis
1449 2420 1644 2475 populis:
1679 2421 1743 2460 sic
1765 2419 2046 2474 distinguen-

1175 2479 1275 2520 dum
1309 2485 1420 2531 erat,
1455 2485 1501 2518 ut
1535 2492 1650 2520 cons.
1681 2478 1849 2534 populis
1884 2478 2046 2521 ablati,-

1174 2551 1275 2580 vum
1310 2552 1421 2590 esse,
1455 2551 1541 2579 non
1568 2538 1759 2580 dativum
1788 2538 2044 2593 asuffecisse

1178 2611 1436 2652 suspensum
1458 2630 1470 2650 ,
1535 2597 1740 2652 liqueret.
1821 2597 2048 2640 Sententia

1176 2657 1286 2698 haec
1309 2664 1389 2710 est,
1423 2657 1650 2699 suffecisse
1672 2657 1775 2699 olim
1801 2655 2047 2711 supplendo

1175 2719 1345 2758 senatui
1389 2722 1432 2757 et
1485 2717 1764 2770 capessendis
1809 2715 2048 2758 honoribus

1175 2775 1406 2831 indigenas
1443 2776 1652 2830 civesque
1680 2776 1815 2827 urbis,
1850 2774 2048 2830 quamvis

1175 2847 1312 2889 prope
1367 2835 1601 2891 agentibus
1654 2834 1828 2890 populis
1876 2835 2048 2890 origine

1176 2900 1221 2935 et
1272 2895 1489 2950 sanguine
1536 2894 1728 2935 Romano
1785 2894 2047 2946 coniunctis,

1175 2952 1315 2995 veluti
1346 2953 1526 3006 Latinis,
1551 2953 1737 3004 Sabinis,
1768 2953 1932 2994 Tuscis.
1958 2953 2049 2994 Rc-

1176 3013 1364 3066 spondet
1402 3012 1506 3053 huic
1538 3013 1653 3054 dicto
1675 3012 1882 3054 Claudius
1908 3026 1945 3053 c.
1967 3011 2046 3058 24:

1170 3072 1310 3127 plebei
1361 3073 1635 3126 mayislralus
1675 3078 1770 3127 post
1819 3072 2044 3126 patricios,

1178 3131 1326 3171 Latini
1376 3136 1472 3186 post
1520 3130 1734 3185 plebeios,
1806 3136 2048 3170 ceterarum

1178 3189 1334 3230 Italiae
1363 3188 1550 3242 qentium
1576 3196 1670 3243 post
1703 3189 1897 3228 Latinos.

1250 3248 1398 3288 divites
1419 3246 1542 3286 illos.-
1579 3246 1717 3287 Gallia
1744 3247 1911 3287 divitiis
1936 3257 2049 3298 opu,-

1179 3306 1401 3360 lentiaque
1443 3306 1727 3357 praecelluit3
1773 3320 1809 3345 r.
1858 3305 1910 3346 18
1944 3305 2048 3345 dites

1178 3371 1216 3404 et
1247 3363 1434 3405 imbelles
1467 3377 1568 3405 esse.
1634 3362 1760 3405 Fons.
1802 3364 1854 3404 ad
1888 3363 1900 3403 Ι
1936 3365 2008 3405 31.

1265 3424 1379 3477 apud
1410 3422 1624 3463 Alesiam:
1659 3424 1715 3464 cl'.
1747 3422 1906 3463 Caesar
1926 3422 1976 3463 B.
1998 3420 2045 3462 G.

1182 3481 1329 3524 V1168
1345 3495 1438 3536 sqq.
1475 3487 1517 3522 et
1550 3494 1657 3536 quos
1676 3495 1834 3538 magno
1860 3493 2042 3522 numero

1180 3541 1372 3582 laudavit
1404 3540 1677 3583 Drumannus
1711 3541 1818 3583 llist.
1855 3541 1977 3590 Rom.
2013 3545 2044 3580 t.

1177 3599 1234 3642 111
1267 3613 1309 3655 p.
1346 3600 1593 3653 353-359.
