2280 4004
252 273 344 320 990
1023 270 1314 316 ANNALIVM
1827 286 1867 319 a.
1897 278 1944 318 U.
1976 269 2077 319 779.

252 416 373 469 Mox
407 415 566 484 patuit
598 415 757 468 breve
794 414 1066 467 confinium
1105 413 1227 468 artis
1270 419 1320 468 et
1357 413 1500 482 falsi,
1537 428 1762 483 'veraque
1800 426 1947 484 quam
1982 415 2081 470 ob-

253 509 420 563 scuris
467 511 781 575 tegerentur.
878 507 1003 559 Nam
1051 507 1103 557 in
1156 507 1333 559 urbem
1383 522 1487 559 non
1539 518 1897 576 regressurum
1943 507 2078 587 ”Q

253 599 386 663 forte
424 598 640 649 dictum·
701 601 1022 650 ceterorum
1034 598 1196 673 nescii
1244 613 1430 666 egere,
1491 613 1602 651 cum
1641 599 1925 666 propinquo
1961 609 2081 650 rure

253 693 338 740 aut
370 687 547 754 litore,
589 692 639 740 et
675 704 830 756 saepe
870 689 1072 741 moenia
1111 676 1254 741 urbis
1293 689 1563 757 adsidenS,
1613 697 1888 743 extremam
1927 704 2084 743 sene-

215 785 384 832 setam
424 780 770 847 compleverit.
845 782 924 832 Ac
962 781 1095 832 forte
1129 775 1230 833 illis
1267 781 1446 834 diebus
1484 782 1704 834 oblatum
1745 783 1953 836 Caesari
1988 787 2167 838 ein-59

254 888 375 940 ceps
409 873 689 940 periculum
722 872 860 924 auxit
885 888 1017 925 vana
1054 874 1293 940 rumoriS,
1318 874 1649 942 praebuitque
1685 872 1782 942 ipsi
1821 875 2082 928 materiem

253 980 344 1016 cur
375 965 629 1016 amicitiae
669 965 1084 1032 constantiaeque
1115 963 1288 1019 Seiani
1325 965 1487 1034 magis
1520 966 1714 1019 fideret.
1788 964 2085 1019 Vesceba'n-

250 1061 332 1108 tur
366 1057 419 1107 in
458 1057 576 1108 villa
615 1057 695 1108 cui
734 1057 1037 1109 vocabulum
1067 1056 1366 1124 Speluncae,
1406 1074 1545 1110 mare
1584 1058 1918 1110 Amuclanum
1952 1059 2085 1110 inter

251 1147 626 1215 Fundanosque
657 1153 874 1214 montes,
913 1148 1085 1200 nativo
1114 1149 1165 1199 in
1201 1164 1374 1216 specu,
1447 1150 1569 1202 Eius
1604 1165 1664 1202 os
1692 1148 1849 1217 lapsis
1873 1153 2084 1217 repente

191 1254 241 1291 m
255 1240 393 1293 saxis
433 1241 600 1292 obruit
633 1240 879 1307 quosdam
912 1240 1191 1293 ministros:
1233 1240 1352 1291 hinc
1390 1246 1549 1293 metus
1584 1242 1636 1292 in
1672 1241 1836 1294 omnis
1877 1246 1928 1294 et
1961 1241 2083 1309 fuga

254 1347 430 1398 eorum
471 1331 554 1399 qui
591 1333 882 1384 convivium
922 1331 1264 1384 celebrabant.
1340 1333 1554 1385 Seianus
1590 1348 1727 1401 genu
1762 1332 2000 1400 vultuque
2035 1336 2085 1384 et

252 1424 484 1476 manibus
521 1439 673 1490 super
697 1424 970 1475 Caesarem
999 1437 1275 1489 suspensus
1308 1424 1544 1490 opposuit
1573 1439 1690 1476 sese
1724 1423 2083 1488 incidentibuS,

252 1521 403 1582 atque
431 1514 605 1568 habitu
631 1515 719 1566 tali
752 1519 985 1581 repertus
1021 1519 1099 1567 est
1134 1531 1162 1566 a
1186 1514 1425 1567 militibus
1456 1515 1540 1581 qui
1566 1515 1795 1568 subsidio
1823 1518 2084 1567 venerant.

251 1608 414 1660 Maior
466 1623 530 1659 ex
580 1622 675 1671 eo;
735 1613 784 1659 et
841 1621 1140 1673 quamquam
1194 1606 1409 1659 exitiosa
1447 1606 1716 1672 suaderet,
1769 1611 1824 1658 ut
1866 1618 1971 1660 non
2005 1607 2086 1660 sui

188 1699 457 1764 'sanxiuffi
521 1712 633 1750 cum
671 1698 771 1750 fide
810 1698 1124 1750 audiebatur.
1199 1695 1652 1765 Adsimulabatque
1693 1698 1880 1750 iudicis
1914 1703 2085 1765 partes

251 1790 523 1843 adversum
553 1789 841 1841 Germanici
872 1790 1095 1857 stirpem,
1131 1790 1347 1843 subditis
1380 1791 1464 1857 qui
1499 1795 1852 1842 accusatorum
1875 1789 2083 1846 nomina

369 1943 413 1987 8.
448 1942 754 1986 amunclanum
783 1942 848 1997 M,
898 1947 986 1986 non
1019 1943 1177 1986 Furiae
1208 1944 1525 1987 amundunum:
1576 1946 1709 1987 tacite
1741 1945 1932 1987 correxit
1961 1945 2084 1988 Rhe-

253 2014 406 2046 nanus.
527 2003 572 2047 9.
624 2003 935 2059 Fundanosque
976 2002 1247 2046 Beroaldus:
1303 2004 1342 2047 M
1388 2004 1620 2060 fundanos.
1748 2005 1815 2048 10.
1861 2019 1948 2048 oms
1986 2012 2083 2048 cum

252 2063 427 2165 &geulltlln
547 2063 616 2106 16.
649 2062 876 2107 adversum
907 2063 963 2116 M,
996 2076 1085 2106 non
1118 2064 1322 2108 adversus
1352 2063 1584 2118 Beroaldi,
1645 2063 1698 2107 ab
1732 2062 1817 2106 hoc
1847 2076 1982 2120 saepe
2011 2065 2084 2106 ia-

351 2251 591 2287 ceterorum
624 2244 763 2288 nescii
805 2258 957 2302 egere.-
1012 2258 1127 2287 non-

255 2302 365 2344 nihil
396 2303 568 2346 Tacitus
601 2306 683 2346 arti
722 2305 1127 2348 mathematicorum

255 2365 350 2418 ipse
377 2364 552 2405 tribuit:
586 2365 789 2406 nimirum
821 2363 1011 2420 aliquam
1044 2378 1126 2407 ve-

253 2423 396 2464 ritatis
443 2423 680 2466 scintillam
720 2425 802 2465 arti
846 2437 973 2480 quam
1007 2426 1127 2467 casui

253 2482 473 2524 ascribere
506 2483 719 2536 inclinat,
770 2483 869 2524 dum
901 2485 1126 2541 ingentem

251 2554 445 2583 errorem
502 2543 555 2583 ad
607 2542 942 2598 imprudentiam
1003 2543 1126 2601 vulgi

254 2602 405 2642 refert.

344 2659 449 2713 Cap.
478 2659 550 2701 59.
614 2659 800 2701 oblatum
828 2661 1012 2703 Caesari
1042 2675 1127 2703 an-

253 2733 350 2775 ceps
366 2716 633 2775 per-iculum.-
661 2719 855 2761 eiusdem
877 2734 1001 2763 casus
1029 2735 1126 2763 me-

251 2779 377 2820 minit
430 2778 664 2821 Suetonius
718 2777 860 2821 Tiber.
915 2780 998 2834 39,
1052 2781 1125 2836 qui

252 2837 404 2879 villam
444 2836 637 2891 appellat
675 2840 965 2894 praetorium,
1008 2839 1051 2881 h.
1085 2853 1127 2882 e.

250 2897 401 2939 villam
434 2896 725 2952 magnificam.
761 2912 919 2954 anceps
947 2900 1127 2955 pericu-

251 2956 338 2998 lum
385 2967 471 3011 quo
516 2955 706 2998 eflicitur
749 2964 795 2998 ut
844 2960 935 3000 vita
979 2960 1034 3000 sit
1082 2960 1126 2999 in

251 3016 452 3070 ancipiti.

353 3088 474 3117 mare
524 3075 840 3118 Amuclanum:
896 3089 919 3117 a
971 3077 1126 3131 priscis

251 3134 447 3189 Amyclis
479 3134 695 3190 (Plin.111
722 3136 764 3189 9,
796 3135 896 3177 XIV
915 3134 966 3193 8)
990 3148 1126 3190 prope

251 3194 523 3236 'l‘arracinam
571 3195 667 3237 sitis
700 3195 744 3236 id
772 3207 949 3237 nomen.
1013 3195 1126 3249 Spe-

253 3254 409 3296 luncae
439 3256 603 3296 mentio
637 3255 768 3296 etiam
800 3253 915 3309 apud
938 3253 1126 3295 Plinium

252 3312 311 3354 ll!
344 3313 385 3355 9.
450 3313 574 3355 Nunc
606 3313 708 3355 inde
740 3314 899 3355 (licitur
928 3326 1048 3355 mare
1083 3310 1128 3354 di

251 3371 510 3428 Spem-longa..
574 3373 654 3415 Pro
690 3373 999 3427 vaclcmosque
1022 3375 1065 3414 in
1086 3373 1126 3414 M

251 3432 494 3485 fundanos,·
518 3432 561 3472 id
584 3445 638 3473 ex
662 3433 922 3486 compendio
941 3433 1126 3474 obscure

251 3496 402 3531 notato
423 3492 685 3545 (fundanosq
699 3495 733 3547 ,·)
746 3493 963 3548 originem
989 3491 1124 3533 duxit.

254 3548 592 3605 Bezzenberger
623 3551 776 3592 maluit
806 3558 846 3593 et
878 3551 1123 3602 Fundanos,

254 3607 386 3661 idque
426 3608 596 3661 recepit
629 3607 834 3651 Orellius.
901 3608 967 3651 cf.
1003 3610 1053 3652 Η.
1087 3609 1127 3651 11

254 3665 341 3709 78;
376 3666 584 3713 Iudaeam
614 3667 728 3713 inter
757 3669 1026 3727 Syriamque.
1070 3669 1123 3713 Η.

1212 2245 1273 2287 lv
1319 2245 1402 2288 77:
1455 2246 1570 2288 viam
1615 2245 1732 2289 inter
1777 2244 2085 2300 Mosellamque

1211 2306 1381 2360 [lumen.
1444 2305 1495 2348 H.
1541 2306 1579 2347 V
1615 2306 1693 2348 19.
1745 2305 1933 2348 insulam
1971 2306 2087 2354 inter

1217 2363 1547 2419 Ger-,manosque
1600 2363 1760 2406 Contra
1780 2362 1838 2406 vl
1851 2364 1938 2408 33.
1963 2373 2084 2407 mare

1211 2424 1329 2466 inter
1360 2429 1399 2465 et
1431 2430 1640 2466 extremos
1659 2423 1928 2467 Aloanomm
1956 2437 2084 2467 mon-

1214 2490 1289 2526 tes.
1354 2484 1518 2525 Rursus
1549 2483 1602 2525 A.
1635 2484 1719 2526 31:
1757 2482 1941 2526 verbera
1970 2483 2086 2526 inter

1213 2556 1268 2585 ac
1300 2543 1592 2585 contumelias.

1316 2603 1472 2644 iudicis
1515 2609 1685 2659 partes.-
1736 2600 1893 2643 iudicis
1938 2607 2084 2656 partes

1215 2661 1430 2703 eiusmodi
1485 2662 1667 2704 Seianus
1708 2660 1822 2716 apud
1866 2660 2083 2703 Tiberium

1213 2719 1422 2762 adversus
1465 2720 1709 2762 Germanici
1748 2720 1928 2776 stirpem
1969 2722 2084 2763 assi-

1213 2779 1419 2834 mulabat,
1444 2793 1550 2837 quas
1566 2778 1795 2822 Narcissus
1817 2779 1932 2835 apud
1948 2777 2084 2822 Clau-

1214 2839 1331 2881 dium
1376 2846 1527 2882 contra
1567 2838 1844 2882 Messalinam
1891 2839 2084 2894 suscepit

1215 2897 1281 2940 his
1333 2899 1479 2941 verbis
1539 2897 1627 2954 (XI
1672 2900 1791 2957 3o):
1843 2912 1927 2942 nec
1969 2899 2086 2941 nunc

1215 2958 1434 3000 adulteria
1486 2958 1746 3000 obiecturum
1790 2960 1880 3010 ait,
1930 2957 2085 3000 nedum

1214 3019 1391 3059 servitia
1423 3025 1463 3060 et
1493 3025 1656 3060 ceteros
1686 3020 1889 3073 fortunae
1902 3022 2086 3074 paratus

1213 3085 1470 3133 reposceret.
1524 3077 1757 3119 Fruar-etur
1785 3077 1910 3118 inmo
1938 3076 2010 3128 iis,
2045 3081 2085 3117 et

1213 3136 1412 3178 redderet
1453 3149 1631 3178 umorem
1674 3141 1965 3192 wmperetque
2013 3141 2083 3176 ta-

1214 3193 1335 3237 bulas
1395 3195 1624 3252 nuptiales.
1696 3194 1836 3237 Simili
1897 3193 2084 3236 artificio

1215 3255 1420 3308 Seianus,
1455 3267 1713 3309 percurrens
1744 3266 1858 3310 quae
1889 3253 1943 3296 de
1974 3252 2084 3295 Ger-

1213 3315 1371 3356 manici
1418 3314 1568 3356 libcris
1610 3313 1903 3356 afferebantur
1934 3313 2084 3367 iniqua

1215 3386 1359 3415 coram
1368 3373 1557 3426 Tiberio,
1579 3373 1665 3415 alia
1686 3372 1921 3415 excusabat
1941 3378 2083 3425 eoque

1215 3434 1310 3487 ipso
1344 3432 1583 3487 pr,emebat
1618 3431 1705 3474 alia
1737 3429 2083 3486 reprehensione

1215 3492 1348 3548 digna
1385 3505 1484 3534 esse
1491 3491 1824 3562 pronuntiabat,
1858 3494 1902 3530 et
1927 3486 2082 3543 quihus

1216 3551 1314 3594 aliis
1362 3553 1572 3606 principis
1621 3550 1766 3591 odium
1809 3553 1883 3589 aut
1933 3547 2081 3600 suspi-

1212 3612 1384 3652 cionem
1429 3611 1588 3652 irritari
1637 3607 1851 3676 sperabat.
1925 3605 2082 3647 Mureti

1210 3670 1367 3715 indicis
1402 3681 1490 3714 non
1522 3679 1631 3726 opus
1662 3668 1749 3712 iam
1765 3663 2079 3712 mibividetur.
