2222 4022
174 249 271 297 le
965 249 1234 296 PROOEMII

177 409 327 460 rare,
371 393 651 459 impellere,
691 392 966 457 imputare,
1003 392 1290 456 immittere,
1346 391 1641 458 immensus,
1699 393 1815 449 dum
1851 397 2008 449 testes

178 486 277 537 mei
323 485 476 538 modo
517 485 616 535 hoc
663 483 815 534 modo
865 482 987 536 illud
1028 483 1291 534 exhibent:
1353 482 1556 534 servavi
1596 487 1764 535 tamen
1802 482 1854 538 in
1893 489 2008 538 ante

172 577 232 641 pl
259 581 309 629 et
337 592 421 641 pr,
464 581 517 629 ut
556 575 820 639 inplicare,
861 574 1152 638 inprimere,
1181 575 1506 640 inprospera,
1538 579 1752 640 excepto
1788 574 2010 639 implere,

179 668 256 720 sic
295 672 590 722 constanter
624 666 814 731 scripto
861 666 910 715 in
940 666 1020 730 M,
1059 670 1108 717 et
1143 665 1396 717 nonnullis
1440 666 1491 718 in
1532 665 1660 717 locis
1698 665 2006 731 imprudens,

178 759 360 811 eodem
387 764 516 812 teste
553 758 790 821 confisuS,
825 757 941 810 dum
977 758 1029 812 in
1065 752 1177 808 a‘liis
1206 757 1482 821 inprudens
1517 773 1628 813 cum
1652 758 1731 810 Ma
1758 759 2005 825 expressi.

175 850 307 901 Dedi
345 850 495 901 etiam
543 847 795 912 obtinere,
853 863 1151 915 quamquam
1202 849 1329 900 alter
1364 849 1649 914 Mediceus,
1705 865 1813 902 non·
1848 851 2006 917 prior,

175 941 470 1007 plerumque
508 939 746 1004 optinere·
775 940 1122 992 commendat:
1159 956 1273 995 nam
1314 956 1341 991 a
1375 941 1752 1006 praepositione
1789 940 1852 993 ob
1891 946 2009 996 ante

177 1037 197 1080 t
231 1031 536 1082 immutanda
572 1036 784 1097 uterque
821 1031 954 1087 liber
989 1031 1041 1085 in
1075 1031 1186 1084 aliis
1213 1032 1426 1083 vocibus
1451 1032 1744 1098 plerumque
1773 1032 2006 1097 abstinet,

176 1123 404 1175 velutin
444 1121 708 1188 obthere,
766 1122 1064 1187 obtendere,
1117 1122 1368 1184 obtentui,
1433 1123 1691 1183 obterere,
1749 1122 2009 1187 obtestari,

178 1213 494 1276 obtrectare,
555 1213 862 1277 obturbare,
921 1213 1178 1275 obtusior,
1238 1220 1287 1266 et
1335 1215 1387 1268 in
1437 1216 1728 1266 universum
1771 1214 1888 1267 libri
1939 1215 2011 1266 illi

176 1305 370 1370 antiqui
404 1304 568 1371 magis
608 1304 671 1360 ad
708 1305 957 1360 rationem
998 1320 1144 1370 quam
1186 1305 1248 1355 ad
1293 1305 1714 1361 consuetudinem
1748 1305 2008 1360 inclinant.

175 1394 397 1446 Eosdem
434 1395 486 1445 in
537 1395 668 1446 locis
708 1395 933 1460 plurimis
991 1400 1227 1452 auctores
1267 1401 1489 1447 sectatus
1525 1396 1578 1453 in
1624 1401 1739 1447 ante
1786 1396 2006 1462 liquidas

177 1486 195 1535 l
228 1491 277 1537 et
313 1501 343 1536 r
381 1500 485 1537 non
523 1490 762 1536 mutatum
805 1486 972 1550 tenui,
1027 1491 1080 1536 ut
1116 1486 1167 1540 in
1205 1485 1413 1550 inritus,
1472 1486 1721 1550 inridere,
1761 1486 2010 1547 inlustriS,

180 1577 410 1644 inliyare.
486 1577 778 1630 Eorundem
818 1562 1073 1634 consensu
1111 1577 1261 1628 modo
1301 1592 1405 1627 non
1442 1577 1629 1643 ubique
1684 1557 1950 1629 constante
1986 1593 2013 1630 8

177 1670 230 1719 in
266 1669 532 1721 vocabulis
561 1669 855 1735 compositis
890 1674 1005 1735 post
1032 1669 1373 1735 praepositum
1402 1684 1440 1718 cc
1475 1669 1657 1734 delevi,
1691 1668 1847 1723 veluti
1878 1669 2011 1733 exul,

178 1760 398 1827 exilium,
420 1760 662 1836 eccistere,
685 1766 879 1824 eoetare,
913 1761 1150 1811 exolvere
1176 1765 1463 1824 empectare,
1486 1765 1672 1825 cetera,
1697 1765 1798 1811 tum
1831 1760 2013 1827 scripsi

177 1856 440 1917 temptare,
483 1850 754 1916 temptatiO,
790 1851 927 1915 litus,
950 1866 1054 1902 non
1086 1851 1237 1912 littus,
1263 1851 1556 1915 contionem,
1580 1866 1684 1902 non
1711 1851 2013 1915 concionem,

175 1942 484 2008 intelleyere,
524 1957 627 1992 non
666 1941 955 2007 intelliqere,
994 1941 1323 1995 conditionem
1359 1942 1485 2004 (hoc
1520 1942 1793 2009 praecipue
1827 1959 1892 1995 ex
1915 1943 2008 2009 M),

175 2048 281 2085 non
317 2033 673 2099 condicionem,
699 2035 818 2090 item
850 2034 1068 2098 adicere,
1109 2049 1214 2088 non
1248 2033 1486 2099 adiicere,
1525 2034 1755 2085 conicere
1794 2039 1843 2087 et
1882 2048 2010 2101 quae

175 2130 291 2177 sunt
328 2125 557 2179 eiusdem
591 2126 797 2193 generis
835 2126 961 2191 alia,
1017 2127 1175 2192 mille,
1216 2104 1321 2177 non
1357 2127 1486 2191 mile,
1530 2131 1706 2182 contra
1729 2126 1884 2192 milia,
1907 2141 2011 2178 non

173 2216 346 2281 millia,
393 2217 662 2282 sollemnis,
690 2233 793 2268 non
816 2218 1054 2282 solennis,
1095 2219 1389 2280 sollertiam,
1424 2233 1527 2270 non
1568 2218 1842 2272 solertiam.

314 2309 369 2358 In
407 2309 585 2373 quihus
624 2309 750 2360 alter
783 2310 1043 2360 Mediceus
1083 2310 1316 2362 dissentit
1354 2327 1381 2361 a
1419 2311 1607 2376 priore,
1646 2310 1792 2362 huius
1830 2315 2010 2365 aucto-

174 2398 304 2450 ritas
342 2414 435 2465 pro
474 2399 669 2450 maiore
708 2400 940 2451 habenda
992 2406 1083 2451 est.
1159 2402 1330 2467 Itaque
1374 2401 1639 2466 epistulam
1675 2402 1737 2453 ad
1776 2401 1926 2454 fidem
1960 2402 2011 2455 M

177 2490 252 2552 (ei
290 2490 557 2557 aliquoties
596 2491 746 2543 etiam
776 2493 855 2544 Ma
897 2494 1175 2559 consentit)
1211 2493 1545 2559 suppeditavi,
1586 2509 1689 2544 non
1729 2493 2006 2560 epistolam,
2043 2515 2048 2519 ·

176 2581 295 2632 item
335 2582 563 2646 vulgum,
604 2597 707 2632 non
743 2583 970 2649 volqum,
1009 2585 1226 2645 vulnuS,
1267 2599 1369 2638 non
1407 2585 1615 2646 volnus,
1653 2599 1866 2649 aevum,
1905 2600 2010 2637 non

177 2685 373 2734 aevom,
415 2685 635 2735 servum,
672 2688 775 2724 non
812 2688 1030 2737 servom,
1068 2675 1236 2725 divum
1273 2690 1375 2726 non
1412 2675 1591 2726 divom.
1671 2676 1725 2726 In
1763 2677 1840 2728 his
1877 2677 2009 2729 enim

173 2763 222 2814 M
260 2777 461 2828 semper
497 2778 531 2812 u
563 2765 760 2829 probat,
800 2766 880 2816 Ma
924 2766 1056 2817 inter
1092 2782 1126 2816 u
1165 2771 1214 2818 et
1252 2782 1281 2816 ο
1319 2766 1538 2821 fluctuat.

313 2854 647 2906 Praenomina
687 2857 821 2922 quod
862 2857 1024 2923 plenis
1064 2858 1245 2909 litteris
1284 2859 1498 2925 scripsi,
1563 2874 1666 2911 non
1703 2858 1849 2927 siglis
1883 2874 2005 2913 usus

175 2963 311 3013 sum,
350 2953 404 2999 ut
448 2949 656 3001 codices
687 2950 763 3015 Villi
802 2951 1095 3018 plerumque
1134 2953 1393 3017 fecerunt,
1455 2968 1558 3004 non
1589 2953 1742 3005 modo
1781 2953 2008 3019 spectavi

177 3039 494 3092 commodum
528 3040 821 3108 legentium,
863 3042 954 3094 sed
979 3043 1128 3094 etiam
1167 3043 1355 3109 aliquid
1387 3044 1598 3095 rationis
1638 3049 1841 3096 secutus
1879 3059 2003 3096 sum.

175 3131 377 3183 Tacitus
417 3133 576 3196 enim,
630 3134 716 3184 ubi
753 3148 854 3186 uno
895 3135 1100 3187 nomine
1143 3139 1407 3186 contentus
1451 3150 1566 3186 esse
1604 3139 1687 3186 aut
1722 3134 1882 3185 noluit
1924 3140 2008 3187 aut

177 3227 318 3274 recte
362 3238 465 3275 non
501 3225 689 3290 potuit,
749 3242 811 3276 ex
848 3226 1006 3276 tribus
1046 3227 1386 3280 Romanorum
1427 3226 1715 3277 nominibus
1758 3241 1869 3277 cum
1905 3225 2004 3278 duo

177 3313 456 3379 delegerit,
518 3316 671 3366 modo
721 3330 1029 3381 praenomen
1088 3322 1135 3367 et
1184 3332 1399 3382 nomen,
1461 3322 1514 3367 ut
1553 3316 1762 3368 Marcus
1798 3316 2004 3381 Lollius,

176 3404 329 3454 modo
370 3420 553 3456 nomen
602 3412 651 3458 et
699 3422 1015 3474 cognomen,
1074 3413 1126 3459 ut
1166 3406 1470 3472 Pomponius
1508 3406 1793 3471 Secundus,
1850 3406 2003 3458 modo

175 3507 485 3560 praenomen
543 3499 592 3546 et
640 3512 956 3563 cognomen,
1010 3503 1064 3552 ut
1100 3496 1288 3550 Lucius
1326 3497 1476 3564 Libo,
1540 3498 1692 3565 idque
1743 3498 1795 3550 in
1845 3496 2000 3549 variis

175 3582 465 3639 hominihus
523 3582 667 3638 simul
717 3588 987 3640 nominatis
1048 3601 1334 3655 promiscue
1390 3588 1596 3653 fecerit,
1657 3585 1914 3654 colligitur
1951 3586 2000 3639 ei
