2280 4004
1669 92 1899 275 {5⁷³
2039 88 2275 226 52:23³

1588 243 1714 317 aff.
1760 252 1881 328 'f

1956 207 1976 235 f

1888 236 2075 316 121²?

251 428 394 475 actos
439 422 647 475 labores
693 421 1074 489 praetenderet:
1133 421 1297 472 Druso
1340 418 1474 486 quod
1521 416 1619 470 nisi
1668 431 1732 469 ex
1770 414 2074 484 adrogantia

252 514 696 580 impedimentum?

168 591 239 639 ⁶⁰
409 605 508 658 Sed
554 604 783 656 Tiberius
833 603 934 655 vim
991 603 1301 669 principatus
1360 601 1457 653 sibi
1515 600 1743 663 firmans,
1802 596 2072 665 imaginem

254 695 564 762 antiquitatis
606 694 802 745 senatui
837 688 1414 760 praebebat‚'postulata
1453 691 1827 758 provinciarum
1866 689 1930 740 ad
1967 689 2076 740 dis-

255 786 576 852 quisitionem
604 789 798 850 patrum
826 784 1084 835 mittendo.
1161 783 1531 835 Crebrescebat
1563 782 1696 833 enim
1725 781 1947 832 Graecas
1986 794 2076 845 per
2095 793 2116 831 ⁵

254 877 405 928 urb'es
443 875 647 926 licentia
692 880 840 940 atque
876 875 1142 940 impunitas
1184 874 1324 941 asyla
1364 872 1643 936 statuendi3
1697 870 2078 937 complebantur

255 967 435 1033 templa
471 965 705 1032 pessimis
734 966 1088 1028 servitiorum;
1132 965 1320 1041 eodem
1337 963 1590 1038 subsidio
1622 963 1864 1036 obaerati
1889 962 2139 1030 adver-
2111 987 2115 989 ⁴
2142 981 2170 992 a

255 1073 363 1108 sum
401 1057 682 1108 creditores
710 1055 1033 1125 suspectique
1060 1028 1345 1120 capitalium
1376 1036 1636 1105 criminum
1671 1033 2076 1118 receptabantur

253 1131 358 1199 Nec
383 1126 535 1198 ullum
567 1147 691 1198 satis
716 1145 936 1197 validum
974 1145 1236 1210 imperium
1276 1149 1385 1196 erat
1410 1143 1712 1194 coercendis
1742 1142 2079 1194 seditionibus

252 1237 452 1304 populi,
513 1236 705 1304 flagitia
759 1236 1017 1287 hominum
1065 1240 1118 1285 ut
1159 1234 1496 1286 caerimonias
1548 1234 1695 1284 deum
1747 1233 2077 1300 protegentis.
2102 1254 2148 1290 ω

255 1330 412 1397 Igitur
453 1329 690 1396 placitum
725 1332 780 1378 ut
819 1328 1075 1404 mitterent
1121 1326 1350 1396 civitates
1398 1326 1507 1376 iura
1547 1331 1695 1395 atque
1714 1325 1948 1399 legatos.
2023 1325 2083 1377 Et

257 1420 502 1488 quaedam
549 1418 684 1486 quod
731 1390 870 1470 falso
923 1395 1294 1483 usurpaverant
1350 1421 1528 1482 sponte
1585 1415 1831 1478 omisere3
1899 1414 2083 1467 multae

256 1510 465 1561 vetustis
525 1502 965 1574 superstitionibus
1019 1514 1103 1558 aut
1161 1507 1354 1559 meritis
1411 1507 1464 1556 in
1522 1506 1757 1572 populum
1804 1507 2087 1560 Romanuin

258 1600 492 1651 fidebant.
564 1599 847 1666 Magnaque
877 1598 985 1650 eius
1018 1598 1120 1650 diei
1154 1599 1353 1663 species
1392 1597 1498 1661 fuit,
1541 1611 1639 1662 quo
1678 1601 1883 1647 senatus
1919 1596 2086 1646 maio-

258 1706 366 1741 rum
401 1689 678 1754 beneficia‚
741 1689 999 1740 sociorum
1041 1693 1216 1754 pacta,
1273 1703 1452 1755 regum
1501 1687 1650 1739 etiam
1706 1687 1790 1752 qui
1832 1692 1948 1738 ante
1984 1687 2151 1742 vimis

254 1783 529 1833 Romanam
566 1780 829 1831 valuerant
866 1780 1100 1843 decreta,
1152 1779 1476 1845 ipsorumque
1512 1779 1769 1829 numinum
1806 1777 2085 1847 religiones

258 1872 586 1938 introspexit,
641 1872 838 1936 libem,
893 1877 948 1922 ut
994 1871 1278 1938 quondam,
1345 1870 1463 1936 quid
1517 1870 1739 1921 firmaret
1786 1874 2086 1920 mutaretvc.

175 1974 240 2022 61
260 1963 409 2015 Primi
450 1963 670 2015 omnium
710 1963 915 2028 Ephesii
962 1962 1162 2026 adiere,
1222 1966 1561 2012 memorantes
1608 1975 1741 2025 non,
1804 1965 1857 2010 ut
1907 1960 2088 2027 vulgus

263 2053 522 2117 crederet,
577 2054 788 2104 Dianam
826 2058 974 2118 atque
1010 2052 1295 2118 Apollinem
1335 2052 1462 2103 Delo
1502 2051 1733 2118 genitos:
1795 2066 1910 2102 esse
1958 2050 2093 2117 apud-

262 2159 317 2194 se
355 2143 657 2194 Cenchrium
704 2158 927 2207 amnem,
975 2142 1150 2193 lucum
1187 2140 1479 2209 Ortygiam,
1532 2141 1618 2195 ubi
1655 2142 1897 2194 Latonam
1945 2146 2090 2207 partu
2108 2163 2156 2199 20

260 2234 526 2303 gravidam
563 2239 613 2286 et
650 2234 812 2300 oleae,
852 2248 980 2300 quae
1018 2238 1120 2285 tum
1158 2233 1307 2286 etiam
1344 2237 1560 2298 maneat,
1599 2232 1827 2284 adnisam
1865 2232 2091 2284 edidisse

247 289 283 334 a
306 273 355 334 ιι.
388 278 472 332 222
487 309 502 333 „
826 270 989 316 meua
1019 268 1089 317 ni.
1153 267 1258 316 cir.
1292 267 1480 317 58—61.

377 2387 420 2431 6.
454 2387 593 2445 conpl.
626 2389 680 2431 M.
770 2389 840 2432 10.
869 2393 1137 2444 protegentes
1169 2387 1225 2429 M.

262 2448 333 2490 20.
367 2447 620 2489 cenchreum
650 2447 717 2490 M:
760 2448 951 2491 correxit
988 2446 1243 2490 Beroaldus

264 2507 465 2562 ortigiam
492 2506 547 2550 Μ.

1321 2388 1388 2429 11.
1425 2387 1609 2429 civitatis
1639 2388 1694 2429 M.
1798 2387 1864 2430 19.
1902 2393 2003 2442 aput
2035 2387 2090 2429 M.

1386 2445 1525 2488 locum
1564 2446 1630 2487 M:
1673 2447 1865 2488 correxit
1905 2445 2091 2500 Lipsius.

266 2649 363 2689 ioco
415 2647 599 2702 quodam
649 2648 851 2702 opinatur
905 2649 1132 2704 timetque.

266 2706 415 2761 ltaque
455 2706 628 2762 differre
674 2707 889 2749 notionem
935 2707 1134 2762 pontifex

266 2765 477 2805 maximus
499 2765 737 2818 dicebatur,
769 2766 843 2807 ubi
861 2773 970 2809 *ante
993 2766 1134 2808 colle-

269 2824 328 2878 gii
361 2824 620 2864 sententiam
651 2824 725 2865 vel
764 2837 1020 2879 responsum
1054 2838 1135 2866 ex-

269 2881 399 2936 periri
432 2881 638 2933 volebat3
671 2895 713 2925 v.
748 2883 848 2924 infr.
883 2897 921 2925 c.
957 2884 1026 2925 71.

360 2938 511 2980 bellum
549 2939 738 2982 scilicet:
780 2942 982 2998 intellige
1025 2956 1138 2995 esse,·

271 2998 460 3038 imitatur
471 2998 784 3068 indignationis
800 3000 987 3042 dissecta
998 3013 1138 3043 mem-

271 3056 343 3098 bra
378 3062 421 3098 et
452 3069 599 3111 parum
620 3059 867 3101 coniuncta.
916 3059 1010 3101 Non
1028 3072 1138 3114 opus

271 3122 336 3156 est
375 3115 508 3169 Lipsii
550 3116 681 3170 bello,
731 3130 875 3174 neque
922 3118 1138 3160 Pichenae

270 3173 376 3214 bello
412 3188 518 3226 eum,
551 3176 665 3230 quod
697 3177 771 3216 vix
786 3177 1024 3219 Tacitinum
1055 3183 1135 3220 est.

1218 2649 1458 2703 neimperii
1481 2647 1795 2694 administratio
1818 2647 1946 2690 nimis
1965 2647 2096 2691 cruda

1218 2707 1455 2751 videretur.

1311 2767 1502 2809 Graecas
1525 2781 1608 2823 per
1635 2767 1787 2809 urbes.-
1835 2772 1934 2808 sunt
1966 2767 2095 2807 urbes

1220 2826 1475 2879 provinciae
1517 2827 1671 2878 Asiae,
1725 2824 1804 2867 sed
1851 2827 1894 2866 in
1939 2825 2096 2881 quibus

1224 2883 1388 2926 Graeca
1419 2884 1570 2941 lingua
1603 2891 1646 2926 et
1678 2897 1820 2926 mores
1835 2883 2095 2926 Graecorum

1223 2943 1495 2986 obtinebant.

1312 3000 1415 3058 Gap.
1459 3002 1530 3046 61.
1597 3002 1856 3046 Cenchreum
1902 3014 2097 3043 annnam:

1224 3059 1387 3102 Graece
1419 3068 1484 3103 est
1518 3061 1541 3106 ὁ
1573 3067 1821 3120 Κέγχριος,
1858 3067 1902 3102 et
1926 3060 2099 3114 perfluit

1223 3118 1368 3160 lucum
1418 3119 1642 3176 Ortygiam
1686 3133 1822 3174 prope
1875 3118 2097 3172 Ephesum

1222 3178 1386 3220 urbem
1417 3179 1566 3219 Strabo
1593 3178 1689 3220 XIV
1715 3180 1734 3218 1
1770 3178 1852 3221 20.
1888 3179 1937 3220 ἐν
1969 3176 2015 3218 δὲ
2049 3180 2098 3232 τῇ

358 3230 461 3286 Cap.
493 3207 565 3275 60.
630 3235 716 3275 Sed
751 3235 937 3277 Tiberius
959 3261 1015 3268 —
1036 3237 1137 3277 mit-

270 3290 424 3331 aeendo:
457 3303 510 3331 ex
544 3290 611 3331 his
643 3292 806 3334 clarum
837 3306 913 3335 cur
933 3294 1016 3335 hoc
1040 3295 1136 3347 ipso

271 3349 368 3389 loco
401 3361 512 3403 quae
540 3349 623 3390 iam
645 3358 884 3405 sequuntur
905 3353 1138 3393 inseruerit

268 3408 462 3448 Tacitus:
529 3420 624 3448 nam
690 3415 789 3450 ante
841 3410 1023 3451 relatum
1072 3416 1138 3451 est

269 3465 484 3521 quomodo
518 3467 606 3507 vim
639 3468 906 3521 principatus
941 3468 1136 3510 Tiberius

270 3524 350 3565 sibi
406 3524 641 3565 firmaverit
704 3527 830 3567 etiam
884 3539 1137 3568 successore

271 3583 512 3641 designato,
532 3597 646 3626 nunc
665 3585 880 3640 quomodo
904 3586 1135 3642 imaginem

273 3642 401 3691 moris
435 3644 599 3699 antiqui
630 3644 824 3698 patribus
857 3645 1138 3696 concesserit‚

1223 3235 1334 3294 αὐτῇ
1382 3239 1591 3294 παραλίᾳ
1627 3230 1816 3307 μικρὸν
1853 3234 1967 3290 ὑπὲρ
2022 3242 2097 3284 τῆς

1222 3279 1453 3348 Ἰαλοὲῐιης
1506 3297 1602 3338 ἐστὶ
1655 3299 1733 3337 καὶ
1794 3292 1816 3347 ἧ
1862 3293 2029 3350 001⁰)
2035 3297 2095 3342 ια

1223 3352 1480 3407 διαπρεπὲς
1500 3353 1639 3402 ἄλσος
1659 3351 1960 3406 παντοδαπῆς
1978 3351 2043 3395 ῧλ
2034 3367 2095 3403 ις,

1221 3416 1506 3464 κυπαρίττου
1552 3412 1599 3453 δὲ
1633 3413 1708 3464 τῆς
1742 3414 1966 3465 πλείστης.
2023 3411 2096 3452 ‹51-

1223 3477 1359 3525 αρρεῖ
1394 3470 1442 3513 δὲ
1473 3470 1496 3512 ὁ
1520 3472 1753 3539 Κέγχριος
1782 3471 2007 3540 ποταμός,
2041 3460 2099 3511 οὖ

1225 3540 1349 3595 φικσι
1390 3533 1630 3585 νίψασθαι
1669 3544 1754 3582 την
1792 3522 1929 3599 Λητώ
1977 3522 2096 3586 μετὰ

1225 3583 1306 3635 τὰς
1338 3588 1525 3636 ωδῐνας
1559 3588 1764 3633 ἐνταῦθα
1790 3583 1886 3658 γὰρ
1916 3587 2097 3656 μυθεύ-

1225 3660 1330 3690 ουσι
1369 3642 1445 3702 τὴν
1479 3650 1666 3706 λοχείαν
1684 3651 1760 3692 καὶ
1794 3645 1878 3702 τήν
1914 3643 2095 3706 τροφὸν
