2222 4022
192 268 232 311 ..4
927 268 930 271 ’
965 264 1259 310 ANNALIVM

195 443 198 446 ·
233 428 240 431 ⁴
286 430 288 432 ·
337 411 607 479 Postquam
642 410 795 462 Bruto
837 414 886 462 et
912 411 1092 464 Cassio
1132 411 1298 464 caesis
1333 407 1468 460 nulla
1495 406 1603 477 Viam
1629 403 2075 483 PFbef-Qssfflh2

200 501 467 570 Pompeius
513 505 641 571 apud
681 504 904 557 Siciliam
953 518 1226 571 oppressus
1251 541 1264 568 ,
1317 507 1569 569 exutoque
1606 497 1828 572 Lepido,
1864 497 2028 550 inter-

197 591 336 645 fecto
386 594 612 647 Antonio
653 611 719 648 ne
765 594 971 646 Iulianis
1033 592 1236 659 quidem
1279 589 1506 658 partibus
1550 572 1650 641 nisi
1688 589 1878 642 Caesar
1926 587 2030 641 dux

197 687 456 753 reliquus,
515 685 682 753 posito
735 683 986 735 triumviri
1033 684 1240 756 nomine
1284 682 1541 734 consulem
1579 696 1637 734 se
1673 681 1846 732 ferens
1876 683 1928 731 et
1961 677 2033 742 ad⁴

161 779 440 831 amendam
473 777 674 844 plebem
698 776 971 827 tribunicio
1007 760 1117 827 iure
1156 778 1461 839 contentum,
1499 773 1584 824 ubi
1614 771 1821 824 militem
1860 769 2026 835 donis,

131 850 145 938 f
197 870 435 937 populum
476 882 708 933 annona,
767 870 978 917 cunctos
1035 865 1306 916 dulcedine
1346 863 1435 915 otii
1485 863 1723 930 pellexit,
1762 861 2030 928 insurgere

132 942 141 1031 ἶ
195 960 465 1027 paulatim,
503 956 673 1009 munia
720 961 925 1009 senatus
975 956 1358 1024 magistratuum
1416 954 1584 1022 legum
1622 953 1675 1004 in
1713 967 1771 1005 se
1806 950 2028 1015 trahere,

193 1050 332 1102 nullo
377 1049 699 1115 adversante,
740 1063 853 1100 cum
894 1047 1202 1100 ferocissimi
1238 1062 1337 1113 per
1363 1046 1501 1098 acies
1533 1050 1616 1096 aut
1655 1041 2030 1111 proscriptione

1111 1174 1154 1217 3.
1187 1172 1377 1216 iulianus
1407 1172 1460 1215 M.

324 1178 365 1220 2.
401 1182 502 1234 aput
534 1175 589 1219 M.
632 1181 860 1231 eoesutoque
897 1174 949 1217 M.
1613 1169 1656 1213 4.
1694 1168 1855 1225 reliqus
1895 1181 1946 1224 pr
1973 1165 2028 1210 M.

194 1279 453 1334 ἐπεκλήθη,
497 1274 655 1334 ὥσπερ
695 1277 746 1322 ἐν
793 1278 840 1338 τῇ
886 1274 1075 1334 α’κριβεῖ

196 1339 483 1399 δημοκρατίᾳ
515 1338 805 1396 ἐνενόμιστο.
869 1336 949 1377 Hic
983 1348 1069 1376 no-

193 1404 284 1444 ster
314 1412 352 1439 c.
384 1396 443 1440 9:
475 1410 564 1439 non
593 1410 727 1452 reqno
761 1403 903 1437 tamen
933 1406 1070 1450 neque

194 1459 426 1508 dictatura,
449 1456 523 1499 sed
537 1456 751 1513 principis
771 1456 942 1497 nomine
962 1469 1070 1497 con-

193 1518 383 1559 stitutam
416 1529 507 1558 rem
535 1515 764 1571 publicam.

280 1575 439 1618 veteris
467 1574 618 1632 populi
646 1574 835 1617 Romani
859 1586 1071 1630 prospera

192 1634 260 1677 vel
295 1635 506 1677 adversa:
544 1633 696 1689 populi
729 1645 890 1674 nomen
925 1644 1069 1688 oppo-

193 1695 314 1736 nitur
348 1694 535 1750 singulis
566 1692 816 1735 hominibus
852 1706 944 1734 rem
976 1693 1068 1734 Ro-

193 1767 363 1797 manam
423 1752 527 1795 inde
591 1753 643 1794 ab
701 1753 902 1808 Augusto
970 1756 1069 1806 post

192 1815 419 1856 Actiacam
471 1825 661 1868 pugnam
714 1811 1065 1853 moderantibus:

195 1875 299 1916 hinc
333 1874 448 1915 enim
467 1885 537 1913 res
566 1872 829 1927 principum,
861 1883 951 1911 non
984 1882 1067 1925 po-

192 1933 287 1987 puli
310 1937 554 1974 narrantur.
602 1931 755 1986 Itaque
779 1932 924 1972 statim
961 1937 1068 1971 tem-

188 2005 304 2048 pora
337 1992 544 2047 Auyusti‚
578 2003 681 2032 mox
718 1990 874 2031 Tiberii
907 1989 1069 2044 Gaique

194 2059 235 2094 et
261 2051 434 2093 Claudii
469 2064 523 2092 ac
544 2050 731 2093 Neronis
762 2063 832 2090 res
863 2049 1068 2104 legimus,

196 2117 349 2153 contra
377 2110 429 2151 Η.
456 2110 476 2151 1
514 2111 532 2150 1
570 2110 667 2151 dum
696 2123 765 2150 res
793 2107 942 2164 populi
976 2109 1070 2150 Ro-

193 2170 314 2212 mani
367 2169 716 2211 memorabantur
769 2168 823 2209 de
871 2173 1070 2221 tempore

195 2230 249 2271 ab
282 2228 390 2270 urbe
417 2228 593 2270 condita
617 2240 756 2282 usque
778 2226 831 2268 ad
853 2227 1069 2280 proelium

194 2290 440 2329 Actiacum.
486 2287 613 2329 Conf.
636 2287 692 2327 Xl
724 2287 807 2329 24:
843 2286 1070 2327 libertino-

194 2362 290 2388 rum
317 2347 420 2400 siliis
447 2348 723 2403 maqistralus
753 2345 958 2386 mandari
983 2358 1072 2384 non

195 2431 252 2438 —
281 2419 449 2462 repens,
483 2407 556 2447 secl
581 2405 724 2461 priori
750 2403 906 2460 populo
942 2406 1070 2458 (son-

196 2466 304 2507 dern
335 2479 430 2507 vom
470 2464 598 2507 Volke
629 2465 676 2505 in
716 2463 921 2518 [ritherer
951 2463 1068 2519 Zeit)

193 2526 469 2579 factitatum.-
525 2525 687 2580 quippe
734 2522 839 2564 olim
881 2522 1070 2577 populus

195 2586 291 2625 sive
344 2583 522 2625 comitia
565 2583 846 2638 magistratus
888 2580 1070 2622 manda-

195 2642 315 2694 bant,
333 2655 441 2697 quos
460 2648 556 2696 post
573 2641 776 2696 princeps
798 2641 1069 2682 conferebat.

197 2700 247 2743 Ο.
295 2701 370 2743 19:
401 2701 533 2756 facile
565 2701 813 2757 perferebat
837 2701 964 2756 prior
995 2699 1071 2741 ille

190 2761 374 2816 populus
392 2761 480 2816 (die
506 2760 851 2816 Volksyemeindc
869 2760 947 2801 der
968 2761 1070 2814 [Μῖ-

195 2819 331 2861 Ιιενεη
373 2820 487 2877 Zeit)
545 2847 599 2854 —
653 2820 1071 2876 impeditissimarum

197 2880 440 2920 orationum
470 2880 626 2934 spatia.

283 2938 417 2979 donec
450 2937 655 2993 yliscente
699 2937 949 2979 adulatione
992 2936 1070 2977 de-

196 3002 493 3038 terrerentur.-
522 2996 595 3038 ubi
616 3010 759 3038 rerum
783 2996 1069 3050 scriptoribus

196 3055 493 3109 periculosum
527 3062 593 3097 est
622 3068 711 3096 nou
747 3054 941 3107 adulari,
987 3055 1069 3095 de-

196 3127 300 3156 cora
340 3116 519 3171 ingenia
566 3128 657 3156 rem
699 3115 901 3156 omittere
943 3126 1069 3168 quam

196 3174 368 3227 prolabi
430 3176 476 3215 in
537 3174 834 3216 adulationem
887 3172 1069 3213 malunt.

195 3233 242 3273 ln
279 3233 543 3275 adulationis
585 3235 796 3275 memoria
842 3232 1069 3288 cogitavit,

196 3297 317 3345 puto,
351 3293 588 3347 praecipue
621 3292 675 3334 de
710 3291 885 3333 Velleio
917 3291 1070 3332 Pater-

198 3351 298 3391 culo
323 3357 365 3392 et
394 3351 571 3393 Valerio
590 3352 793 3394 Maximo.
906 3351 955 3391 ob
977 3365 1069 3391 me-

197 3416 283 3449 tum
302 3409 469 3462 falsae.-
502 3410 642 3464 falsae
668 3417 732 3453 est
756 3410 810 3452 ad
829 3409 1068 3453 fallendum

199 3469 467 3520 compositae
487 3470 745 3524 (verfiilscht
775 3471 869 3512 sive
892 3471 938 3511 in
967 3483 1069 3511 ver-

197 3526 406 3579 sdlschter
438 3527 640 3582 Gestalt).
700 3527 826 3570 Conf.
861 3530 916 3571 7:
951 3535 1068 3571 tanto

196 3586 334 3640 maqis
367 3584 470 3640 salsi
501 3599 554 3626 ac
594 3588 860 3641 festinantes.
924 3587 980 3632 Ill
1014 3588 1068 3631 3:

196 3657 253 3694 ne
284 3668 338 3679 --
368 3643 473 3705 falsi
504 3643 869 3706 intellegerentur.

1250 1273 1355 1329 Cap.
1371 1276 1413 1317 2.
1443 1271 1566 1315 nulla
1587 1273 1675 1313 iam
1686 1269 1863 1328 publica
1879 1282 2028 1311 arma.-

1157 1348 1275 1376 arma
1321 1347 1433 1389 quae
1482 1331 1727 1374 tractabant
1760 1329 2029 1372 Octavianus

1157 1401 1201 1436 et
1231 1394 1448 1436 Antonius
1493 1405 1581 1433 non
1633 1392 1678 1432 in
1715 1391 1781 1432 rei
1824 1388 2030 1444 publicae

1155 1467 1306 1506 usum,
1340 1453 1418 1495 sed
1448 1465 1526 1506 pro
1564 1452 1655 1493 suis
1691 1451 1860 1503 coeptis
1906 1455 1950 1490 et
1984 1449 2029 1490 in

1156 1527 1277 1555 suam
1314 1512 1550 1553 utilitatem
1584 1514 1845 1566 gesserunt,
1884 1513 1930 1550 et
1957 1519 2029 1549 res

1155 1572 1333 1628 publica
1369 1570 1516 1611 aliena
1550 1569 1663 1625 (ttl
1693 1570 1739 1625 1)
1774 1568 1892 1610 facta
1921 1572 2028 1610 erat.

1246 1631 1465 1687 Pompeius
1497 1629 1611 1686 apud
1631 1627 1828 1670 Siciliam
1852 1641 2030 1684 oppres-

1154 1705 1253 1733 sus:
1297 1691 1501 1732 devictus
1543 1694 1611 1730 est
1657 1688 1757 1730 Sex.
1796 1686 2030 1742 Pompeius

1154 1749 1303 1792 navali
1335 1761 1483 1805 pugna
1507 1747 1622 1802 apud
1637 1746 1911 1790 Naulochum
1939 1757 2029 1788 non

1155 1809 1308 1865 procul
1343 1823 1368 1851 a
1398 1807 1554 1850 Peloro
1599 1806 1793 1849 Siciliae.
1819 1817 2028 1861 promon-

1155 1870 1267 1910 torio
1300 1882 1356 1910 m.
1394 1866 1638 1921 Septembri
1680 1879 1719 1908 a.
1767 1865 1879 1918 7183
1925 1864 2029 1907 inde

1155 1930 1368 1984 profugus
1402 1927 1455 1969 ad
1485 1927 1723 1968 Antonium
1767 1931 1919 1980 captus
1961 1929 2029 1966 est

1154 1990 1199 2030 in
1216 1989 1323 2030 Asia
1343 1999 1585 2042 caesusque
1609 1999 1647 2027 a.
1665 1983 1776 2028 719:
1800 1985 2028 2039 Appianas

1155 2049 1205 2090 B.
1240 2046 1288 2089 G.
1323 2047 1359 2088 V
1408 2046 1639 2088 118-122
1686 2050 1731 2086 et
1779 2042 2024 2088 140—144.

1155 2108 1239 2149 Dio
1267 2105 1398 2150 XLIX
1422 2106 1565 2149 8-11
1602 2109 1646 2146 et
1674 2104 1738 2146 18.
1791 2102 2027 2146 Suetonius

1155 2167 1269 2222 Aug.
1309 2166 1375 2209 16.
1419 2164 1649 2206 Kalendar.
1692 2163 1907 2205 Amitern.
1957 2161 2026 2205 ed.

1156 2226 1343 2282 Foggin.
1369 2238 1410 2278 p.
1439 2224 1535 2266 113.
1564 2224 1840 2265 Drumannus
1863 2222 2025 2264 Hister.

1156 2286 1279 2327 Rom.
1312 2290 1343 2325 t.
1383 2283 1442 2324 1v
1475 2296 1516 2336 p.
1550 2283 1637 2325 584
1668 2295 1763 2337 sqq.

1247 2343 1460 2384 consulem
1502 2356 1546 2382 se
1589 2344 1735 2396 ferens
1775 2348 1815 2383 et
1854 2365 1911 2373 —
1942 2341 2027 2382 tri..

1157 2404 1325 2445 bunicio
1344 2403 1438 2443 iure
1461 2408 1729 2443 contentum:
1762 2400 1817 2442 Μ.
1832 2400 2026 2441 Antonio

1157 2462 1209 2504 ad
1240 2463 1413 2504 Actium
1456 2460 1632 2502 devicto
1682 2460 1816 2516 (723)
1865 2457 2028 2502 Caesar

1157 2522 1421 2564 Octavianus
1460 2526 1560 2561 octo
1595 2519 1848 2562 consulatus
1880 2520 2026 2560 conti-

1155 2593 1265 2622 nuos
1284 2580 1481 2636 (724-7
1488 2580 1568 2636 31)
1592 2580 1754 2636 gessit:
1791 2579 2027 2622 Suetonius

1155 2640 1270 2696 Aug.
1299 2639 1370 2682 26.
1399 2639 1499 2681 Iure
1523 2639 1758 2680 tribunicio
1783 2650 1900 2680 nove
1920 2637 2027 2679 dicit

1156 2712 1233 2754 pro
1260 2705 1469 2756 potestate
1500 2698 1627 2751 trib.‚
1665 2711 1777 2753 quae
1809 2697 1913 2752 quid
1943 2710 2026 2740 va·-

1156 2759 1245 2801 leat
1278 2759 1332 2800 ab
1356 2760 1450 2812 ipso
1483 2757 1749 2800 declaratum
1781 2762 1848 2798 est
1867 2755 1925 2798 111
1951 2756 2023 2799 56.

1157 2817 1283 2859 Conf.
1315 2819 1332 2858 l
1354 2819 1381 2859 3
1405 2824 1448 2859 et
1467 2818 1507 2860 7.
1555 2816 1791 2859 Suetonius
1810 2815 1925 2872 Aug.
1951 2815 2023 2858 27.

1155 2878 1239 2919 Dio
1264 2877 1355 2918 L111
1382 2877 1447 2919 17.
1493 2875 1598 2918 Eam
1630 2881 1890 2931 potestatem
1922 2887 2025 2930 per-

1156 2943 1329 2991 petuam
1378 2937 1549 2990 accepit
1593 2949 1632 2977 a.
1668 2936 1778 2978 731:
1820 2934 1904 2976 Dio
1935 2934 2027 2976 Lm

1155 2997 1227 3038 32.
1331 2996 1403 3036 ubi
1432 2994 1606 3036 militem
1643 2995 1791 3047 donis,
1823 2993 2027 3050 populum

1155 3068 1333 3096 annona
1358 3079 1414 3086 —
1440 3054 1617 3109 pellexit
1637 3069 1650 3094 .·
1687 3054 1799 3094 haec
1831 3054 2024 3095 imitatus

1157 3120 1223 3156 est
1248 3114 1351 3155 Aur.
1384 3114 1547 3165 Victor,
1581 3114 1653 3167 qni
1685 3112 1739 3154 de
1761 3110 2020 3154 Caesaribus

1159 3176 1209 3214 1:
1261 3172 1521 3214 Octavianus
1563 3196 1619 3203 —-
1660 3185 1759 3212 mox
1796 3185 2026 3227 procerum

1155 3231 1344 3273 consulto
1368 3232 1417 3273 ob
1440 3231 1666 3273 victoriam
1683 3231 1875 3286 patriam
1897 3233 2025 3287 (cor-

1154 3293 1249 3348 rige
1308 3294 1505 3347 partam)
1561 3289 1734 3346 placide
1792 3291 2026 3332 exercitam

1152 3351 1334 3406 Auyusti
1371 3349 1644 3406 coynomento
1677 3349 1840 3402 diceus,
1871 3348 2025 3391 illectis

1148 3425 1229 3466 per
1259 3410 1374 3451 dona
1412 3409 1611 3451 militibus
1655 3416 1780 3464 atque
1821 3421 2024 3449 annonae

1155 3470 1375 3511 curandae
1400 3470 1538 3526 specie
1556 3468 1695 3524 vulqo,
1723 3475 1884 3510 ceteros
1907 3466 2025 3510 haud

1155 3529 1382 3585 difficulter
1410 3529 1584 3584 subeqit.

1239 3590 1388 3629 munia
1407 3595 1579 3629 senatus
1601 3586 1926 3641 magistratuum
1955 3584 2022 3627 le-

1152 3660 1251 3708 qum
1270 3648 1318 3691 in
1337 3661 1381 3690 se
1400 3646 1573 3690 trahere
1589 3659 1603 3688 .-
1638 3657 1751 3705 quae
1769 3650 1915 3704 patres
1939 3644 2021 3691 de-
