2280 4004
194 218 288 261 232
902 248 904 250 »
940 223 943 225 “
966 218 1267 264 ANNALIVM

813 429 1028 515 LIBER
1090 409 1450 538 QVARTVS.

740 759 1235 815 BREVIARIVM
1293 762 1518 816 LIBRI.

373 916 480 971 Cap.
517 916 675 958 1-16,
767 917 969 970 Sequitur
1029 929 1171 959 annus
1226 929 1255 958 a
1299 916 1401 960 Chr.
1445 919 1667 961 vicesimus
1721 920 1894 973 tertius,
1966 921 2043 976 qui

203 990 328 1031 rebus
359 990 406 1030 in
435 988 539 1030 urbe
573 990 682 1030 actis
715 995 823 1031 totus
854 990 1095 1031 insumitur.
1163 990 1330 1032 Caesar
1360 994 1527 1033 saevire
1554 992 1707 1049 incipit
1737 999 1811 1035 aut
1841 993 2042 1035 saevien-

201 1063 313 1105 tibus
343 1063 457 1104 vires
483 1062 710 1118 praebere.
775 1062 952 1104 Initium
985 1070 1023 1103 et
1058 1076 1192 1104 causa
1218 1078 1350 1120 penes
1382 1063 1553 1106 Aelium
1584 1066 1805 1119 Seianum,
1840 1066 1890 1109 de
1924 1068 2043 1109 cuius

195 1138 363 1193 patria,
397 1136 598 1188 moribus,
634 1134 839 1177 consiliis.
907 1136 989 1188 Qui
1018 1143 1063 1178 ut
1094 1135 1310 1179 destinata
1334 1139 1562 1194 perficeret
1592 1139 1840 1196 imperiique
1873 1154 2042 1198 compos

178 1209 345 1264 ssfieret,
397 1210 591 1251 cohortes
626 1210 876 1266 praetorias
916 1210 963 1250 in
1004 1223 1094 1251 una
1139 1217 1285 1253 castra
1329 1211 1470 1264 ducit,
1521 1226 1621 1253 moa>
1660 1212 1831 1255 Liviam
1875 1220 2043 1270 stuprat

202 1283 338 1326 Drusi
371 1285 608 1338 coniuyem,
641 1284 777 1339 ipsum
807 1297 971 1324 veneno
1002 1284 1263 1340 intercipere
1295 1285 1479 1327 intendit
1500 1286 1672 1343 (1-3).
1739 1287 1908 1330 Drusus
1929 1287 2042 1331 Ger-

201 1358 365 1399 manici
390 1356 504 1411 filius
536 1365 678 1412 toyam
707 1357 878 1398 virilem
910 1358 1048 1410 sumit,
1088 1357 1276 1399 Tiberius
1302 1360 1386 1400 iter
1418 1359 1465 1400 in
1484 1360 1736 1414 provincias
1759 1360 1932 1403 simulat
1955 1363 2038 1418 (4).

201 1430 268 1472 Ab
301 1430 382 1471 hoc
415 1437 600 1486 tempore
633 1429 758 1486 lapsa
792 1437 851 1472 est
893 1431 1064 1486 imperii
1107 1431 1313 1486 dignitas,
1363 1445 1491 1486 eoque
1533 1446 1679 1474 rerum
1722 1434 1909 1490 scriptor
1935 1447 2043 1491 per-

203 1510 346 1546 censet
382 1517 490 1558 quae
523 1509 623 1545 tunc
654 1506 855 1546 Romana
886 1503 1041 1545 militia
1070 1505 1117 1545 in
1149 1505 1304 1557 armis,
1355 1505 1426 1559 qui
1468 1506 1576 1548 socii
1616 1519 1818 1562 regesque
1845 1508 2043 1564 potentia

200 1577 402 1618 Romana
436 1577 646 1632 protecti,
709 1577 810 1618 item
855 1576 905 1616 de
950 1578 1103 1617 ceteris
1158 1577 1224 1618 rei
1265 1576 1465 1633 publicae
1504 1578 1702 1634 partibus
1741 1580 1938 1635 eti-ponit,
1991 1579 2042 1621 de

200 1650 326 1691 rebus
360 1650 590 1702 Caesaris,
619 1649 756 1706 plebis
788 1652 1012 1692 Rom-anae
1043 1656 1179 1703 statu,
1225 1658 1486 1707 postremum
1517 1652 1567 1693 de
1595 1653 1834 1708 provinciis
1865 1655 2038 1711 (5—7).

200 1723 390 1765 Drusum
421 1724 607 1765 Seianus
650 1722 781 1776 tollit,
832 1730 1027 1781 senatum
1073 1737 1125 1765 ea
1174 1723 1296 1766 clade
1339 1732 1601 1766 neaerentem
1643 1728 1840 1768 oratione
1874 1727 2041 1769 Caesar

202 1799 350 1854 eriqit,
402 1799 651 1840 Germanici
683 1796 838 1838 liberos
884 1798 923 1839 ei
955 1797 1220 1839 commendat
1259 1799 1431 1853 imperii
1460 1799 1637 1840 heredes
1670 1801 1840 1857 (7-8).
1906 1799 2043 1842 Drusi

199 1874 345 1927 sunus,
381 1879 420 1913 et
452 1872 502 1913 de
534 1872 650 1913 obitu
682 1872 771 1919 eius
802 1870 907 1927 salsi
939 1885 1131 1912 rumores
1161 1871 1366 1930 (9—11).
1433 1872 1619 1914 Seianus
1649 1860 1808 1930 coeptis
1839 1859 2040 1917 insistens

200 1944 489 2000 Agrippinam
529 1944 778 1985 criminibus
817 1944 932 1999 apud
967 1944 1207 2000 principem
1242 1944 1493 1986 insectatur.
1529 1945 1640 2003 (12).
1709 1945 1752 1987 1s
1782 1946 1849 1988 ius
1885 1947 2040 1990 civium

202 2024 387 2070 tractat,
407 2031 578 2074 preces
617 2018 842 2058 sociorum·
862 2018 971 2074 (13).
1054 2016 1312 2072 Leqationes
1349 2018 1617 2059 Graecarum
1657 2019 1877 2061 civitatum
1910 2018 2043 2074 asyla

198 2091 456 2145 petentium,
503 2092 604 2132 item
638 2090 843 2132 Caesaris
884 2089 1039 2131 relatio
1081 2091 1130 2131 de
1169 2091 1435 2132 immodestia
1473 2090 1755 2145 histrionum,
1805 2094 1876 2148 qui
1907 2092 2043 2134 Italia

196 2162 313 2219 pulsi
339 2171 437 2206 sunt
457 2165 569 2224 (14).
634 2164 758 2206 Alter
789 2178 842 2205 ex
872 2165 1053 2220 qeminis
1075 2163 1211 2205 Drusi
1242 2163 1388 2206 liberis
1418 2165 1694 2220 extinguitur,
1729 2167 1828 2208 item
1847 2166 2041 2209 Lucilius

204 2236 378 2293 Lonyus
413 2238 617 2280 Caesaris
665 2239 850 2290 amicus;
903 2237 1054 2294 Capito
1094 2245 1359 2294 procurator
1399 2238 1625 2280 damnatus
1665 2241 1777 2299 (15).
1862 2239 2042 2283 Flamen

203 2309 348 2352 Dialis
380 2311 560 2367 leqitur‚·
594 2313 643 2352 de
674 2314 769 2355 iure
802 2310 995 2354 Dialium
1026 2325 1138 2353 nova
1171 2312 1241 2352 leoe
1273 2312 1446 2353 decreta
1479 2312 1590 2369 (16).

373 2385 479 2440 Cap.
517 2386 705 2427 17—33.
769 2384 922 2426 Annus
955 2399 983 2425 a
1017 2385 1120 2427 Chr.
1153 2386 1376 2427 vicesimus
1410 2392 1600 2439 quartus,
1640 2385 1798 2427 Tiberii
1823 2387 2038 2444 principis

201 2459 465 2500 undecimus.
542 2459 671 2500 Cuius
715 2460 838 2500 initio
880 2459 1103 2515 pontifices
1139 2472 1192 2500 ac
1225 2460 1356 2500 ceteri
1400 2458 1643 2500 sacerdotes
1678 2472 1771 2499 cum
1798 2472 1879 2514 pro
1911 2461 2067 2501 inco-·

202 2532 395 2574 lumitate
425 2532 635 2587 principis
667 2540 766 2574 vota
799 2533 1064 2588 susciperent
1097 2539 1136 2573 et
1170 2532 1386 2574 Neronem
1410 2532 1676 2586 Drusumque
1710 2531 1866 2574 eisdem
1895 2533 2040 2574 numi-

200 2605 325 2645 nibus
358 2604 718 2656 commendarent,
751 2606 945 2659 9raviter
965 2605 1247 2660 offenderunt.
1314 2605 1450 2656 Quam
1473 2618 1649 2646 causam
1679 2611 1833 2646 nactus
1853 2606 2040 2647 Seianus

200 2678 333 2720 instat
373 2678 489 2733 apud
525 2677 735 2718 Tiberium
775 2685 820 2718 ut
859 2691 969 2719 unus
1014 2678 1176 2719 alterve
1223 2679 1406 2719 maoeme
1444 2680 1631 2734 prompti
1673 2678 2034 2721 subverte-rentur.

203 2751 343 2807 Iqitur
376 2751 508 2793 Gaius
543 2750 699 2804 Silius,
753 2750 1000 2793 Germanici
1041 2751 1140 2792 olim
1172 2752 1334 2793 amicus
1373 2758 1411 2792 et
1443 2751 1632 2807 leqatus,
1682 2752 1919 2794 maiestatis
1955 2766 2040 2808 po-

201 2823 380 2865 stulatus
425 2831 509 2877 est,
566 2825 637 2879 qui
675 2825 962 2867 imminentem
1009 2825 1327 2868 damnationem
1368 2825 1612 2868 voluntario
1657 2826 1742 2880 fine
1786 2816 2038 2883 praevertit.

210 2897 326 2938 Uoeor
359 2897 447 2939 eius
473 2898 603 2939 exilio
626 2897 845 2950 multatur,
878 2899 1025 2941 liberis
1056 2900 1196 2940 maior
1224 2913 1331 2955 pars
1362 2900 1568 2942 bonorum
1595 2907 1795 2942 servatur
1823 2901 2040 2958 sapientia

205 2975 244 3010 et
276 2971 562 3026 temperantia
595 2970 655 3011 M.
692 2970 844 3026 Lepidi
875 2972 1107 3030 (17—20).
1176 2972 1331 3014 Actum
1362 2973 1412 3014 de
1448 2972 1686 3029 Calpurnio
1719 2972 1872 3015 Pisone
1905 2987 2040 3028 neque

197 3051 423 3100 peractum
454 3044 504 3085 ob
535 3050 711 3086 mortem
743 3052 1038 3101 opportunam.
1104 3046 1277 3088 Cassius
1310 3048 1494 3088 Severus
1527 3062 1580 3088 ea:
1615 3047 1746 3088 Creta
1774 3047 1821 3087 in
1853 3047 2038 3090 insulam

203 3118 432 3175 Seriphum
463 3118 700 3161 translatus
732 3126 793 3161 est
825 3119 936 3176 (21).
1000 3118 1191 3161 Plautius
1223 3120 1440 3172 Silvanus,
1473 3122 1543 3175 qui
1575 3122 1797 3174 coniuqem
1828 3121 1875 3162 in
1901 3135 2038 3178 prae-

203 3207 301 3249 ceps
330 3195 507 3246 iecerat,
542 3199 768 3235 accusatus
798 3194 911 3234 vitae
937 3194 1066 3248 finem
1095 3194 1272 3250 imponit
1304 3196 1415 3251 (22).
1487 3194 1760 3249 Tacfarinas,
1794 3209 1890 3237 cum
1909 3194 2038 3251 Afri-

203 3280 299 3307 cam
330 3280 479 3307 rursus
510 3273 721 3322 raptaret,
745 3280 773 3307 a
796 3265 1025 3308 Dolabella
1053 3266 1309 3323 proconsule
1335 3267 1544 3309 coercitus
1566 3274 1604 3308 et
1633 3281 1782 3309 caesus
1802 3269 2034 3325 (23—26).
2062 3281 2064 3283 “

203 3340 258 3382 In
291 3340 424 3382 Italia
457 3340 556 3382 belli
585 3339 752 3382 servilis
784 3341 950 3382 semina
978 3354 1228 3397 suppressa,
1277 3341 1322 3382 in
1354 3341 1458 3382 urbe
1491 3354 1589 3382 reus
1615 3347 1764 3397 pater,
1809 3348 2063 3394 accusator,-

197 3413 326 3466 filius.
393 3414 546 3456 Gaium
588 3414 826 3456 Cominium
870 3422 1117 3457 accusatum
1160 3416 1317 3470 fratris
1360 3415 1560 3471 precibus
1603 3416 1767 3458 Caesar
1814 3418 2033 3468 concessit,

201 3486 400 3529 Suillium
442 3490 490 3530 in
526 3488 711 3530 insulam
755 3490 946 3531 amoveri
994 3490 1149 3542 instat,
1202 3489 1353 3531 Catum
1405 3490 1611 3532 Firmium
1650 3487 1844 3545 periculo
1891 3488 2036 3530 eximit

202 3562 432 3618 (27—31).
496 3563 614 3614 Quae
647 3564 791 3618 capita
821 3565 1091 3607 narrationis
1126 3578 1221 3606 cum
1251 3565 1375 3607 obvia
1402 3579 1547 3608 rerum
1578 3563 1852 3607 similitudine
1883 3570 1923 3605 et
1954 3576 2031 3605 sa-

204 3631 348 3677 tietate
379 3633 605 3694 displicere
629 3643 816 3692 possent,
849 3644 1003 3682 auctor
1032 3638 1120 3695 ipse
1151 3638 1301 3681 inoluit
1326 3639 1525 3697 profiteri
1555 3638 1638 3681 sibi
1665 3638 1712 3680 in
1744 3642 1839 3680 arto
1873 3650 1960 3681 esse
1993 3645 2034 3682 et
