2280 4004
199 283 307 330 ι’ὒ.
339 284 411 331 50.
449 298 458 305 “
753 281 919 327 LIBER
947 281 1062 326 XIV.
1125 278 1232 325 Car.
1268 278 1455 326 12—14.
1933 276 2026 322 13!

202 428 411 482 anxius:
473 431 650 480 contra
705 425 1006 478 deterrimus
1047 425 1284 492 quisque,
1344 437 1555 490 quorum
1604 434 1709 473 non
1746 418 1845 473 alia
1878 418 2023 491 regia

205 518 474 571 fecundior
532 517 724 583 extitit,
779 516 995 568 invisum
1031 515 1345 583 Agrippinae
1390 528 1577 566 nomen
1627 517 1678 565 et
1713 516 1875 564 morte
1914 510 2023 563 eius

203 626 472 662 accensum
501 609 671 676 populi
710 609 939 660 favorem
978 607 1260 659 disserunt:
1298 607 1395 658 iret
1431 605 1740 671 intrepiduS‚
1782 608 1831 655 et
1863 618 2026 655 vene-

199 702 450 755 rationem
489 701 567 753 sui
606 715 778 753 coram
817 700 1147 767 experiretur.
1221 697 1377 752 Simul
1414 696 1688 764 praegredi
1729 699 2023 762 exposcunt.

202 795 266 846 Et
302 793 611 860 promptiora
659 807 806 858 quam
862 791 1202 858 promiserant
1251 789 1547 853 inveniunt,
1613 788 1790 839 obvias
1844 786 2064 852 trlbus,⁶

204 885 335 937 festo
396 885 530 935 cultu
585 889 849 948 senatum,
916 883 1187 950 coniugum
1247 897 1308 932 ac
1356 880 1631 932 liberorum
1677 879 1879 947 agmina
1935 892 2027 946 per

201 958 378 1028 sexum
415 979 463 1027 et
497 980 710 1027 aetatem
748 974 1011 1040 disposita,
1053 978 1327 1037 extructos,
1367 987 1464 1038 qua
1503 971 1781 1035 incederet,
1822 973 2028 1036 specta-

203 1065 430 1118 culorum
457 1066 667 1132 graduS‚
700 1080 798 1132 quo
834 1065 987 1116 modo
1022 1064 1257 1129 triumphi
1293 1064 1539 1114 visuntur.
1612 1062 1742 1113 Hinc
1779 1060 2026 1127 superbus

202 1171 265 1208 ac
321 1155 511 1222 publici
565 1156 760 1207 servitii
815 1156 982 1206 victor
1017 1154 1317 1220 Capitolium
1374 1153 1527 1218 adiit,
1592 1157 1764 1220 grates
1819 1151 2025 1217 exolvit,

202 1261 360 1314 seque
396 1247 450 1297 in
490 1261 668 1298 omnes
702 1246 941 1298 libidines
980 1245 1172 1309 effudit,
1216 1260 1340 1311 quas
1376 1244 1504 1295 male
1544 1243 1796 1296 coercitas
1836 1242 2086 1310 qualis-to

121 1342 189 1392 14
205 1353 417 1404 cumque
454 1337 626 1389 matris
659 1338 946 1389 reverentia
984 1336 1293 1387 tardaverat.
1392 1336 1546 1386 Vetus
1586 1334 1657 1384 illi
1695 1333 1877 1403 cupido
1920 1337 2030 1384 erat

206 1428 458 1480 curriculo
495 1428 855 1496 quadrigarum
894 1428 1165 1492 insistere,
1228 1442 1325 1478 nec
1366 1426 1530 1477 minus
1571 1425 1776 1477 foedum
1811 1423 2029 1477 studium

207 1520 401 1572 cithara
432 1520 680 1573 ludicrum
707 1520 758 1570 in
778 1519 981 1571 modum
1015 1533 1217 1583 canere,
1257 1533 1369 1569 cum
1401 1522 1607 1569 cenaret
1618 1534 1633 1582 3
1672 1515 1806 1583 quod
1833 1516 2030 1584 regium

205 1615 256 1663 et
291 1610 508 1677 antiquis
545 1611 757 1663 ducibus
794 1611 1071 1663 factitatum
1108 1609 1436 1674 memorabat,
1464 1608 1617 1675 idque
1650 1611 1821 1659 vatum
1860 1605 2031 1657 laudi-

203 1702 297 1757 bus
353 1702 556 1757 celebre
611 1707 662 1755 et
717 1702 928 1755 deorum
987 1701 1171 1753 honori
1228 1701 1413 1752 datum.
1526 1700 1800 1751 Enimvero
1854 1701 2095 1751 cantusts

319 1859 361 1902 2.
393 1858 522 1899 estitit
552 1855 632 1910 Ma,
653 1858 710 1900 'h.
746 1871 785 1900 e.
820 1858 970 1910 extitit,
1003 1862 1050 1897 ut
1083 1855 1131 1898 G.
1233 1854 1275 1898 6.
1309 1861 1462 1897 senatu
1492 1852 1572 1896 Ma.
1683 1853 1724 1895 7.
1760 1858 1914 1893 etatem
1947 1849 2028 1894 Ma.

204 1917 454 1959 incenderet
483 1916 574 1959 Ma:
609 1916 643 1959 G
670 1917 903 1960 incederet.
969 1916 1038 1959 10.
1077 1915 1354 1972 qualisctzque
1388 1913 1468 1956 Ma.
1544 1915 1610 1956 11.
1646 1911 1796 1968 cupido
1827 1910 2029 1966 Lipsius:

204 1973 386 2019 ABGMa
416 1978 555 2034 copia.
650 1979 717 2020 12.
750 1977 924 2032 faedam
954 1973 1035 2017 Ma.
1131 1975 1199 2017 13.
1233 1975 1416 2029 cythara
1445 1971 1526 2015 Ma.
1619 1972 1781 2014 celaret
1811 1969 1893 2024 Ma,
1927 1983 2030 2012 coe-

205 2042 333 2077 naret
366 2034 414 2077 G.
535 2036 645 2092 quod
673 2036 799 2078 Bodl.
849 2041 891 2078 et
924 2033 1214 2077 Puteolanus:
1259 2032 1325 2075 Ma
1371 2033 1462 2087 quis
1507 2035 1608 2087 (per
1640 2029 1893 2084 compend.)
1935 2041 2031 2070 cum

207 2095 446 2150 plerisque.
1538 2091 1605 2140 14.
1638 2096 1844 2139 memorat
1876 2087 1964 2135 Ma:
1999 2086 2033 2135 G

538 2110 663 2152 equos
693 2109 843 2152 repere
875 2096 1039 2152 reqium
1069 2093 1421 2150 Bezzenberger.

207 2153 484 2203 memorabat.
926 2153 938 2158 “
1331 2149 1350 2157 ”

299 2300 515 2345 curriculo
565 2302 901 2360 quadrtqarumx
949 2304 992 2348 h.
1036 2319 1075 2350 e.

211 2362 450 2419 quadrigis.
514 2361 641 2405 Conf.
685 2361 764 2406 XV
796 2364 881 2408 44:
930 2365 1078 2407 habitu

210 2422 394 2477 aurique
425 2423 660 2477 permixtus
685 2423 802 2479 plebi
830 2424 898 2466 vel
929 2425 1076 2466 curri-

211 2481 307 2523 culo
335 2481 552 2524 insistens.
586 2482 733 2525 Horat.
769 2482 909 2525 Carm.
930 2483 946 2524 l
971 2485 992 2525 1
1019 2483 1074 2527 3:

210 2546 307 2582 sunt
352 2553 454 2594 quos
504 2541 720 2583 curriculo
782 2545 870 2597 (a
913 2547 1077 2600 curru)

203 2599 425 2656 pulverem.
436 2599 695 2656 Olympicum
708 2601 925 2657 colleyisse
943 2603 1075 2643 iuvat.

208 2658 309 2700 Alia
330 2659 531 2713 exempla
552 2663 752 2716 suggerit
767 2660 1075 2703 Forcollinius.

212 2717 379 2760 vitavit
396 2716 568 2760 'l'acitns
599 2719 779 2761 formam
805 2722 946 2763 minus
978 2720 1078 2774 ple-

211 2788 311 2818 nam
359 2791 492 2818 curru
537 2777 611 2819 vel
656 2779 869 2835 ingratam
914 2780 1076 2820 currui.

209 2835 382 2877 Etenim
435 2834 696 2877 curriculum
744 2836 873 2878 modo
921 2835 1080 2879 dicitur

211 2893 267 2935 de
310 2893 408 2935 loco
452 2894 525 2934 ubi
560 2896 748 2936 curritur
781 2896 1077 2952 (Rennbahnss

211 2952 338 2994 modo
370 2952 425 2995 de
457 2954 744 2996 instrumento
778 2967 864 3010 quo
892 2943 1079 2996 curritu'r

212 3012 545 3069 (Rennwaqen)‚
563 3025 676 3068 quae
693 3014 958 3070 significatio
983 3028 1079 3056 cum

211 3071 386 3124 passiva
401 3072 472 3124 sit,
495 3071 610 3113 haud
626 3072 758 3114 dubie
775 3072 942 3114 fallitur
961 3073 1079 3114 Cha-

211 3130 340 3170 risius
388 3130 584 3172 scribens
635 3130 654 3172 1
700 3132 784 3174 45:
839 3131 1080 3174 curriculus

211 3187 447 3229 manuatim
501 3189 729 3231 deminutio
791 3197 851 3232 est
911 3203 1078 3244 currus,

210 3247 469 3288 neutraliter
509 3254 649 3288 autem
684 3249 944 3291 cmv-iculum
973 3263 1077 3305 spa-

211 3306 314 3346 tium
337 3306 397 3346 ad
411 3306 669 3347 currendum
692 3315 838 3363 aptam
856 3308 923 3349 vel
942 3309 1080 3364 ipsum

211 3365 416 3406 currendi
443 3366 640 3420 officium.
704 3366 970 3407 Adversatur
990 3378 1077 3408 non

210 3423 339 3464 modo
372 3435 441 3465 res
478 3425 597 3478 ipsa,
643 3424 719 3465 sed
762 3426 893 3466 etlam
938 3425 1078 3467 Curtii

211 3482 347 3524 verba
380 3488 716 3524 commonstrata
755 3495 779 3525 a
810 3482 1081 3526 Forcelllnio

213 3541 309 3583 Vm
366 3544 419 3585 14
468 3542 525 3584 8:
574 3542 732 3584 turbati
785 3543 884 3597 equi
921 3566 977 3578 -
1031 3544 1081 3584 in

212 3613 379 3643 amnem
386 3603 732 3658 praecipitavere
746 3602 979 3645 curricula.
996 3599 1080 3646 Sed

215 3659 507 3716 grammaticis
545 3661 613 3703 sui
658 3662 864 3717 temporis
918 3661 1080 3706 vitiosa

1163 2305 1448 2359 consuetudo,
1471 2310 1592 2360 puto,
1613 2303 1835 2359 imposuit.
1866 2300 2034 2344 Nonius

1162 2379 1204 2420 p.
1223 2367 1310 2410 263
1345 2368 1391 2408 1:
1425 2364 1679 2416 curriculus,
1699 2370 1745 2405 ut
1777 2360 2033 2404 consuetudo

1160 2427 1260 2480 fert,
1294 2436 1323 2467 a
1349 2437 1480 2467 curru
1499 2423 1727 2466 deminutio
1754 2429 1814 2463 est
1823 2437 1839 2475 ‚-
1877 2420 2035 2462 dicitur

1162 2484 1451 2526 brevissimum
1478 2483 1663 2526 vehiculi
1694 2482 1822 2523 bireti
1851 2494 1996 2538 yenns.

1250 2544 1360 2598 qnod
1398 2545 1588 2599 reqium:
1638 2541 1740 2583 hinc
1798 2553 1938 2597 usque
1981 2537 2035 2582 ud

1161 2604 1318 2645 honori
1367 2603 1510 2645 datum
1563 2602 1719 2658 prioris
1765 2600 1896 2642 studii
1947 2610 2032 2655 quo

1160 2662 1264 2705 vehi
1298 2661 1520 2718 quadrigis
1554 2661 1773 2715 cupiebat,
1809 2659 2033 2701 excusatio

1163 2724 1409 2764 continetur
1460 2727 1506 2763 et
1536 2721 1645 2762 laus.
1707 2719 1905 2762 Alterum
1937 2724 2034 2760 stu-

1162 2781 1278 2823 dium
1314 2779 1479 2822 cithara
1523 2779 1736 2821 ludicrum
1778 2780 1823 2820 in
1859 2777 2033 2819 modum

1163 2840 1226 2896 (h.
1262 2853 1300 2881 e.
1335 2845 1383 2879 ut
1424 2839 1471 2879 fit
1511 2839 1556 2879 in
1604 2838 1717 2879 ludis
1760 2837 1948 2892 publicis
1992 2841 2035 2879 et

1163 2897 1498 2954 certaminibus)
1550 2896 1733 2939 canendi
1786 2895 2035 2939 defenditur

1162 2957 1265 2998 inde
1298 2956 1351 2998 ab
1380 2956 1470 2999 illis
1493 2957 1704 2998 enimvero
1725 2963 1876 2998 cantus
1897 2966 2034 3012 usque

1163 3016 1216 3058 ad
1247 3029 1403 3058 numen
1418 3017 1697 3072 praecipuum
1715 3021 1754 3056 et
1773 3016 2031 3071 praescium.

1163 3076 1240 3117 His
1287 3076 1516 3130 postremis
1574 3073 1806 3116 vocabulis
1863 3073 2033 3115 Tacitus

1164 3140 1239 3176 aut
1255 3135 1452 3177 Senecae
1473 3133 1693 3175 alumnum
1725 3132 1886 3173 similia
1918 3144 2032 3186 pue-

1161 3191 1308 3235 riliter
1336 3197 1576 3234 sectantem
1608 3190 1801 3232 imitatus
1835 3195 1926 3242 est,
1961 3194 2035 3231 aut

1163 3264 1219 3292 ex
1258 3251 1448 3291 carmine
1489 3249 1563 3291 vel
1603 3250 1801 3290 oratione
1847 3244 2032 3290 Neronis

1164 3322 1215 3350 ea
1246 3309 1472 3363 prompsit.
1535 3307 1600 3349 Ne
1643 3308 1740 3363 quis
1773 3321 1868 3348 cum
1902 3306 2026 3349 Wal-

1163 3369 1287 3409 thero
1334 3367 1388 3409 de
1425 3368 1613 3409 veritate
1658 3368 1899 3420 scripturae
1932 3367 2034 3408 vul-

1162 3431 1290 3482 gatae
1316 3426 1428 3481 quod
1453 3427 1618 3482 reqium
1651 3425 1806 3466 dubius
1839 3425 2032 3478 haereat,

1164 3486 1265 3541 quia
1311 3480 1378 3526 Ma
1461 3499 1506 3538 s,
1569 3485 1645 3526 alli
1694 3485 1784 3539 quis
1835 3485 2032 3537 offerant,

1165 3545 1294 3586 ettam
1337 3557 1375 3586 c.
1408 3546 1436 3588 2
1498 3543 1591 3599 quis
1622 3554 1703 3597 pro
1746 3542 1846 3598 qnid
1889 3544 1933 3584 in
1967 3544 2034 3587 Μ8

1165 3603 1256 3659 legi
1303 3612 1477 3645 moneo,
1544 3602 1724 3645 Scilicet
1774 3604 2035 3658 compendia

1161 3662 1224 3715 qd
1256 3667 1299 3705 et
1331 3675 1384 3724 qs
1416 3661 1548 3706 facile
1582 3664 1911 3706 commutantur.
