2280 4004
193 301 219 331 a
249 282 297 332 c,
330 288 521 333 21-222.
776 283 939 328 LIBER
967 273 1067 328 1112.⁴
1105 275 1210 327 cn.
1240 274 1432 328 '49-52,
1929 270 2019 324 aaa

194 428 245 475 et
275 423 407 474 fluxa
446 418 589 485 sunt,
641 436 737 472 nec
775 419 1039 486 quicquam
1085 411 1243 486 grave
1281 435 1342 470 ac
1378 414 1666 471 serium‘ei
1705 414 1768 472 eo
1806 410 2016 486 metuas,

195 515 278 580 qui
316 526 520 565 suorum
558 514 667 578 ipse
703 512 1008 578 flagitiorum
1041 510 1273 577 proditor
1307 524 1412 561 non
1448 506 1672 562 virorum
1703 501 1890 563 'animis
1927 512 2021 563 sed

195 601 594 655 muliercularum
651 602 862 668 adrepit.
937 601 1095 653 Cedat
1145 605 1313 652 tamen
1345 601 1509 666 urbe,
1543 606 1592 653 et
1629 600 1778 653 bonis
1820 602 2021 653 amissis

195 710 322 760 aqua
360 700 410 745 et
447 694 552 760 igni
591 698 839 744 arceatur.
916 692 1063 753 Quod
1099 688 1312 757 perinde
1356 706 1542 743 censeo
1583 708 1643 743 ac
1679 692 1724 743 si
1758 692 1876 760 lege
1912 703 2025 744 maa

109 792 174 840 51
195 785 388 837 iestatis
422 781 713 835 teneretur'.
788 781 934 834 Solus
973 782 1163 847 Lepido
1201 781 1460 834 Rubellius
1500 782 1722 834 Blandus
1763 778 1792 834 e
1832 754 2076 869 consu-55

196 876 384 926 laribus
419 874 673 926 adsensit:
716 873 872 924 ceteri
913 873 1212 924 sententiam
1239 874 1498 939 Agrippae
1526 873 1704 938 secuti,
1745 874 2023 940 ductusque
2055 869 2076 941 ζ

198 966 246 1016 in
284 980 541 1016 carcerem
579 964 796 1028 PriscuS,
838 979 898 1013 ac
936 963 1102 1014 statim
1135 963 1465 1014 exanimatus.
1514 963 1567 1014 Id
1600 960 1830 1016 Tiberius
1862 965 2024 1015 solitis
2071 941 2084 1022 ζ

195 1055 625 1122 sibi'ambagibus
663 1054 792 1120 apud
833 1047 1362 1118 senatum'incusavit,
1405 1046 1515 1104 cum
1561 1047 1826 1106 extolleret
1861 1057 2028 1120 pieta-

195 1152 292 1198 tem
345 1146 571 1212 quamvis
614 1145 842 1196 modicas
877 1144 1121 1210 principis
1170 1143 1380 1195 iniurias
1428 1140 1617 1194 acriter
1646 1135 2023 1208 ulciscentium,

193 1237 554 1303 deprecaretur
589 1241 688 1286 tam
725 1235 1019 1301 praecipitis
1055 1235 1329 1285 verborum
1366 1248 1597 1299 poenas3
1633 1219 1883 1285 ⁴laudaret
1928 1235 2027 1286 Le-
2043 1242 2092 1289 ιό

191 1327 390 1392 pidum,
460 1342 625 1393 neque
657 1322 953 1393 ‘Agrippam
1015 1329 1269 1391 argueret.
1343 1318 1501 1391 Igitur
1569 1325 1754 1375 factum
1795 1320 2026 1377 ‘senatus

196 1418 476 1470 consultum
512 1433 577 1469 ne
616 1418 822 1469 decreta
857 1421 1051 1482 patrum
1081 1421 1196 1466 ante
1233 1415 1365 1466 diem
1392 1408 1642 1466 decimum
1676 1408 1739 1466 ad
1773 1417 2024 1467 aerarium

197 1509 531 1573 deferrentur,
571 1508 723 1574 idque
762 1508 896 1558 vitae
931 1509 1146 1573 spatium
1187 1507 1432 1557 damnatis
1472 1512 1853 1573 prorogaretur.
1928 1507 2028 1560 Sed

196 1615 299 1650 non
336 1599 531 1652 senatui
574 1599 781 1650 libertas
821 1599 884 1650 ad
920 1597 1277 1664 paenitendum
1316 1590 1440 1662 erat,
1479 1612 1644 1662 neque
1681 1597 1910 1649 Tiberius
1947 1599 2031 1647 in·-

197 1691 411 1742 teriectu
448 1690 689 1756 temporis
727 1690 1065 1755 mitigabatur.
1569 1681 1572 1683 ³
2043 1692 2096 1738 sss

111 1787 181 1836 52
364 1780 516 1831 Gaius
551 1780 800 1845 Sulpicius
854 1779 1094 1831 Decimus
1132 1780 1365 1830 Haterius
1426 1772 1662 1831 consules
1708 1769 2031 1844 *sequuntum

198 1871 480 1922 inturbidus
541 1865 765 1922 externis
824 1871 977 1922 rebus
1030 1885 1218 1934 annuS,
1278 1871 1414 1920 domi
1474 1875 1707 1936 suspecta
1761 1868 2033 1920 severitate
2100 1858 2108 1864 ’

197 1962 466 2013 adversum
517 1961 715 2026 luxum,
771 1961 855 2027 qui
903 1961 1200 2012 immensum
1246 1967 1546 2027 proruperat
1589 1960 1651 2010 ad
1703 1964 1882 2009 cuncta
1922 1958 2032 2023 quis

196 2053 411 2117 pecunia
462 2052 765 2118 prodigitur.
839 2051 940 2104 Sed
994 2052 1090 2102 alia
1140 2056 1445 2117 sumptuum,
1499 2051 1726 2116 quamvis
1772 2050 2030 2116 graviora,

201 2142 524 2194 dissimulatis
551 2142 845 2207 plerumque
875 2143 1052 2207 pretiis
1086 2142 1498 2204 occultabantur3
1537 2141 1730 2196 ventris
1759 2145 1808 2190 et
1835 2155 2032 2210 ganeae
2049 2153 2098 2189 πο

198 2237 402 2298 paratus
429 2232 655 2284 adsiduis
677 2232 994 2284 sermonibus
1020 2231 1212 2299 vulgati
1252 2234 1480 2284 fecerant
1510 2247 1681 2289 curam
1711 2247 1776 2281 ne
1795 2224 2032 2297 princeps

199 2323 435 2389 antiquae
466 2323 807 2389 parsimoniae
844 2323 1018 2375 durius
1057 2323 1359 2374 adverteret.
1432 2324 1556 2374 Nam
1590 2322 1870 2388 ‘incipiente
1908 2322 2033 2372 Gaio

318 2483 361 2530 3.
397 2486 564 2528 caedat.
599 2485 653 2527 M.
728 2485 769 2528 5.
803 2484 1002 2527 rebellias
1034 2485 1088 2528 M.
1156 2487 1224 2529 12.
1261 2485 1368 2526 diem
1407 2485 1465 2526 ad
1495 2484 1559 2527 M:
1603 2484 1809 2527 decimum
1852 2485 2035 2530 inseruit

202 2544 387 2600 Lipsius.
481 2545 548 2587 16.
585 2545 634 2586 G.
671 2544 725 2586 M.
834 2545 889 2586 D.
923 2543 977 2586 M.
1100 2545 1251 2585 har-ius
1283 2544 1349 2586 M:
1395 2545 1527 2586 tacite
1561 2545 1752 2585 correxit
1782 2542 2033 2586 Rhenanus.

205 2605 258 2647 18
305 2607 407 2646 inm.
442 2603 495 2646 M.
560 2604 631 2647 20.
670 2602 933 2645 dissimilatis
964 2604 1019 2646 M.
1091 2605 1274 2660 praetiis
1305 2603 1360 2646 M.
1431 2606 1503 2648 22.
1532 2604 1826 2660 parsimoniae
1858 2603 1912 2657 M,
1947 2615 2034 2644 uon

199 2664 511 2719 parcimoniae.
580 2663 627 2704 C.
661 2662 715 2704 M.

293 2816 396 2871 Gap.
439 2819 510 2860 51.
575 2819 769 2860 Priscus:
824 2819 859 2859 si
907 2817 1078 2859 Tacitus
1163 2816 1236 2858 hic
1266 2822 1417 2859 noster
1446 2816 1506 2859 111
1537 2819 1592 2869 31
1628 2822 1671 2859 et
1700 2818 1756 2860 47
1788 2823 1831 2859 ct
1864 2816 2038 2861 52—56

208 2877 290 2917 lioc
334 2877 432 2918 loco
475 2877 642 2932 gentile
684 2889 843 2917 nomen
878 2876 1079 2917 Lutarius
1165 2881 1208 2916 et
1236 2875 1294 2919 59
1325 2882 1370 2918 et
1399 2876 1471 2919 64.
1990 2881 1994 2892 ⁵
2022 2883 2024 2886 ’

207 2935 447 2988 posuisset,
498 2947 574 2988 pro
622 2935 699 2976 illa
745 2934 843 2975 libri
893 2934 1077 2976 Medicei
1251 2934 1308 2975 ad
1354 2937 1575 2977 aerarium
1624 2936 1926 2991 deferrentur:
1976 2938 2038 2976 ‘in

207 2994 482 3034 aberratione
531 2995 576 3034 in
624 2994 707 3035 hoc
754 2992 994 3046 clutorius,
1034 2994 1078 3033 in
1162 2994 1331 3034 aerario
1382 2994 1558 3036 tabulae
1604 2994 1808 3049 publicae
1852 3001 1896 3036 et
1943 3001 2040 3036 acta

209 3051 337 3092 editis
372 3052 420 3094 C.
455 3052 654 3094 Lutarius
686 3052 948 3108 legeremus.
991 3051 1078 3094 Fa·-
1163 3059 1356 3095 senatus.
1418 3053 1567 3095 Livius
1598 3052 1773 3095 XXXIX
1803 3056 1854 3095 4:
1894 3067 2067 3107 verum·

210 3109 356 3152 miliae
390 3122 547 3152 nomen
581 3112 770 3153 immune
803 3111 885 3152 fuit
915 3111 968 3152 ab
995 3113 1079 3152 ista
1165 3125 1260 3152 cum
1290 3113 1375 3152 sint
1395 3113 1639 3153 notissimae
1658 3112 1739 3152 sibi
1756 3125 1850 3152 cum
1869 3110 2039 3151 consule

211 3170 502 3222 corruptione.
566 3170 772 3225 Agnosce
803 3182 909 3212 vero
939 3169 1078 3211 'l'aciti
1163 3170 1432 3221 inimicitiae,
1469 3170 1569 3223 quid
1599 3170 1652 3210 ab
1677 3183 1724 3210 eo
1746 3182 1869 3224 posse
1895 3182 2040 3222 quem-

210 3239 370 3267 morem
406 3234 450 3268 et
485 3230 788 3270 constantiam.
1167 3241 1291 3280 quam
1323 3229 1449 3281 aequi
1478 3234 1726 3283 eoepectare‚
1760 3229 1830 3281 qai
1858 3241 1936 3282 per
1967 3229 2040 3268 in-

299 3286 412 3341 apud
463 3294 655 3328 senatum
701 3289 944 3329 incusavit:
997 3286 1081 3327 hoc
1165 3287 1452 3339 frequentiam
1490 3287 1640 3340 furtim
1681 3289 1843 3340 factum
1883 3285 1955 3326 SC
1985 3286 2043 3326 ad

214 3344 320 3385 fecit
353 3344 539 3398 epistola
557 3357 634 3399 per
653 3351 925 3400 quaestorem
955 3358 1078 3387 suum
1166 3345 1386 3385 aerarium
1410 3344 1636 3385 detulerit?
1679 3343 1770 3384 Nec
1801 3349 1901 3385 ante
1933 3350 2040 3395 rata,

212 3404 341 3444 missa
384 3410 427 3444 et
466 3406 508 3444 in
541 3410 693 3445 senatu
725 3406 931 3445 recitata:
982 3417 1080 3444 nam
1166 3403 1306 3443 donec
1329 3402 1487 3444 delata.
1522 3402 1695 3444 interea
1720 3404 1954 3443 auctoritas
1972 3402 2042 3443 di-

214 3472 308 3503 cum
343 3462 542 3503 Lutorius
568 3462 791 3503 damnatus
814 3469 893 3514 est,
925 3462 1080 3503 absens
1168 3461 1361 3513 cebatur,
1395 3474 1481 3502 von
1515 3460 1593 3514 SC,
1626 3467 1672 3502 ut
1698 3475 1752 3503 ex
1776 3462 1867 3504 Cic.
1902 3474 1970 3515 ep.
1989 3461 2044 3502 ad

212 3519 407 3563 Tiberius
455 3528 546 3563 erat
598 3523 641 3562 in
698 3521 954 3574 Campania,
1008 3519 1080 3560 ubi
1165 3519 1498 3563 Divers.vl118
1521 3520 1717 3562 etDione
1731 3520 1950 3563 Lvssiam
1968 3520 2044 3562 alii

205 3581 342 3621 zetiam
382 3588 478 3635 post
522 3581 628 3623 haec
667 3580 934 3635 aliquantum
967 3585 1080 3620 tem·
1164 3579 2059 3634 uiolarunt.Videsimileniin'l'acitolocum

212 3639 332 3694 'poris
362 3639 611 3694 permansit.
667 3640 765 3683 vid.
799 3639 882 3682 Dio
916 3638 945 3682 l.
971 3652 1008 3681 c.
1036 3643 1081 3681 et
1164 3636 1568 3694 X111284demultis
1584 3638 1818 3683 aedilium'.
1851 3639 2042 3684 Lipsius.

303 3733 452 3772 Tacitus
476 3737 504 3774 1.
1661 3720 1725 3776 14
