2280 4004
0 562 93 602 (4593
125 589 128 592 ,

219 261 308 309 883
970 257 1261 303 ANNALIVM

1790 275 1831 306 a.
1863 274 1908 308 u.
1943 260 2043 311 786.

217 403 427 458 libidine
468 402 789 470 locupletium
838 402 1144 469 agitaretur3
1195 401 1314 455 dein
1352 402 1623 471 rogatione
1672 404 1942 461 'tribunicia
1981 410 2045 463 ad

135 538 139 544 .
218 496 504 550 semuncias
542 494 768 558 redacta,
806 498 1062 559 postremo
1102 493 1255 545 vetita
1281 509 1511 563 versura.
1584 496 1851 564 Multisque
1885 499 2047 566 plebis

218 588 362 642 scitis
402 586 603 637 obviam
653 585 773 636 itum
811 584 1108 662 fraudibus2
1165 601 1294 652 quae
1353 587 1538 639 totiens
1589 603 1858 655 repressae
1893 583 2048 644 miras

217 694 310 746 per
359 682 494 729 artes
552 692 750 729 rursum
801 668 1130 729 oriebantur?
1211 677 1311 730 Sed
1367 683 1466 730 tum
1509 679 1770 745 Gracchus
1823 687 2046 749 praetor,

180 769 301 822 5cui
342 786 400 822 ea
437 769 666 837 quaestio
709 774 980 835 evenerat,
1032 769 1348 822 multitudine
1384 770 1772 837 periclitantium
1808 773 2047 828 subactus

216 862 406 916 rettulit
439 862 503 914 ad
543 866 801 925 senatum3
849 861 1133 928 trepidique
1170 867 1342 928 patres
1381 868 1575 930 (neque
1612 865 1743 917 enim
1783 866 2047 934 quisquam

215 953 302 1009 tali
339 954 483 1020 culpa
522 962 742 1019 vacuus)
778 954 978 1006 veniam
1010 970 1036 1005 a
1075 953 1304 1021 principe
1338 954 1566 1021 petivere
1579 974 1593 1020 3
1642 961 1692 1009 et
1730 958 2047 1014 concedente

216 1061 378 1098 annus
419 1046 469 1096 in
504 1050 761 1113 posterum
797 1060 990 1112 sexque
1029 1060 1231 1097 menses
1273 1046 1403 1112 dati,
1445 1046 1556 1114 quis
1591 1049 1870 1100 secundum
1908 1049 2044 1102 iussa

213 1137 345 1207 legis
379 1138 608 1191 rationes
659 1137 924 1190 familiaris
982 1137 1194 1205 quisque
1242 1144 1621 1205 componerent.
1695 1140 1825 1192 Hinc
1875 1140 2046 1209 inopia
2066 1144 2132 1193 1⁷

153 1231 292 1286 iorei
326 1230 664 1295 nummariae,
711 1234 963 1281 commoto
1000 1229 1147 1281 simul
1187 1230 1408 1282 omnium
1445 1246 1566 1284 aere
1601 1232 1798 1298 alieno,
1840 1237 1890 1285 et
1928 1234 2044 1301 quia

214 1327 288 1375 tot
339 1322 587 1374 damnatis
634 1321 884 1388 bonisque
931 1337 1105 1374 eorum
1150 1322 1425 1374 divenditis
1474 1323 1726 1391 signatum
1780 1320 2045 1393 argentum

212 1415 339 1468 fisco
380 1414 461 1466 vel
502 1414 703 1467 aerario
734 1413 1054 1465 attinebatur.
1128 1413 1208 1465 Ad
1247 1414 1347 1465 hoc
1376 1418 1590 1466 'senatus
1624 1415 2044 1483 praescripserat3

214 1505 341 1557 duas
382 1505 594 1572 quisque
633 1505 825 1557 fenoris
862 1510 1031 1572 partes
1086 1505 1138 1556 in
1191 1505 1331 1574 agris
1380 1519 1473 1571 per
1520 1504 1713 1557 Italiam
1750 1501 2044 1559 collocaret.

215 1596 314 1650 Sed
341 1596 626 1649 creditores
661 1597 713 1648 in
747 1597 965 1648 solidum
995 1596 1339 1664 appellabant3
1377 1611 1475 1648 nec
1511 1596 1753 1649 decorum
1782 1597 2046 1666 appellatis

152 1690 441 1744 isininuere
472 1689 637 1742 fidem.
699 1690 767 1741 Ita
799 1689 961 1755 primo
999 1689 1323 1741 concursatio
1349 1694 1398 1741 et
1421 1704 1602 1755 preces
1619 1707 1633 1754 3
1669 1688 1789 1742 dein
1818 1693 2047 1758 strepere

211 1782 463 1849 praetoris
502 1781 748 1844 tribuna13
801 1797 961 1847 eaque
1002 1796 1131 1847 quae
1168 1780 1395 1833 remedio
1438 1780 1697 1847 quaesita,
1730 1781 1956 1834 venditio
1997 1786 2047 1834 et

214 1872 418 1940 emptio,
462 1873 512 1923 in
551 1872 861 1924 contrarium
901 1873 1100 1938 mutari,
1135 1872 1251 1939 quia
1291 1872 1610 1924 feneratores
1653 1886 1851 1926 omnem
1885 1889 2046 1941 pecu-‚-

213 1965 347 2017 niam
392 1963 680 2017 mercandis
719 1964 858 2032 agris
902 1963 1252 2016 condiderant.
1332 1962 1539 2029 Copiam
1575 1963 1832 2017 vendendi
1869 1970 2044 2019 secuta

324 2145 366 2186 2.
400 2142 632 2183 semuncias
665 2141 844 2183 redacta
876 2141 929 2183 M.
1025 2142 1067 2184 8.
1103 2143 1173 2196 qai
1205 2141 1259 2182 Μ.
1355 2141 1395 2183 9.
1429 2139 1686 2198 familiaris]
1728 2140 1767 2183 Μ
1799 2140 2044 2197 familiares

210 2214 333 2244 erasa
366 2201 511 2243 littera
545 2207 645 2243 ante
678 2216 711 2252 s,
746 2201 788 2243 h.
812 2215 849 2243 c.
881 2199 1158 2256 familiarem,
1193 2199 1327 2256 vulgo
1360 2199 1616 2255 familiares.
1710 2201 1775 2243 ll.
1810 2200 2044 2247 decendilis

208 2261 263 2305 M.
363 2262 429 2304 13.
462 2262 658 2317 faenoris
691 2260 745 2303 Μ.
839 2261 950 2303 cont.
987 2261 1041 2303 M.
1140 2261 1206 2303 17.
1240 2263 1542 2316 faeneratores
1577 2259 1631 2302 M.

209 2418 342 2461 aeque
357 2404 474 2447 laeta
490 2405 684 2461 patribus
698 2405 937 2460 insequenti
948 2418 1080 2457 anno,

212 2466 261 2507 C.
299 2464 469 2506 Marcio
515 2466 595 2507 Cn.
632 2463 800 2507 Manlio
840 2463 1082 2507 consulibus

211 2529 275 2579 (a.
310 2538 351 2565 ιι.
388 2525 522 2579 397),
558 2525 607 2565 cle
639 2524 839 2565 unciario
871 2527 1024 2579 fenore
1054 2537 1083 2566 a

213 2584 274 2626 M.
290 2582 436 2624 Duilio
463 2584 511 2624 L.
534 2583 708 2624 Maenio
742 2584 923 2625 tribunis
947 2582 1082 2639 plebis

210 2642 376 2698 roqatio
419 2649 477 2682 est
520 2642 718 2698 perlata3
765 2649 804 2683 et
844 2642 960 2698 plebs
993 2641 1081 2683 ali-

211 2708 368 2758 quanto
403 2715 497 2742 eam
520 2702 711 2758 cupidius
735 2702 857 2742 scivit
890 2702 1081 2757 accepit-

209 2775 302 2817 que.
368 2760 632 2802 Niebuhrius
651 2760 707 2803 111
739 2774 778 2816 p.
805 2760 858 2803 61
894 2775 959 2816 sq.
993 2767 1085 2801 sta..

1169 2410 1325 2459 quarta
1340 2416 1549 2459 praesens
1591 2410 1710 2456 esset,
1744 2404 1896 2445 solutio
1929 2405 2046 2447 aeris

1168 2463 1304 2505 alieni
1328 2464 1574 2519 dispensata
1595 2470 1669 2505 est.
1714 2461 1866 2519 ltaque
1898 2477 1939 2505 a.
1959 2465 2047 2507 412

1169 2523 1251 2565 fuit
1283 2524 1357 2578 qui
1390 2528 1559 2565 vetaret
1607 2523 1720 2564 aeris
1765 2522 1899 2564 alieni
1927 2521 2046 2564 'con-

1170 2583 1442 2623 tractionem.
1485 2582 1634 2623 Livius
1656 2581 1840 2624 V1142:
1872 2582 2044 2623 invenio

1168 2642 1283 2697 apud
1314 2640 1531 2695 quosdam,
1567 2640 1616 2681 L.
1641 2641 1875 2683 Genucium
1906 2641 2044 2682 tribu-

1171 2715 1271 2742 num
1300 2700 1435 2755 ptebis
1479 2699 1623 2741 tulisse
1666 2700 1724 2741 ad
1760 2698 1960 2755 populum
1992 2714 2046 2743 ne

1170 2762 1374 2814 fener-·ave
1415 2758 1577 2800 licer.et
1654 2759 1878 2813 Appia-uus
1910 2758 1959 2801 B.
1995 2758 2043 2801 C.

210 2822 318 2873 tuit,
353 2820 498 2876 legem
532 2820 585 2862 dc
624 2821 820 2862 unciario
854 2820 1009 2862 fenore
1043 2821 1085 2861 in

213 2879 442 2922 duodecim
477 2880 637 2921 tabulis
685 2881 894 2922 sancitam
934 2885 1086 2935 postea

213 2941 465 2995 abrogatam
501 2946 574 2979 ant
608 2940 872 2996 neglectam.
910 2939 962 2981 ab
996 2939 1085 2980 illis

212 2998 397 3041 tribunis
414 2998 555 3052 plebis
573 3000 727 3041 iterum
745 2998 953 3053 perlatam
974 3011 1084 3040 csse.

300 3058 359 3100 ad
377 3059 618 3101 semuncias
639 3059 842 3100 redacta:
880 3058 987 3099 haec
1013 3070 1087 3098 ro-

215 3119 333 3175 gatio
360 3118 445 3160 lata
471 3124 537 3160 cst
569 3133 608 3161 a.
628 3117 740 3162 407:
776 3117 869 3159 Liv.
898 3116 973 3158 vll
1007 3118 1085 3160 27:

212 3178 562 3221 semimwiarium
602 3186 765 3221 tantum
797 3192 850 3218 ea:
888 3177 1087 3219 unciario

212 3242 338 3295 senus
369 3240 531 3292 sactum
562 3242 639 3297 (ἦ,
674 3238 889 3294 Procent).

299 3304 512 3353 postremo
557 3299 688 3339 vetita
733 3309 939 3339 rersura:
984 3296 1087 3337 olim

214 3370 300 3398 non
358 3369 461 3397 vere
511 3358 670 3414 negavi
721 3370 943 3398 rer-savam
992 3368 1087 3397 esse

215 3416 549 3458 tmenenationem.
625 3417 812 3472 Rogatio
848 3416 901 3457 de
936 3415 1087 3456 fenore

215 3475 523 3516 semiunciario
552 3476 782 3529 providere
817 3478 900 3516 iam
933 3474 1087 3516 voluit.

215 3546 271 3575 ne
304 3540 401 3588 post
419 3535 651 3575 triennium
679 3541 845 3576 extaret
870 3547 943 3575 aes
977 3533 1089 3575 alie-

217 3605 347 3633 num:
382 3599 485 3634 tunc
518 3594 630 3634 enim
668 3594 784 3646 (Liv.
826 3593 897 3635 Vll
931 3595 1010 3649 27)
1047 3594 1091 3634 in

211 3653 445 3714 pensiones.
486 3666 662 3709 aequas.
693 3654 896 3704 triennii,
948 3654 1009 3695 ita
1048 3659 1090 3694 ut

1172 2819 1188 2860 l
1220 2819 1299 2862 54:
1334 2836 1361 2864 ν
1365 2817 1484 2862 όιιου
1507 2811 1634 2868 τινὸς
1655 2818 1855 2863 παλαιοῦ
1879 2818 2043 2876 διαγο-

1173 2865 1397 2931 (νεύοντος
1424 2894 1502 2946 μη
1521 2878 1752 2929 δανείζειν
1781 2879 1859 2922 ἐπὶ
1890 2878 2047 2927 τόκοις

1174 2938 1200 2991 ‚5
1243 2940 1412 2996 ζηαίαν
1457 2935 1539 2982 τὸν
1587 2936 1708 2982 οὕτω
1758 2936 2046 3014 δανείσανια

1173 2999 1486 3055 ιοοσοφλεῖν.

1264 3114 1367 3169 Cap.
1395 3116 1461 3157 17.
1526 3115 1583 3156 aa
1608 3115 1688 3155 hoc
1709 3120 1882 3155 senatus
1910 3126 2044 3170 prae-

1172 3176 1438 3231 scripserat:
1487 3175 1544 3215 ad
1586 3173 1666 3215 hoc
1708 3177 1774 3215 cst
1816 3171 1945 3214 huius
1979 3175 2041 3216 rei

1174 3246 1305 3276 causa
1328 3234 1515 3291 (datar),
1546 3238 1590 3273 ut
1621 3233 1798 3287 inopiae
1820 3233 1883 3274 rei
1917 3245 2045 3274 num-

1174 3295 1334 3336 mariae
1369 3293 1632 3335 mederetur.
1737 3291 1843 3334 duas
1875 3291 2046 3346 quisque

1173 3354 1337 3408 fenoris
1365 3360 1581 3409 partes—
1596 3352 1858 3394 collocat-:ee
1885 3351 2044 3392 Sueto-

1175 3426 1271 3454 mus
1290 3412 1383 3455 'lib
1411 3412 1492 3456 48:
1526 3427 1620 3454 cum
1646 3425 1727 3468 per
1761 3415 2044 3452 senatuscon-

1174 3472 1326 3514 saltum
1342 3473 1569 3524 sanxisset,
1588 3478 1632 3513 ut
1648 3474 1917 3526 feneratores
1938 3466 2044 3508 ducas

1173 3533 1425 3588 patrimonii
1463 3537 1609 3587 partes
1640 3532 1686 3571 in
1727 3527 1815 3570 solo
1851 3524 2043 3567 colloca-

1179 3599 1286 3641 r‚ent
1322 3592 1530 3633 debitores
1563 3588 1733 3660 lotidem.
1754 3585 1874 3628 actis
1909 3584 2045 3628 alieni

1164 3652 1318 3694 statim
1344 3651 1575 3693 solverent.
