2280 4004
240 248 298 301 14
1009 246 1305 297 AuNAqu
1711 272 1727 277 ν
1812 264 1854 298 a.
1880 262 1932 303 ,ι
1959 253 2066 304 mo.

394 392 559 444 Isdem
620 387 913 441 consulibus
981 388 1088 440 ludi
1140 388 1399 447 seculares
1475 389 1902 459 octingmtesime
1950 401 2150 461 pontu

238 485 447 536 Romam
490 480 759 545 conditam,
799 484 977 546 quarto
1013 485 1064 531 et
1104 480 1430 548 sexagesimo
1468 495 1619 548 quarm
1653 482 1914 551 Augustus
1950 485 2068 542 edi.-

240 575 399 637 derat,
429 571 640 638 spectati
669 576 798 623 sunt.
874 570 1144 637 Utriusque
1168 572 1412 639 princip-is
1447 572 1673 626 rationes
1703 556 2067 643 praetemunt),

237 665 361 716 satis
384 668 616 723 narratas
647 662 792 715 libris
821 662 1110 736 quibus-res
1139 663 1460 730 imperatoris
1484 664 1760 722 Domitiani
1789 667 2067 735 composui.

200 756 363 817 §Nam
405 755 448 806 is
489 769 690 821 quoque
728 753 891 807 edidit
925 754 1073 807 ludos
1108 741 1411 822 seculares,
1452 756 1616 823 iisque
1648 758 1890 817 *intentius
1927 759 2069 818 „afui

239 847 531 909 sacerdotio
573 846 1012 913 quindecimvirali
1062 847 1325 913 praeditus
1360 863 1423 900 ac
1470 853 1590 907 tunc
1621 854 1845 917 praetor.
1921 851 2067 913 Quod

237 954 342 989 non
377 938 617 990 iactantia
651 939 857 1004 retem,
895 938 989 990 sed
1028 939 1144 1005 quia
1178 939 1400 1007 collegio
1438 940 1895 1007 quindecimvirum
1933 944 2070 998 anti-

239 1031 402 1097 quitus
441 1046 500 1082 ea
534 1045 671 1096 cura,
705 1033 756 1082 et
786 1029 1110 1097 magistratus
1140 1031 1457 1096 potissimum
1486 1032 1866 1099 exequebantur
1900 1034 2069 1087 officia

237 1121 678 1173 caerimoniarum.
752 1120 971 1174 Sedente
998 1120 1210 1172 Claudio
1244 1122 1562 1174 circensibus
1597 1122 1748 1190 ludis,
1779 1139 1890 1179 cum
1924 1126 2070 1191 pueri

174 1213 436 1264 innobiles
479 1213 622 1279 equis
661 1211 910 1263 ludicrum
951 1212 1133 1264 Troiae
1169 1212 1371 1278 inirent,
1410 1213 1643 1280 interque
1683 1229 1774 1267 eos
1809 1215 2073 1271 Britanni-

238 1320 327 1356 cus
363 1305 670 1371 imperatore
708 1305 929 1371 genitUS‚
974 1309 1023 1355 et
1059 1303 1242 1355 Lucius
1271 1304 1519 1356 Domitius
1558 1305 1832 1372 adoptione
1865 1322 1985 1359 mox
2018 1307 2071 1359 in

236 1395 500 1462 ,imperium
553 1400 602 1447 et
655 1399 1049 1462 cognomentum
1104 1395 1324 1446 Neronis
1385 1395 1644 1461 adscitus,
1706 1396 1855 1448 favor
1902 1397 2070 1463 ‚plebis

236 1487 408 1538 acrior
440 1487 492 1537 in
527 1485 799 1538 Domitium
835 1486 953 1537 loco
989 1486 1249 1553 praesagii
1287 1490 1524 1553 acceptus
1563 1491 1655 1537 est.
1729 1487 2073 1555 Vulgabatur-

238 1591 335 1643 que
387 1577 614 1629 adfuisse
654 1576 901 1628 infantiae
954 1576 1064 1628 eius
1119 1576 1372 1628 dracones
1418 1576 1472 1626 in
1528 1576 1732 1628 modum
1787 1578 2069 1644 custodum,

168 1681 223 1731 ³⁵
239 1667 471 1720 fabulosa
506 1673 556 1720 et
591 1667 816 1720 externis
842 1667 1100 1719 miraculis
1140 1666 1453 1719 adsimilata:
1489 1682 1605 1719 nam
1640 1668 1768 1735 ipse,
1805 1668 2073 1736 haudqua-

239 1774 386 1827 quam
427 1760 504 1812 sui
546 1760 820 1826 detractor,
858 1775 1010 1812 unam
1051 1759 1258 1811 omnino
1298 1774 1518 1827 anguem
1546 1759 1600 1810 in
1639 1760 1872 1819 cubiculo
1905 1761 2069 1818 visam

360 1915 397 1956 1.
431 1928 544 1956 saec.
580 1911 620 1955 h.
654 1912 702 1966 1.,
733 1925 835 1955 mox
865 1927 951 1955 sec.
985 1910 1065 1954 Ma.
1162 1919 1259 1969 post
1289 1925 1413 1954 roma
1444 1912 1618 1954 condita
1647 1909 1728 1954 Mn.
1821 1914 1863 1957 2.
1899 1921 2072 1970 agustus

236 1972 317 2016 Ma.
421 1975 463 2017 3.
498 1974 710 2029 expectati
742 1986 865 2015 erasa
895 1972 997 2027 syll.
1030 1986 1083 2013 ex
1114 1971 1195 2014 Ma.
1288 1974 1329 2015 5.
1363 1985 1465 2013 nam
1495 1972 1562 2014 his
1593 1970 1675 2014 Ma.
1767 1971 1913 2028 hisque
1945 1986 2071 2015 eraso

237 2034 265 2074 h
298 2031 378 2075 Ma.
474 2034 598 2089 affuit
629 2031 710 2074 Ma.
804 2033 846 2075 6.
874 2039 1026 2088 pretor
1055 2029 1136 2073 Ma.
1226 2032 1266 2074 7.
1302 2032 1552 2087 quindecem
1580 2029 1824 2082 aerumna.
1906 2030 1959 2075 ’9.
1997 2047 2072 2074 ce-

236 2094 334 2135 ἰ-ἱνη.
369 2091 451 2134 Ma.
549 2094 616 2135 10.
651 2092 949 2134 Brittannicus
981 2090 1062 2133 Ma.
1167 2093 1235 2134 11.
1272 2091 1323 2133 L.
1358 2090 1438 2133 Ma.
1536 2092 1604 2135 12.
1636 2093 1726 2146 inp.
1757 2088 1841 2133 Ma.
1941 2091 2074 2148 fabor

235 2165 288 2207 pr
320 2151 399 2194 Ma.
496 2153 563 2195 13.
598 2153 779 2194 acriori.
814 2151 1030 2194 domitium
1061 2149 1142 2192 Ma.
1269 2151 1337 2193 15.
1371 2149 1619 2192 adsimilata
1642 2149 1722 2203 Ma,
1755 2162 1843 2192 non
1874 2150 2071 2199 adsimtd.

1202 2272 1298 2313 dius
1330 2285 1436 2314 vero
1470 2278 1574 2314 tunc
1594 2285 1618 2314 a
1644 2272 1818 2315 condita
1837 2272 1948 2317 urbe
1972 2279 2072 2316 octo

1201 2332 1351 2373 secula
1384 2333 1693 2384 dinumerans,
1732 2332 2074 2389 unumquodque

319 2273 424 2329 Cap.
443 2276 511 2317 11.
557 2274 903 2329 octinyentesimo
918 2289 931 2314 .·
952 2285 1112 2314 nomen

238 2347 354 2375 anno
390 2334 550 2386 omisit,
579 2339 813 2388 propterea
836 2333 951 2389 quod
985 2339 1114 2374 ante-

232 2406 436 2450 gressum
452 2394 585 2435 isdem
608 2392 978 2435 consulibusidem
996 2392 1116 2434 valet

239 2454 355 2509 quod
402 2454 546 2495 eodem
600 2466 731 2494 anno.
798 2451 1003 2493 Ceterum
1063 2464 1117 2492 ex

237 2525 390 2553 norma
447 2526 576 2554 aerae
639 2512 938 2552 varronianae
1001 2523 1118 2551 nunc

237 2584 378 2613 annus
412 2573 559 2627 agitur
591 2571 1001 2625 octingentesimus,
1017 2582 1116 2610 cum

241 2629 357 2673 Fasti
392 2630 645 2672 consulares
679 2642 839 2669 annum
869 2628 954 2670 799
985 2641 1117 2682 prae-

231 2690 387 2732 beant.
436 2690 588 2745 Itaque
608 2688 692 2729 hoc
722 2687 885 2728 indicio
911 2687 1118 2727 Varronis

241 2763 386 2791 aeram
420 2751 550 2791 etiam
584 2750 628 2789 in
672 2747 782 2788 meis
821 2747 875 2788 ad
925 2745 1118 2787 Tacitum

231 2808 548 2850 additamentis
603 2806 767 2861 ubique
800 2811 975 2847 secutus
1009 2819 1117 2848 sum.

359 2870 577 2922 utriusque
631 2866 844 2921 principis
894 2867 1116 2906 rationes:

234 2928 469 2984 ¹Augustus
504 2926 588 2968 hoc
620 2926 803 2965 rationis
832 2931 1008 2965 secutus
1038 2929 1119 2975 est,

246 2987 362 3042 quod
396 2987 440 3027 in
475 2985 798 3028 commentariis
843 2983 1121 3038 quindecim-

243 3049 386 3089 virum
420 3048 628 3100 scriptum
668 3043 888 3098 repperit,
936 3044 1119 3097 primum

244 3119 269 3148 a
301 3105 483 3162 regibus
524 3105 691 3147 exactis
725 3102 851 3145 ludos
899 3114 974 3143 eos
1007 3113 1120 3142 anno

244 3165 332 3210 298
365 3178 403 3207 a.
441 3177 482 3207 u.
523 3163 771 3206 celebratos
819 3175 871 3203 ac
913 3160 1122 3214 deinceps

246 3235 457 3266 annorum
511 3226 627 3266 serie
677 3228 850 3264 centum
894 3227 937 3262 et
970 3220 1122 3262 decem

247 3283 447 3326 absoluta
491 3289 560 3326 ter
599 3283 811 3337 repetitos
856 3291 954 3322 esse
999 3280 1123 3321 annis

229 3343 350 3395 408,
385 3343 485 3394 518,
525 3342 627 3386 628.
691 3340 814 3383 quta
845 3338 958 3381 hanc
984 3340 1123 3380 ratio-

246 3414 346 3443 nem
392 3402 487 3455 ipsc
530 3414 568 3443 a.
604 3400 690 3443 738
731 3398 953 3442 seculares
999 3398 1124 3440 ludos

229 3460 507 3514 spectandos
544 3459 675 3501 edere
707 3459 879 3510 debuit,
929 3458 1004 3499 sed
1039 3457 1124 3499 ali-

250 3526 411 3574 quanto
448 3520 569 3573 prius
619 3532 657 3559 a.
693 3519 775 3561 737
812 3519 1010 3572 quintum
1047 3530 1125 3558 ce-

229 3578 469 3630 jein—avit,
523 3583 717 3620 ceterum
774 3584 951 3619 secutus
1002 3589 1126 3618 eom-

249 3639 485 3682 mentm-ios
521 3635 928 3696 quindecimvirum.
989 3634 1125 3681 Clau-

1203 2397 1377 2433 centum
1426 2393 1550 2433 annis
1600 2391 1847 2445 expletum,
1896 2389 2072 2435 eosdem

1201 2450 1327 2492 ludos
1361 2452 1567 2492 instituit.
1611 2450 1888 2493 Domitianus
1904 2464 2073 2493 rursum

1201 2523 1288 2550 non
1322 2509 1494 2551 Claudii
1525 2509 1603 2552 sed
1646 2511 1835 2567 Augusti
1865 2516 1911 2553 et
1942 2511 2074 2567 quin..

1202 2567 1487 2611 decimvirum
1520 2571 1735 2610 rationem
1767 2570 2012 2626 respiciens
2031 2582 2070 2612 a.

1200 2627 1286 2669 841
1341 2628 1558 2669 secularia
1610 2627 1772 2680 edidit,
1819 2630 1904 2670 nisi
1958 2629 2075 2684 quod

1200 2699 1346 2741 neque
1382 2687 1578 2728 seculum
1606 2693 1779 2727 centum
1800 2694 1946 2743 mque
1965 2700 2074 2729 cen-

1201 2752 1291 2786 tum
1331 2745 1483 2787 decem
1515 2751 1726 2787 annerum
1760 2752 1964 2788 accurate
1990 2746 2074 2788 ob-

1202 2806 1409 2847 servavit.
1477 2804 1574 2846 vid.
1620 2803 1851 2848 Censorium.
1893 2805 1953 2847 de
1991 2805 2075 2848 Die

1202 2863 1337 2905 natali
1374 2878 1413 2906 c.
1451 2865 1519 2907 17.
1565 2864 1746 2908 Sueton.
1780 2865 1967 2922 August.
2000 2866 2074 2917 31,

1205 2923 1355 2965 Claud.
1391 2925 1462 2975 21,
1497 2923 1659 2966 Domit.
1693 2925 1736 2967 4.
1767 2924 1855 2966 Dio
1889 2924 1985 2966 mv
2005 2923 2074 2967 18.

1203 2982 1313 3024 Plin.
1351 2982 1426 3023 vll
1455 2981 1513 3025 49
1538 2982 1639 3040 (48)
1657 2989 1855 3036 extrem,
1891 2982 2074 3026 V11142.

1204 3042 1364 3083 Zosim.
1403 3041 1435 3082 ll
1469 3042 1511 3083 4.
1552 3049 1554 3051 ’

1299 3099 1478 3155 colleyio
1523 3100 1924 3154 quindecimviri-um:
1974 3097 2077 3140 inde

1204 3159 1307 3202 Hor.
1343 3157 1483 3201 Carm.
1527 3160 1665 3201 secul.
1709 3160 1795 3203 70:
1839 3159 2079 3216 quindecim

1205 3219 1357 3261 Diana
1384 3231 1536 3275 preces
1566 3219 1758 3261 virorum
1792 3227 1927 3262 curet.

1294 3292 1348 3319 ac
1396 3285 1496 3319 tunc
1543 3286 1756 3334 praetor:
1808 3278 1924 3334 quod
1976 3282 2078 3319 ante

1205 3337 1456 3379 Bekkerum
1518 3344 1669 3380 contra
1731 3338 1830 3382 libri
1891 3335 2077 3381 medicei

1207 3398 1511 3438 auctoritatem
1562 3397 1698 3453 vulgo
1753 3397 1984 3453 legebatur
2025 3407 2080 3435 ac

1209 3464 1293 3498 tum
1321 3464 1526 3511 praetor,
1561 3456 1604 3498 id
1637 3456 1829 3499 'l‘ucitum
1874 3459 1974 3509 post
2004 3465 2078 3495 sa-

1209 3516 1449 3558 cerdotium
1464 3513 1857 3570 quindecimviratus
1874 3517 2080 3567 praetura

1211 3575 1407 3620 functum
1442 3587 1538 3616 esse
1571 3573 1803 3631 significat,
1837 3572 1914 3615 sed
1939 3570 2079 3614 idse-

1212 3648 1287 3681 cus
1320 3634 1458 3680 fuisse
1488 3639 1608 3692 patet
1647 3646 1702 3679 ex
1733 3631 1880 3680 verbis
1912 3638 1952 3678 et
1979 3643 2079 3679 ma·-
