2280 4004
23 988 173 1085 ᾸῨἎΞ

28 1069 147 1093 ,Ι-Ἀξ

246 285 334 329 120

1053 281 1344 326 ANNALIVM

1825 299 1865 329 a.
1891 288 1942 329 (ιι.
1977 284 2077 333 7692

247 428 409 495 spatia
445 428 766 480 exercendae
805 425 1189 477 candidatorum
1227 424 1508 476 industriae
1546 425 2081 494 quaerendisque'aut

244 519 502 586 potiundis
537 517 817 570 honoribus
844 517 1126 568 statuerint.
1185 515 1486 582 Favorabili.
1509 517 1562 594 in
1588 517 1811 583 speciem
1846 503 2082 590 Orflfiffl

245 610 346 661 vim
384 610 580 676 imperii
618 609 792 660 tenuit.

388 702 682 766 Censusque
725 670 1041 766 quorundam
1078 703 1370 751 senatorum
1406 699 1547 751 iuvit.

1625 701 1736 762 Quo
1774 701 1938 769 magis
1978 701 2080 753 mi-
2094 703 2164 752 :3⁷

209 809 355 845 srum
395 793 488 844 suit
524 792 659 858 quod
698 807 879 857 preces
909 791 1066 843 Marci
1104 790 1331 856 Hortali,
1371 790 1556 843 nobilis
1593 791 1818 858 iuvenis,
1857 792 1907 842 in
1950 803 2080 860 pau-

243 888 438 950 pertate
474 885 741 935 manifesta
781 883 1045 949 superbius
1104 883 1407 948 accepisset.

1480 884 1650 950 Nepos
1701 889 1811 936 erat
1856 885 2079 937 oratoris

146 975 185 1014 ‘‹‘·
224 975 520 1040 Hortensii,
561 974 777 1026 inlectus
815 990 843 1025 a
880 974 999 1024 divo
1028 973 1261 1040 Augusto
1299 972 1604 1025 liberalitate
1645 974 1842 1049 decies
1848 975 2098 1054 sestertii

201 1065 433 1117 “ducere
466 1081 696 1129 uxorem,
734 1065 997 1131 suscipere
1024 1065 1232 1129 liberos,
1271 1080 1336 1116 ne
1366 1046 1646 1117 clarissima
1670 1046 1875 1118 familia
1905 1042 2098 1119 extin-

241 1162 497 1225 gueretur.

574 1157 732 1224 Igitur
769 1161 1003 1222 quattuor
1039 1155 1154 1206 filiis
1197 1161 1311 1206 ante
1345 1156 1498 1207 limen
1537 1158 1709 1209 curiae
1744 1159 2079 1225 adstantibuS,

180 1247 359 1302 :oloco
411 1248 722 1318 sen-tentiae,
788 1263 900 1298 cum
959 1247 1010 1297 in
1055 1246 1245 1298 Palatio
1306 1253 1512 1299 senatus
1565 1249 1867 1314 haberetur,
1925 1250 2085 1302 modo

240 1318 500 1391 Hortensii
530 1339 662 1390 inter
689 1343 921 1390 oratores
949 1340 1095 1390 sitam
1126 1339 1398 1407 imaginem
1434 1340 1587 1391 modo
1614 1340 1832 1408 Augusti
1859 1340 2079 1406 intuens,

242 1430 307 1481 ad
341 1431 475 1481 hunc
514 1430 717 1481 modum
761 1430 956 1496 coepit:
988 1428 1178 1496 ‘patres
1215 1431 1522 1496 conscripti,
1558 1431 1682 1495 hoS,
1736 1446 1948 1498 quorum
1981 1446 2082 1482 nu-

241 1536 434 1573 merum
475 1525 524 1572 et
575 1520 842 1586 pueritiam
893 1520 1110 1584 videtis,
1181 1535 1286 1571 non
1338 1526 1519 1586 sponte
1570 1521 1781 1585 sustuli,
1834 1521 1927 1574 sed
1962 1521 2081 1588 quia

243 1612 483 1678 princeps
521 1613 796 1675 monebat3
847 1611 996 1663 simul
1035 1611 1256 1663 maiores
1293 1611 1393 1662 mei
1429 1617 1721 1663 meruerant
1751 1616 1806 1662 ut
1842 1617 2086 1678 posteros

180 1718 226 1755 15
242 1703 506 1754 haberent.

579 1703 705 1754 Nam
741 1718 870 1770 eg0,
924 1703 1007 1768 qui
1045 1717 1149 1753 non
1195 1703 1493 1768 pecuniam,
1547 1718 1650 1753 non
1705 1703 1870 1755 studia
1908 1703 2080 1771 populi

242 1809 408 1860 neque
446 1794 816 1860 eloquentiam,
869 1793 1062 1860 gentile
1102 1794 1280 1845 domus
1318 1799 1524 1845 nostrae
1560 1794 1778 1859 bonum,
1830 1795 2083 1847 varietate

242 1890 524 1951 temporum
565 1885 802 1950 accipere
849 1885 931 1936 vel
972 1900 1156 1950 parare
1203 1886 1511 1950 potuissem,
1573 1885 1696 1936 satis
1747 1885 1995 1938 habebam
2035 1887 2079 1938 si

244 1983 422 2029 tenues
461 1993 545 2029 res
583 1993 727 2028 meae
763 1992 859 2028 nec
896 1976 1018 2027 mihi
1060 1976 1243 2041 pudori
1281 1992 1378 2028 nec
1421 1978 1653 2043 cuiquam
1705 1978 1849 2030 oneri
1891 1978 2076 2030 forent.

245 2070 416 2121 Iussus
454 2069 516 2119 ab
558 2069 866 2134 imperatore
905 2082 1118 2118 uxorem
1173 2068 1310 2120 duxi.

182 2165 320 2211 ποιοῖ
357 2159 647 2224 consulum,
700 2164 774 2209 tot
819 2158 1140 2209 dictatorum.

365 2330 402 2370 1.
435 2330 588 2384 spacia
618 2328 674 2370 Μ.

243 2388 482 2429 sestertium
511 2386 759 2443 Beroaldi).

244 2533 350 2574 Nam
393 2546 447 2573 ex
490 2534 720 2587 sexaginta
761 2531 1002 2572 candidatis
1039 2544 1118 2573 seu

244 2593 391 2646 potius
426 2590 668 2646 designatis
700 2591 976 2645 praetoribus
1005 2591 1118 2631 duo-

247 2651 347 2692 deni
378 2650 538 2704 ·quovis
571 2661 683 2689 anno
717 2655 958 2702 praetores,
982 2650 1118 2691 ceteri

246 2715 471 2763 praetores
525 2707 745 2764 designati
795 2708 931 2750 futuri
981 2715 1118 2760 erant,

247 2769 389 2809 donec
422 2772 577 2809 exacto
625 2766 926 2822 quinquennio
970 2779 1121 2809 omnes

247 2826 301 2868 ad
332 2827 631 2882 magistratum
665 2828 987 2880 pervenissent.
1036 2826 1121 2868 Mi-

247 2898 328 2926 nus
363 2888 493 2927 etiam
525 2899 676 2927 verum
707 2891 788 2938 est,
821 2885 900 2927 sed
923 2886 1122 2928 veritatis

248 2946 398 2998 specie
437 2945 551 2985 haud
597 2945 850 2986 destitutum
891 2945 1007 3000 quod
1045 2958 1122 2988 se-

248 3004 422 3058 quitur,
456 3003 788 3059 quinquiplicari
814 3018 994 3059 prorsus
1024 3018 1122 3046 ma-

246 3064 464 3118 gistratus.

336 3121 572 3177 favorabili
601 3122 649 3162 in
679 3122 861 3177 speciem
893 3122 1119 3162 oratione.-

249 3181 465 3223 eiusmodi
527 3180 666 3222 oratio
723 3186 816 3222 erat
873 3186 918 3221 ut
967 3180 1120 3222 favore

249 3240 382 3296 digna
417 3240 656 3283 videretur.
725 3238 902 3281 Passiva
932 3241 1120 3281 nominis

247 3299 540 3354 significatio,
584 3312 695 3354 quae
740 3298 879 3340 son-ma
912 3300 1007 3340 eius
1039 3312 1121 3340 ex-

247 3370 403 3410 pressa·
420 3365 500 3411 est,
522 3359 685 3412 ubique
705 3357 887 3398 a'l'acito
906 3364 1118 3400 servatur.

247 3415 322 3457 XII
367 3417 419 3458 6:
465 3424 689 3473 postquam
735 3417 844 3458 haec
886 3417 1122 3472 favorabili

248 3474 425 3529 (favore
458 3476 613 3531 digna)
660 3477 854 3518 oratione
882 3478 1119 3532 praemisit.

247 3531 370 3574 H.11
407 3533 484 3575 97:
528 3535 740 3589 inteyrum
785 3535 876 3577 illic
906 3549 960 3577 ac
990 3538 1118 3591 favo-

247 3592 426 3633 rabilem
454 3607 509 3649 pr
511 3593 802 3635 oconsulatum
842 3595 1118 3638 Vitellius-

249 3658 408 3705 eyerat.
475 3650 524 3693 Ο.
562 3652 611 3693 7:
658 3653 705 3693 in
747 3654 917 3695 civitate
950 3655 1120 3696 minime

797 2331 839 2370 4.
875 2342 953 2382 quo
986 2328 1245 2370 Rhenanus:
1278 2328 1318 2370 M
1352 2327 1475 2382 quod.

856 2388 923 2429 11.
965 2389 1153 2443 imaqine
1185 2387 1239 2430 Μ.

1385 2069 1461 2119 En
1505 2070 1656 2134 stirps
1708 2074 1757 2120 et
1799 2069 2080 2137 progenies

1226 2159 1334 2211 Nec
1382 2159 1445 2210 ad
1498 2159 1739 2211 invidiam
1793 2161 1923 2226 ista,
1985 2159 2081 2212 sed

1604 2329 1644 2370 7.
1678 2327 1863 2369 sestertii
1893 2327 1934 2370 M
1968 2330 2079 2383 (non

1338 2389 1405 2429 12.
1447 2400 1665 2427 nemerum
1710 2393 1749 2428 et
1784 2386 1992 2442 puritiam
2021 2387 2078 2429 M.

1203 2530 1439 2587 favorabili
1468 2537 1609 2571 natus.
1656 2529 1720 2571 Ea
1739 2530 1895 2572 civitas
1913 2529 2081 2574 Gallica

1206 2597 1313 2642 erat,
1338 2590 1470 2631 Marci
1486 2590 1592 2644 Apri
1625 2590 1778 2643 patria,
1799 2591 1870 2631 cui
1902 2591 2081 2633 minime

1205 2650 1257 2691 ab
1308 2649 1415 2691 urbe
1458 2649 1595 2690 Roma
1642 2648 1783 2690 faveri
1829 2647 1907 2690 ille
1958 2649 2078 2691 dicit.

1205 2708 1389 2750 Fallitur
1421 2709 1464 2748 in
1495 2708 1684 2753 nominis
1717 2712 1934 2762 potestate
1967 2707 2080 2750 defl-

1206 2768 1366 2808 nienda'
1397 2765 1656 2809 Boetticher
1698 2767 1741 2807 in
1774 2766 1919 2808 lexico
1951 2765 2079 2810 Taci-

1207 2833 1279 2868 teo
1310 2840 1346 2869 s.
1380 2840 1423 2868 v.

1297 2885 1402 2941 Cap.
1438 2886 1510 2928 37.
1556 2898 1786 2940 censusque>
1813 2884 2087 2941 quorundam*

1207 2958 1326 3001 sqq.:
1374 2946 1490 2988 conf.
1524 2944 1608 2987 Dio
1644 2944 1759 2986 LVIl
1793 2947 1864 2990 10.
1898 2945 2079 2989 Sueton.

1206 3004 1348 3047 Tiber.
1383 3005 1454 3047 47.
1500 3004 1700 3046 Velleius
1731 3003 1769 3046 ΙΙ
1799 3004 1896 3048 129.
1930 3003 2087 3046 Fr'ater.

1207 3064 1338 3105 Marci
1352 3063 1518 3104 llortali
1539 3064 1621 3104 fuit
1634 3064 1890 3104 Hortensius
1902 3062 2077 3115 Corbio,

1208 3122 1260 3164 (lc
1296 3136 1379 3177 quo
1414 3122 1530 3162 conf.
1557 3122 1758 3163 Valerius
1779 3122 1992 3163 Maximus
2023 3122 2079 3164 Ill

1207 3182 1233 3223 5
1265 3184 1307 3223 4.
1374 3181 1483 3235 quod
1508 3206 1564 3212 -
1582 3181 1800 3236 superbius
1824 3181 2078 3237 accepisset:

1207 3253 1303 3282 cum
1335 3240 1488 3282 scribit
1517 3241 1764 3295 accepisset,
1789 3251 1876 3281 non
1897 3241 2078 3297 accepit,

1205 3299 1314 3341 illud
1367 3314 1445 3353 quo
1496 3300 1631 3354 vnayis
1684 3300 1837 3340 mirum
1888 3300 1971 3353 suit
2023 3299 2078 3341 (le

1207 3357 1454 3399 hominibus
1507 3360 1605 3399 aevi
1656 3357 1873 3399 Tiberiani
1915 3357 2075 3398 dictum

1207 3423 1251 3459 et
1295 3419 1525 3472 sequentia
1569 3431 1622 3459 ex
1666 3417 1817 3458 horum
1868 3416 2075 3469 opinione

1205 3489 1415 3531 suspensa
1449 3478 1608 3531 posuit.

1294 3551 1387 3578 cum
1399 3537 1445 3577 in
1457 3536 1624 3577 Palatio
1639 3541 1809 3576 senatus
1822 3533 2051 3573 haberetur
2060 3546 2074 3573 .-

1207 3596 1250 3637 in
1272 3609 1324 3638 ea
1348 3595 1504 3638 Palatii
1538 3599 1673 3649 parte,
1703 3593 1775 3634 ubi
1804 3590 2074 3634 bibliotheca

1207 3655 1383 3697 Latina:
1406 3667 1503 3696 nam
1535 3653 1595 3695 ibi
1625 3651 1839 3706 clipeatae
1858 3651 2081 3707 imagines„
