2280 4004
209 325 237 359 a
268 314 319 358 o.
353 314 425 361 51.
759 315 924 359 mmm
954 291 1045 358 ΧΠ.
1108 314 1215 360 ου.
1248 315 1439 361 47-50.
1964 318 2028 362 ev

126 456 196 507 49
211 457 464 524 liliumque
519 457 848 510 abstraheret.
944 458 1066 509 Erat
1105 457 1462 524 'Cappadociae
1521 451 1823 524 procurator
1873 459 2025 511 Iulius

211 547 474 615 PelignUS,
532 549 736 615 ignavia
782 548 933 599 animi
985 554 1034 599 et
1088 548 1371 600 deridiculo
1412 548 1642 615 corporis
1679 549 1812 600 iuxta
1853 549 2028 616 despi-

214 639 452 702 ciendus,
492 639 583 690 sed
622 639 832 690 Claudio
871 654 1111 705 perquam
1153 639 1444 703 familiariS,
1498 655 1609 690 cum
1645 639 1868 705 privatus
1907 640 2026 692 olim

211 729 600 781 conversatione
636 743 923 780 scurrarum
961 730 1098 781 iners
1134 729 1286 781 otium
1326 729 1617 781 oblectaret.
1707 731 1752 782 Is
1788 731 2024 798 Pelignus

208 820 408 871 auxiliis
444 818 829 885 provincialium
875 819 1149 870 contractis
1196 823 1448 885 tamquam
1493 825 1882 886 recuperaturus
1920 820 2064 875 Δι’-ἐ

207 909 446 973 moniam,
491 908 606 960 dum
643 895 815 960 socios
852 909 1014 976 magis
1049 924 1196 975 quam
1233 909 1407 962 hostes
1442 910 1741 976 praedatur,
1781 911 2026 962 abscessu

206 985 412 1052 suorum
464 1004 512 1050 ct
560 999 935 1051 incursantibus
981 1000 1213 1052 barbaris
1262 1000 1506 1066 praesidii
1548 1015 1707 1067 egens
1754 1000 1814 1051 ad
1855 1001 2027 1053 Rada-

207 1090 405 1142 mistum
452 1090 617 1153 venit3
676 1090 926 1156 donisque
977 1090 1085 1142 eius
1136 1090 1330 1141 evictus
1383 1089 1514 1141 ultro
1572 1090 1769 1158 regium
1825 1091 2027 1157 insigne

206 1195 408 1233 sumere
436 1180 743 1245 cohortatur,
773 1180 1088 1246 sumentique
1123 1180 1268 1232 adest
1302 1185 1479 1232 auctor
1506 1185 1555 1232 et
1586 1181 1806 1232 satelles.
1880 1181 2027 1242 Quod

204 1270 290 1322 ubi
326 1271 456 1336 turpi
492 1270 623 1323 fama
665 1271 992 1338 divulgatum,
1028 1286 1094 1323 ne
1132 1271 1289 1323 ceteri
1320 1286 1520 1337 quoque
1560 1285 1625 1323 ex
1654 1272 1862 1339 Peligno
1900 1278 2091 1323 con-io

205 1361 539 1426 iectarentur,
604 1361 866 1413 Helvidius
903 1361 1104 1412 Priscus
1140 1361 1336 1428 legatus
1391 1375 1502 1412 cum
1553 1361 1760 1429 legione
1800 1362 2024 1425 mittitur,

205 1451 357 1503 rebus
407 1451 622 1503 turbidis
672 1467 763 1518 pro
824 1457 1051 1518 tempore
1102 1457 1156 1503 ut
1207 1451 1511 1505 consuleret.
1604 1452 1763 1519 Igitur
1810 1467 2027 1518 propere

205 1547 424 1595 montem
475 1543 690 1594 Taurum
740 1547 1093 1610 transgressus
1163 1543 1515 1594 moderatione
1569 1542 1713 1608 plura
1777 1557 1924 1608 quam
1974 1543 2026 1594 vi

207 1638 574 1698 composuerat,
617 1647 727 1683 cum
770 1633 942 1686 redire
976 1632 1027 1683 in
1063 1632 1257 1699 Syriam
1298 1632 1526 1697 iubetur,
1575 1647 1638 1684 ne
1675 1632 1870 1683 initium
1907 1633 2027 1684 belli

119 1721 450 1775 50adversus
485 1722 693 1775 Parthos
720 1723 976 1775 existeret.
1049 1723 1174 1774 Nam
1200 1722 1485 1789 Vologeses
1511 1735 1682 1774 casum
1707 1723 2026 1776 invadendae
2043 1733 2089 1770 ¹⁵

204 1813 476 1866 Armeniae
515 1814 789 1867 obvenisse
827 1819 983 1878 ratus,
1024 1828 1170 1879 quam
1214 1830 1242 1864 a
1283 1813 1560 1865 maioribus
1599 1813 1702 1865 suis
1736 1828 2027 1879 possessam

206 1909 443 1956 externus
485 1921 577 1956 rex
613 1905 805 1972 flagitio
853 1905 1132 1970 obtineret,
1191 1905 1445 1956 contrahit
1496 1905 1668 1970 copias
1719 1905 2027 1971 fratremque

202 1996 459 2047 Tiridaten
495 1996 750 2048 deducere
789 1996 841 2046 in
876 2011 1088 2063 regnum
1125 2001 1286 2062 parat,
1324 2011 1388 2047 ne
1425 2010 1520 2062 qua
1546 2011 1665 2062 pars
1705 1996 1881 2047 domus
1917 1996 2028 2047 sine

202 2088 414 2154 imperio
462 2093 654 2154 ageret.
746 2088 954 2138 Incessu
1002 2087 1296 2138 Parthorum
1344 2087 1456 2138 sine
1501 2087 1614 2138 acic
1663 2087 1793 2152 pulsi
1833 2086 2025 2150 Hiberi,

201 2178 455 2243 urbesque
495 2177 853 2228 Armeniorum
889 2177 1134 2229 Artaxata
1181 2183 1230 2228 et
1265 2178 1629 2244 Tigranocerta
1666 2177 1835 2243 iugum
1873 2184 2090 2227 acce-2⁰

204 2283 342 2335 pere.
416 2267 613 2319 Deinde
668 2272 815 2319 atrox
856 2267 1044 2333 hiemS,
1095 2282 1187 2320 seu
1233 2283 1408 2334 parum
1453 2267 1648 2334 provisi
1698 2271 2025 2330 commeatuS,

322 2445 364 2485 2.
397 2442 577 2498 ignavia
608 2443 822 2485 Muretus:
855 2441 922 2485 Ma
950 2444 1112 2499 ignavi.
1175 2443 1288 2484 iusta
1310 2441 1389 2484 Ma.
1452 2444 1494 2485 3.
1523 2442 1706 2498 privatis
1735 2441 1790 2497 (G
1819 2442 2027 2496 privatas,

206 2502 281 2544 alii
307 2502 520 2558 privatus)
565 2501 665 2542 olim
708 2504 1052 2544 conversationes
1095 2510 1268 2544 curaret
1308 2500 1397 2544 Ma:
1431 2501 1679 2543 emendavit
1707 2501 1895 2554 Lipsius,
1974 2501 2027 2556 5.

206 2568 322 2616 tanq.
355 2559 435 2602 Ma.
518 2561 559 2603 9.
594 2569 719 2603 aucto
752 2560 831 2604 Ma.
930 2564 996 2605 14.
1029 2562 1187 2603 rediret
1221 2560 1299 2603 Ma.
1383 2561 1534 2602 siriam
1563 2559 1644 2602 Ma.
1726 2561 1793 2603 17.
1829 2567 1912 2615 opt.
1947 2557 2028 2602 Ma.

210 2621 281 2665 21.
317 2620 476 2675 hiemps
508 2618 587 2662 Ma.

207 2784 336 2836 inest,
367 2783 445 2825 sed
477 2789 751 2838 contemptus
785 2788 857 2824 aut
889 2785 1075 2825 misera-

208 2844 286 2884 tio.
331 2843 495 2896 Aperte
528 2846 744 2884 contraria
773 2850 873 2884 suut
896 2843 1074 2898 ignavia

209 2903 339 2944 animi
373 2907 416 2943 et
449 2903 643 2956 corporis
676 2901 980 2943 deridiculum.

297 2962 620 3003 conversatione
662 2975 913 3003 scurrarum
956 2961 1074 3003 iners

209 3027 264 3062 ot.
318 3020 580 3062 oblectaret:
636 3019 688 3062 de
745 3033 791 3061 re
839 3021 1073 3063 Suetonius

212 3078 362 3121 Claud.
388 3079 438 3121 5:
471 3092 524 3120 cx
556 3079 831 3121 contubernio
863 3079 1074 3121 sordidis-

210 3138 411 3178 simorum
441 3137 680 3190 hominum,
730 3153 855 3194 super
894 3146 1076 3180 veterem

210 3196 418 3250 segnitiae
453 3203 619 3248 notam,
661 3198 876 3239 ebrietatis
918 3211 1076 3252 quoque

214 3260 252 3295 et
283 3253 406 3295 aleae
436 3254 663 3309 infamiam
692 3257 831 3298 subiit.
880 3257 1076 3297 Privatus

213 3312 266 3354 de
300 3310 482 3353 Claudio
533 3314 859 3367 accipiendum,
903 3326 988 3354 non
1023 3314 1076 3355 de

211 3371 412 3427 Peligno.
476 3369 604 3414 Conf.
646 3371 698 3413 H.
744 3373 778 3413 V
818 3375 864 3413 1:
912 3373 1077 3413 Caesar

219 3430 352 3482 Titus,
387 3455 442 3462 —
472 3431 655 3486 privatis
695 3431 911 3484 utriusque
954 3431 1077 3471 rebus

211 3489 366 3531 militia
406 3489 564 3532 clarus.
631 3489 686 3531 Vt
733 3490 816 3531 51:
862 3491 1078 3545 eqreyium

212 3550 301 3590 vita
329 3551 550 3604 famaque,
584 3548 723 3603 quoad
752 3549 946 3604 privatus
981 3547 1078 3603 (Ti-

215 3606 382 3665 berius)
415 3611 512 3664 suit.
577 3609 910 3651 Conversatione
951 3622 1077 3651 scur-

218 3678 365 3711 rarum
395 3674 462 3712 est
483 3670 816 3712 conversatione
838 3680 935 3712 cum
951 3680 1076 3710 scur-

1161 2785 1220 2825 ris
1254 2783 1416 2824 habita.
1479 2783 1543 2824 Ne
1585 2784 1680 2838 quis
1728 2783 1781 2824 de
1824 2779 2027 2835 palmaris

1160 2842 1478 2885 emendationis
1506 2843 1736 2896 Lipsianae
1769 2842 1955 2883 veritate
1983 2841 2027 2881 in

1160 2907 1380 2956 posterum
1413 2901 1609 2954 dubitet,
1651 2913 1808 2942 moneo
1844 2911 2028 2941 conver-

1159 2963 1367 3004 sationem
1399 2973 1498 3002 esse
1530 2973 1684 3002 vocem
1706 2959 2025 3014 Tacitin11m(v.

1160 3019 1286 3063 11le
1305 3020 1403 3076 69),
1438 3021 1782 3062 conversationes
1801 3031 1886 3059 non
1913 3030 2026 3060 esse.

1161 3081 1426 3133 Scripturam
1466 3080 1503 3120 is
1544 3079 1741 3134 Peliqnus
1783 3078 1836 3120 ad
1879 3076 1938 3118 lV
1976 3077 2028 3119 10

1161 3137 1353 3181 defendi.

1257 3210 1310 3237 ne
1359 3197 1491 3236 ceteri
1532 3208 1692 3248 quoque
1746 3207 1799 3234 ea,-
1855 3193 2027 3247 Peliyno

1162 3257 1532 3296 cortiectarentur:
1565 3253 1768 3295 sollerter
1793 3253 1874 3293 iam
1912 3264 2028 3292 nunc

1161 3313 1363 3354 admonet
1395 3318 1546 3352 auctor
1592 3324 1746 3365 parcus
1780 3310 2027 3359 verborum,

1163 3373 1377 3427 insignem
1415 3373 1552 3412 virum
1596 3371 1731 3411 fuisse
1779 3368 2026 3410 Helvidium

1162 3431 1381 3471 Priscum:
1424 3431 1585 3485 quippe
1619 3431 1654 3469 is
1698 3430 1739 3470 in
1774 3428 1923 3481 paucis
1956 3426 2028 3467 lu-

1162 3489 1349 3530 minibus
1390 3490 1489 3531 aevi
1535 3487 1781 3544 calliginosi
1826 3499 1849 3526 a
1881 3485 2027 3526 Tacito

1163 3549 1344 3604 egregie
1380 3548 1624 3591 celebratus
1658 3552 1748 3599 esu
1784 3544 1899 3587 conf.
1937 3543 2025 3586 lnd.

1162 3607 1263 3650 hist.
