2280 4004
165 295 193 327 a
224 278 273 328 G.
306 282 379 331 49.
410 294 413 297 ·
741 280 904 326 LIBER
934 280 1025 324 XII.
1089 280 1196 324 GAP.
1234 281 1420 325 15-18.
1933 277 1993 321 5⁸⁷

169 427 423 492 munitam,
466 427 564 478 nisi
603 427 738 493 quod
767 427 965 478 moenia
1006 441 1104 477 non
1144 441 1268 477 saxo
1301 425 1392 477 sed
1423 424 1642 476 cratibus
1675 428 1724 476 et
1759 423 1994 476 vimentis

169 535 229 570 ac
252 519 417 570 media
455 519 604 568 humo
631 519 901 569 adversum
929 519 1267 584 inrumpentes
1297 517 1517 568 invalida
1550 521 1693 568 erant
1705 534 1719 580 3
1753 516 1997 567 eductae-

170 625 267 676 que
302 611 448 661 altius
473 614 637 660 turres
673 610 867 660 facibus
910 614 1058 675 atque
1093 610 1249 660 hastis
1284 609 1551 659 turbabant
1582 608 1840 659 obsessos.
1914 607 1993 657 Ac

171 701 222 750 ni
250 700 492 766 proelium
518 715 621 750 nox
646 700 950 764 diremisset,
983 705 1158 766 coepta
1190 705 1485 765 patrataque
1524 699 1827 765 expugnatio
1870 713 1999 749 eun-

87 790 283 842 17dem
321 791 451 840 intra
490 790 621 841 diem
648 790 796 841 soret.
870 791 1078 841 Postero
1117 791 1302 841 misere
1334 790 1548 857 legatos,
1587 790 1785 841 veniam
1820 788 2036 841 liberi55

171 881 468 948 corporibus
521 886 756 932 orantes:
821 882 1014 934 servitii
1054 881 1230 932 decem
1286 882 1421 933 milia
1474 880 1771 931 offerebant.
1848 879 1996 941 Quod

170 973 423 1039 aspernati
461 973 836 1037 suntvictoreS,
871 973 985 1038 quia
1015 973 1270 1024 trucidare
1307 973 1507 1023 deditos
1544 987 1767 1036 saevum,
1809 976 1996 1022 tantam

169 1062 532 1119 multitudinem
588 1063 816 1113 custodia
871 1063 1080 1130 cingere
1132 1063 1372 1126 arduum,
1432 1067 1485 1112 ut
1521 1062 1638 1113 belli
1675 1062 1839 1127 potius
1889 1061 1998 1112 iure

171 1154 428 1205 caderent.
502 1154 781 1219 Datumque
818 1153 1084 1217 militibus,
1145 1154 1226 1219 qui
1265 1153 1417 1203 scalis
1455 1157 1752 1217 evaserant,
1796 1152 1998 1219 signum

170 1244 358 1295 caedis.
433 1244 647 1295 Excidio
675 1244 972 1310 Uspensium
1003 1249 1161 1295 metus
1201 1244 1385 1296 ceteris
1420 1243 1652 1307 iniectUS,
1691 1243 1814 1293 nihil
1843 1247 1998 1293 tutum
2017 1253 2064 1289 ιο

167 1334 318 1403 ratis,
386 1350 497 1385 cum
555 1350 692 1385 arma
746 1335 1075 1398 munimenta,
1141 1334 1366 1400 impediti
1412 1334 1493 1384 vel
1549 1333 1827 1384 eminentes
1877 1332 1997 1398 loci,

168 1439 443 1490 amnesque
497 1430 544 1476 et
593 1425 747 1476 urbes
805 1426 942 1475 iuxta
998 1429 1458 1491 perrumperentur.
1545 1424 1702 1490 Igitur
1741 1422 1998 1487 Zorsines,

169 1515 254 1565 diu
288 1516 539 1580 pensitato
578 1516 946 1567 Mithridatisne
999 1516 1152 1566 rebus
1206 1516 1443 1566 extremis
1493 1530 1555 1565 an
1613 1514 1777 1580 patrio
1835 1528 1998 1581 regno

171 1606 483 1671 consuleret,
538 1612 801 1673 postquam
835 1607 1114 1673 praevaluit
1166 1607 1371 1673 gentilis
1409 1606 1623 1670 utilitaS,
1689 1605 1818 1656 datis
1858 1604 2003 1655 obsi-

171 1697 318 1748 dibus
357 1697 486 1763 apud
524 1697 744 1765 effigiem
783 1698 1017 1749 Caesaris
1059 1698 1358 1763 procubuit,
1415 1713 1595 1764 magna
1637 1696 1802 1763 gloria
1845 1703 2066 1775 exer-25

170 1788 298 1839 citus
340 1789 581 1853 Romani,
642 1804 787 1855 quem
837 1789 1152 1840 incruentum
1205 1795 1254 1839 et
1307 1789 1552 1839 victorem
1609 1787 1762 1837 tridui
1813 1786 1999 1838 itinere

169 1878 394 1930 abfuisse
450 1880 512 1929 ab
563 1895 708 1931 amne
747 1880 900 1931 Tanai
953 1880 1193 1930 constitit.
1269 1880 1366 1931 Sed
1423 1879 1474 1928 in
1529 1893 1771 1945 regressu
1824 1877 1997 1943 dispar

171 1970 369 2021 fortuna
408 1971 522 2035 fuit,
583 1972 697 2037 quia
750 1971 949 2022 navium
1002 1971 1274 2036 quasdam,
1337 1986 1464 2036 quae
1512 1971 1637 2021 mari
1680 1969 1990 2033 remeabant,

172 2061 222 2110 in
263 2062 411 2112 litora
448 2062 723 2113 Taurorum
766 2062 957 2114 delatas
1009 2053 1406 2113 circumvenere
1439 2062 1678 2124 barbari,
1737 2060 1998 2126 praefecto

89 2154 156 2202 18
177 2152 400 2203 cohortis
441 2157 489 2203 et
526 2152 780 2218 plerisque
815 2153 1130 2204 auxiliarium
1173 2153 1470 2203 interfectis,
1565 2153 1761 2203 Interea
1802 2150 2002 2203 Mithri-
2018 2160 2066 2199 20

297 2327 332 2367 1.
364 2325 557 2381 mutibus
587 2327 666 2369 Ma.
820 2328 1012 2370 vimentis
1046 2327 1134 2380 Ma,
1192 2341 1278 2369 non
1320 2328 1597 2380 timentibus,
1639 2333 1686 2367 ut
1718 2326 1824 2368 dicit
1855 2327 2001 2368 Furia.

173 2389 214 2430 2.
249 2386 328 2426 irr.
364 2385 434 2427 Or.
471 2385 583 2427 idem
618 2399 716 2428 mox
745 2388 885 2443 prael.
1032 2388 1183 2429 educta
1217 2402 1316 2442 eque
1355 2387 1434 2429 Ma.
1585 2388 1626 2429 4.
1664 2387 1892 2427 div-imissa
1924 2385 2002 2427 Ma.

173 2452 296 2500 cepta
329 2444 407 2487 Ma.
558 2447 599 2488 5.
631 2453 842 2503 postremo
878 2446 965 2488 Ma:
1002 2447 1252 2489 emendavit
1286 2447 1472 2501 Lipsius.
1623 2446 1665 2488 8.
1699 2453 1744 2487 ut
1778 2445 1876 2487 betto:
1909 2443 2003 2487 Ma:

173 2503 272 2545 belli
300 2503 541 2546 Ernestius.
666 2507 732 2549 10.
766 2505 902 2547 nichil
933 2505 1011 2548 Ma.
1122 2509 1188 2550 12.
1219 2513 1546 2561 perrumpentar
1579 2504 1657 2556 Ma,
1693 2510 1866 2547 veteres
1900 2504 2005 2546 editi

169 2571 578 2619 prorumperentm·:
614 2567 743 2606 tacite
777 2567 967 2606 correxit
1003 2565 1254 2607 Rhenanus,
1361 2567 1428 2607 13.
1463 2566 1576 2606 mitr.
1612 2563 1691 2608 Ma.
1819 2564 1886 2608 17.
1920 2577 2004 2605 au-

171 2623 303 2678 fuisse
335 2621 413 2664 Ma.
534 2625 605 2667 20.
642 2624 924 2667 auxiliarium
961 2625 1161 2678 Lipsius:
1199 2624 1264 2667 Ma
1298 2623 1607 2667 consiliarium.

175 2783 302 2836 quies
324 2784 561 2836 repetitur-3
597 2784 652 2825 cf.
678 2784 734 2825 XI
756 2787 861 2841 21),
896 2784 1038 2826 Plinio

175 2839 233 2881 lv
264 2841 334 2894 25,
365 2841 611 2883 Ptolemaeo
647 2842 701 2883 Ill
736 2844 761 2885 5
795 2846 839 2895 ἕ.
873 2847 943 2895 22,
985 2844 1041 2885 VI

185 2899 238 2941 14
269 2901 313 2950 δ.
353 2901 418 2942 10.

1217 2786 1388 2840 ¹qentilis
1430 2785 1618 2827 utilitas:
1681 2785 1721 2826 h.
1780 2798 1818 2826 e.
1869 2783 2006 2839 flentis

1124 2858 1227 2886 snae
1258 2846 1448 2897 utilitas3
1482 2858 1523 2886 v.
1558 2845 1610 2886 ad
1650 2843 1706 2885 VI
1739 2846 1810 2887 32.

1210 2907 1433 2959 praefecto
1479 2904 1665 2944 cohortis
1710 2911 1748 2945 et
1790 2902 2006 2958 plerisque

265 2956 369 3010 Gap.
396 2958 464 3000 16.
516 2959 710 3014 oppidum
739 2961 1041 3002 Dandaricae.-

179 3028 332 3056 nomen
357 3018 501 3071 gentis
527 3018 821 3072 Dandaridae,
843 3026 887 3060 ut
913 3021 1039 3062 modo

178 3075 291 3128 apud
333 3074 547 3128 Tacitum,
596 3078 666 3119 vel
717 3079 964 3130 Dandadi,
996 3086 1042 3120 ut

177 3133 289 3187 apud
322 3134 573 3177 Strabonem
611 3137 664 3177 xt
699 3140 726 3180 2
762 3139 811 3179 11
855 3144 897 3180 et
938 3138 1042 3179 l’lu-

178 3191 371 3233 tarehum
407 3193 587 3235 Lucullo
624 3196 675 3238 16
708 3202 751 3237 et
777 3197 1042 3251 Stephanum

177 3265 212 3292 s.
247 3264 306 3301 v.,
341 3252 413 3305 qui
437 3252 653 3295 Hecataeo
687 3261 866 3297 auctore
891 3258 1041 3298 utitur.

177 3309 243 3351 Ab
280 3308 360 3349 hac
391 3309 525 3351 altera
560 3313 694 3353 forma
728 3326 884 3355 nomen
902 3320 1044 3356 terrae

180 3368 338 3410 factum
375 3375 454 3410 est.
538 3372 694 3411 nostris
726 3373 771 3412 in
804 3374 959 3413 armis:
995 3386 1047 3414 ex

180 3426 432 3468 cohortibus
466 3428 560 3470 sive
595 3430 748 3471 militia
781 3431 933 3472 sociali
960 3432 1048 3472 Ro-

180 3498 402 3527 manorum
453 3488 766 3542 suppeditatis:
820 3490 872 3531 de
919 3493 1046 3532 armis

182 3545 523 3601 legionariorum
560 3559 645 3587 non
681 3549 973 3604 cogitandum.

290 3604 394 3657 Cap.
440 3607 504 3647 17.
583 3622 675 3648 cum
726 3622 850 3652 arma
904 3610 1048 3655 ’nuni-

182 3669 344 3706 menta:
390 3663 446 3706 cf.
488 3663 540 3707 ad
592 3665 647 3709 xl
691 3666 733 3712 6.

1126 2963 1434 3005 aaoeiliarimn:
1486 2970 1528 3004 ct
1571 2964 1656 3003 dux
1703 2961 1895 3003 cohortis
1929 2973 2005 3001 so-

1128 3024 1292 3064 ciorum
1328 3028 1370 3064 et
1402 3022 1600 3077 plerique
1628 3021 1789 3063 milites
1811 3021 2004 3076 gregarii

1127 3082 1320 3123 ciusdem
1365 3081 1557 3123 cohortis
1611 3082 1831 3121 interfecti
1876 3084 2001 3118 sunt:

1129 3141 1375 3194 praefectus
1429 3141 1543 3181 enim
1601 3140 1673 3192 qui
1724 3143 2002 3188 memoratur,

1128 3201 1164 3239 is
1224 3200 1440 3239 sociorum
1494 3197 1718 3238 cohortem
1769 3196 2004 3249 levemque

1130 3257 1277 3308 duxit,
1330 3269 1414 3296 non
1467 3257 1699 3297 Romanam
1747 3267 2002 3310 gravemve.

1132 3316 1405 3369 Quapropter
1437 3327 1520 3354 non
1558 3320 1658 3368 apte
1692 3313 1744 3355 ab
1766 3312 2003 3369 Agricolae

1134 3375 1297 3414 codicis
1330 3374 1520 3415 secunda
1562 3386 1687 3413 mann
1733 3373 2004 3413 cenem-iones

1134 3433 1393 3483 inferuntur,
1428 3433 1499 3486 qui
1535 3431 1643 3472 nulli
1680 3433 1721 3472 in
1749 3430 2004 3472 cohortibus

1133 3492 1390 3540 auxiliariis,
1426 3504 1569 3546 neque
1593 3490 1706 3531 bene
1732 3495 2003 3544 comparatur

1135 3550 1246 3590 alius
1288 3550 1421 3591 Taciti
1467 3550 1589 3591 locus
1634 3553 1695 3604 (c.
1742 3549 1822 3606 38)
1865 3562 2002 3605 prae-

1133 3612 1268 3666 fectus
1302 3617 1445 3651 tamen
1477 3617 1515 3651 et
1539 3616 1630 3650 octo
1657 3610 1926 3651 centuriones
1949 3633 2004 3640 —

1136 3668 1352 3711 cecidere:
1385 3668 1457 3711 hic
1497 3670 1611 3711 enim
1644 3681 1732 3711 non
1769 3673 1834 3710 est
1868 3681 1999 3726 prae-
