2280 4004
239 253 272 292 a
294 241 346 292 v:
379 241 451 288 32.
485 268 487 270 ·
814 241 977 286 LIBER
1011 242 1082 286 vl.
1144 241 1264 286 Ου’(
1290 242 1474 288 10-12,

1981 247 2070 292 w
2146 237 2151 241 ,

242 386 379 441 eules
405 385 735 448 mandabant,
773 383 1018 451 duratque
1052 384 1391 449 simulacrum,
1425 384 1656 450 quotiens
1695 384 1759 436 ol)
1791 385 1947 438 ferias
1965 387 2066 438 La-

245 478 375 531 tinas
412 477 699 543 praeficitur
736 477 819 542 qui
846 476 1113 528 consulare
1148 491 1325 527 numus
1357 481 1579 542 usurpet.
1624 476 1857 531 Ceterum
1884 477 2067 544 Augu-

243 574 349 622 stus
373 568 517 620 bellis
550 567 780 621 civilibus
806 567 1018 619 Cilnium
1043 567 1403 631 Maecenatem,
1431 568 1680 633 equestris
1707 568 1920 633 ordiniS‚
1944 584 2070 620 cun—

245 660 341 713 ctis
366 659 496 726 apud
518 661 724 715 Romam
750 663 899 723 atque
923 658 1113 711 ltaliam
1141 657 1446 723 praeposuit.
1505 658 1622 710 Mox
1657 673 1824 710 rerum
1862 659 2065 724 potitus,

246 752 310 806 ob
337 749 728 818 magnitudinem
756 748 924 814 populi
952 765 1013 800 ao
1049 749 1191 800 tarda
1217 748 1385 816 legum
1420 749 1623 813 auxilia,
1647 750 1857 816 sumpsit
1881 767 1910 802 e
1941 766 2107 806 con-5

244 841 494 898 sularibus
517 840 600 906 qui
623 842 890 893 coerceret
909 840 1114 894 servitia
1134 845 1182 893 et
1204 839 1338 906 quod
1360 840 1543 893 civium
1563 841 1774 893 audacia
1797 842 2066 907 turbidum,

245 933 344 999 nisi
369 933 467 988 vim
498 936 698 986 metuat.
752 930 1043 996 Primusque
1067 930 1282 985 Messala
1310 931 1562 985 Corvinus
1592 948 1701 983 eam
1750 938 2066 999 potestatem,

247 1029 298 1080 et
333 1037 522 1090 paucos
563 1022 691 1077 intra
727 1021 838 1079 (lies
879 1022 1027 1076 linem
1066 1022 1293 1087 aceepit,
1347 1022 1490 1087 quasi
1528 1023 1732 1075 nescius
1773 1024 2066 1076 exercendi.

246 1115 364 1169 Tum
401 1113 592 1169 'saurus
638 1112 890 1176 Stat-ilius,
951 1127 1250 1178 quamquam
1304 1117 1545 1178 provecta
1608 1119 1797 1179 aetate,
1854 1116 2067 1182 egregie

244 1204 494 1261 toleravit.
604 1203 731 1257 Dein
784 1204 897 1258 Piso
952 1203 1130 1270 viginti
1183 1218 1274 1269 per
1326 1218 1488 1257 annos
1554 1206 1743 1269 pariter
1807 1206 2131 1272 probatnS,m

243 1294 444 1362 publico
484 1294 663 1350 sunere
702 1310 767 1346 ex
806 1293 1013 1347 decreto
1052 1297 1258 1347 senatus
1298 1293 1584 1347 celebratus
1622 1299 1714 1346 est.

163 1380 230 1429 12
384 1385 609 1442 Relatum
647 1385 766 1441 inde
804 1385 866 1439 ad
915 1389 1084 1450 patres
1135 1401 1163 1435 a
1201 1384 1510 1445 Quintiliano
1552 1386 1752 1438 tribuno
1801 1387 1966 1452 plebei
2006 1387 2069 1439 de

244 1476 376 1533 libro
401 1477 640 1542 Sibullae,
681 1492 827 1543 quem
854 1475 1097 1531 Caninius
1128 1475 1299 1530 Gallus
1337 1475 1707 1542 quindecimvir
1744 1477 1903 1544 recipi
1940 1478 2071 1530 inter

362 1611 405 1652 3.
440 1609 649 1652 cillinium
680 1609 744 1651 M:
775 1610 964 1650 correxit
996 1609 1182 1663 Lipsius.
1339 1609 1406 1651 13.
1441 1608 1632 1651 Sibullae
1664 1610 1719 1662 M,
1754 1621 1853 1651 mox
1885 1610 2066 1653 sibillae.

247 1669 553 1726 quindecimvir
583 1668 850 1715 Beroaldus:
895 1668 934 1711 M
969 1667 1361 1723 quindecimvirum.

244 1792 381 1849 Recte
443 1791 613 1844 'facilus
696 1792 856 1832 omittit
923 1791 1114 1845 admini-

243 1853 499 1894 strationem
563 1850 681 1891 urbis
729 1864 767 1892 a.
802 1851 887 1893 733
933 1849 1114 1891 absente

247 1912 446 1968 Augusto
488 1910 710 1966 Agrippae
762 1909 961 1951 traditam
1006 1909 1114 1963 (Dio

247 1970 342 2013 Ltv
374 1970 453 2027 6):
488 1982 539 2011 ea
563 1970 678 2011 enim
707 1969 891 2023 amplior
923 1973 1115 2022 potestas

248 2036 342 2076 erat
373 2035 417 2072 et
445 2034 566 2071 extra
602 2027 796 2075 ordinem
830 2027 951 2077 data,
985 2033 1115 2081 atque

1199 1790 1487 1833 continuasset
1518 1791 1634 1849 apud
1659 1791 1794 1846 ipsum
1824 1791 1913 1832 iam
1938 1792 2068 1856 prin..

1199 1850 1348 1906 cipem.
1411 1849 1621 1891 Nimirum
1654 1850 1737 1899 jam
1771 1862 1994 1905 versamur
2025 1851 2070 1891 in

1199 1910 1312 1950 {nino
1341 1907 1675 1965 undevigesimo
1709 1910 1977 1963 principatus
1996 1908 2068 1950 Τί-

1201 1968 1390 2019 beriani,
1424 1973 1499 2019 ut,
1534 1969 1570 2008 si
1603 1967 1795 2009 Tacitum
1829 1969 2066 2023 sequimur,

1199 2027 1422 2082 Augustus
1441 2027 1585 2071 Pisoni
1611 2027 1928 2080 praefecturam
1951 2026 2067 2071 urbis

248 2091 341 2144 ipsa
393 2087 668 2143 praefectura
720 2086 838 2133 urbis
885 2099 961 2141 per
1009 2085 1115 2133 illud

248 2155 418 2203 tempus
461 2158 546 2195 non
579 2145 748 2192 sublata
792 2150 883 2197 est,
928 2145 1005 2186 sed
1036 2143 1116 2189 sub

248 2206 454 2262 auspiciis
482 2205 703 2261 Agrippae
736 2211 891 2251 cuncta
924 2204 1117 2260 regentis

249 2266 302 2313 ab
334 2265 420 2309 alio
454 2264 765 2311 administrata.
828 2263 968 2309 Etiam
995 2263 1118 2308 Mae-

254 2325 419 2370 cenatis
451 2323 527 2368 illa
559 2322 874 2369 administratio
907 2335 994 2363 non
1027 2328 1118 2363 erat

252 2384 527 2440 praefectura
558 2381 702 2434 nrbiS,
755 2383 831 2424 sed
865 2395 915 2424 ea
948 2394 1118 2424 memo-

249 2449 341 2490 rata
374 2448 440 2488 est
471 2456 495 2488 a
531 2440 702 2493 'l'acito‚
752 2447 798 2489 ut
841 2441 1118 2484 occasionem

250 2501 552 2560 praefecturae
566 2501 897 2549 constituendae
911 2505 1118 2542 narraret.

351 2561 450 2607 dein
491 2559 586 2607 Piso
634 2561 786 2616 eiqinti
827 2574 908 2617 per
954 2573 1117 2605 anuos:

252 2620 363 2669 haee
387 2633 472 2666 non
499 2625 763 2672 constarent,
786 2621 822 2664 si
847 2632 951 2665 vera
974 2624 1120 2662 essent

253 2693 364 2735 quae
406 2678 580 2726 tradunt
624 2693 677 2725 ex
721 2679 843 2736 vulgi
876 2678 1120 2726 rumoribus

255 2740 491 2785 Suetonius
516 2744 559 2782 et
581 2738 759 2790 Plinius,
782 2738 859 2781 ille
886 2739 931 2781 in
947 2737 1120 2783 Tiberio

258 2799 378 2853 (42),
406 2804 556 2853 postea
573 2799 775 2855 princeps
803 2797 850 2841 in
867 2797 961 2853 ipsa
976 2795 1123 2852 publi-

258 2869 404 2902 corum
421 2864 584 2903 morunt
600 2856 866 2900 correctione
885 2870 979 2899 cum
996 2855 1122 2900 Pom-

255 2914 384 2970 ponio
419 2914 574 2960 Flacco
620 2921 658 2959 et
692 2915 824 2957 Lucio
857 2913 1010 2958 Pisone
1040 2928 1122 2957 no·-

259 2978 366 3017 ecem
382 2974 704 3027 continuumque
725 2973 893 3017 biduum
913 2972 1123 3029 epulando

257 3032 522 3088 potandoque
544 3033 796 3088 consumpsit
809 3047 822 3083 ,·
856 3046 1032 3086 quorum
1053 3031 1124 3073 al·-

260 3091 344 3136 tcri
357 3091 532 3146 Syrium,
551 3092 833 3147 prouinciam,
848 3090 976 3133 atteri
990 3105 1125 3146 prae-

261 3152 474 3204 fecturam,
522 3150 638 3191 urbis
684 3151 905 3206 confestim
956 3150 1123 3196 detulit„

262 3207 471 3255 wodecim·
513 3222 671 3265 quoque
723 3209 1044 3255 iucundissimos
1089 3215 1125 3248 ct

264 3267 447 3311 onmium
477 3266 682 3312 horarum
704 3268 864 3311 arcticos
892 3269 1124 3323 professus,

266 3327 335 3370 hic
367 3327 410 3370 in
442 3325 494 3370 N.
527 3325 578 3368 ll.
611 3310 710 3370 ΧΠ
743 3328 813 3377 22,
846 3339 978 3380 eaque
1011 3338 1127 3366 com-

261 3384 531 3429 mendatione
581 3384 800 3427 credidere
845 3383 1024 3426 Lucium
1056 3384 1127 3424 l'i-

263 3458 406 3487 sonem
451 3444 568 3486 urbis
600 3444 761 3486 Romae
813 3456 944 3483 curae
987 3443 1039 3482 ab
1081 3456 1128 3481 eo

264 3503 493 3556 delectum,
558 3502 667 3556 quod
713 3502 834 3546 biduo
891 3500 1130 3553 duabusque

263 3563 453 3607 noctibus
503 3561 640 3617 (apud
676 3561 789 3605 hunc
821 3559 932 3602 duae
980 3565 1129 3601 noctes

265 3634 345 3680 pm
374 3635 460 3667 una
492 3622 715 3679 suetonii)
754 3634 834 3680 per
867 3619 1129 3678 potationem

1200 2085 1469 2131 mandaverit
1503 2089 1566 2140 (a.
1596 2085 1839 2140 13:766).
1891 2086 2068 2130 Rumori

1201 2158 1326 2199 quem
1360 2143 1524 2191 Plinius
1549 2144 1689 2199 (hunc
1709 2145 1938 2199 scripsisse
1969 2157 2067 2189 cre-

1202 2203 1346 2249 didere
1370 2203 1602 2260 negligere
1632 2203 1747 2260 noli)
1770 2208 1812 2244 et
1834 2204 2070 2260 Suetonius
2133 2230 2142 2239 ·

1201 2268 1464 2318 sequuntur,
1512 2275 1728 2317 quemque
1763 2263 1957 2316 respexit
1988 2262 2070 2304 Se-

1202 2335 1311 2366 neca
1341 2320 1479 2375 Epist.
1513 2322 1570 2364 83
1605 2321 1736 2377 (84),
1771 2322 1807 2364 si
1841 2320 1945 2376 quid
1977 2321 2072 2368 veri

1201 2381 1381 2432 subfuit,
1413 2380 1466 2422 de
1497 2382 1806 2435 prorogatione
1839 2381 2071 2436 magistra-

1202 2447 1269 2485 tus
1294 2440 1439 2482 Pisoni
1465 2439 1659 2495 delegati
1688 2439 1833 2482 malim
1857 2439 2070 2497 cogitare,

1201 2513 1328 2555 quam
1360 2498 1553 2546 Tacitum
1586 2498 1889 2554 negligentiae
1921 2510 2071 2541 arces„

1202 2571 1316 2611 sere,
1335 2564 1408 2605 aut
1431 2557 1632 2604 traditum
1657 2570 1882 2600 numerum
1905 2562 2073 2600 mutare

1205 2630 1301 2663 cum
1334 2617 1496 2672 Lipsio,
1530 2622 1605 2660 aut
1637 2616 1801 2660 elicere
1833 2621 2073 2670 praeeunte

1204 2676 1429 2719 Walthero
1464 2690 1518 2718 ex
1551 2676 1712 2730 apertis
1747 2675 1944 2719 Suetonii
1977 2673 2070 2719 Pti-

1204 2737 1354 2791 niique
1402 2735 1549 2777 verbis
1597 2734 1712 2790 quod
1767 2735 1868 2776 inde
1921 2734 2076 2789 nequit

1206 2796 1472 2850 extorqueri.
1575 2793 1838 2848 Pomponius
1892 2791 2076 2835 Flac'eus

1206 2860 1306 2901 ante
1346 2863 1385 2899 a.
1422 2855 1507 2897 ‘773
1541 2853 1693 2907 Syriae
1737 2852 1946 2907 prpeponi
1988 2863 2075 2894 non

1206 2914 1371 2968 potuit:
1418 2926 1530 2957 anno
1582 2913 1697 2955 enim
1747 2912 1832 2964 772
1868 2910 2075 2955 Moesiam

1207 2974 1400 3018 curavit:
1439 2986 1479 3014 v.
1514 2971 1552 3015 11
1583 2971 1654 3015 66.

1290 3031 1459 3088 publico
1490 3034 1670 3086 sunere:
1705 3043 1746 3071 v.
1766 3029 1819 3071 ad
1851 3030 1909 3071 lv
1947 3029 2014 3071 15.

1297 3090 1401 3145 Cap.
1433 3093 1499 3134 12.
1564 3089 1712 3133 Gallus
1744 3087 2073 3141 quindecimvir.-

1210 3150 1373 3191 codicis
1414 3150 1669 3200 scripturam
1703 3145 2078 3198 quindecimvirum

1211 3207 1422 3251 vindicari
1468 3216 1598 3259 posse
1642 3204 1778 3258 vulgo
1830 3203 2077 3245 existimant

1212 3265 1260 3309 tt.
1288 3265 1302 3307 Ι
1336 3266 1408 3315 31,
1425 3263 1497 3306 nbi
1518 3268 1582 3305 est
1601 3263 1867 3310 tribunorum
1878 3261 2075 3303 Subrium

1212 3330 1250 3366 et
1288 3323 1477 3365 Cetrium
1530 3321 1673 3362 adorti
1717 3319 1870 3362 milites
1925 3319 2075 3365 minis„

1213 3382 1453 3436 Longinum
1473 3379 1667 3422 manibus
1689 3383 1901 3430 coac-cent,
1925 3389 2079 3432 quam-

1214 3454 1340 3495 quam
1375 3438 1467 3482 eius
1501 3439 1687 3494 genitivi
1722 3437 1806 3478 alia
1842 3442 1908 3479 est
1938 3436 2078 3478 ratio:

1214 3500 1412 3541 nimirum
1464 3510 1517 3540 ex
1558 3496 1694 3538 tribus
1738 3495 1839 3550 quid
1873 3494 2076 3537 acciderit

1216 3557 1397 3609 duobus,
1421 3556 1521 3599 dein
1542 3556 1671 3599 tertio
1695 3554 1797 3611 quid
1825 3555 1986 3597 factum
2005 3554 2077 3604 sit,

1215 3617 1415 3674 refertur.
1479 3615 1525 3660 In
1556 3615 1641 3659 hoe
1671 3620 1818 3657 nostro
1842 3613 1940 3659 loco
1973 3611 2077 3657 mihi
