2280 4004
182 316 207 346 a
238 302 287 346 ⁰.
320 303 393 348 64.
772 304 937 348 LIBER
966 306 1062 350 XV.
1129 305 1235 352 GAP.
1266 307 1458 351 38-40.
1920 309 2008 352 2⁸75

181 444 358 497 urbem
395 459 665 512 regressus
704 450 783 498 est
816 461 963 513 quam
1003 446 1173 499 domui
1214 448 1340 514 eiuS‚
1381 462 1478 515 qua
1512 448 1750 501 Palatium
1788 454 1836 501 et
1868 450 2013 503 Mae-

184 537 376 588 senatis
405 537 582 589 hortos
612 538 1013 603 continuaverat,
1036 538 1172 606 ignis
1210 540 1588 606 propinquaret.
1645 542 1821 607 Neque
1843 546 2012 593 tamen

181 627 291 680 sisti
328 628 502 694 potuit,
536 629 655 694 quin
695 634 744 680 et
777 629 1015 681 Palatium
1052 635 1102 682 et
1137 630 1315 682 domus
1351 637 1400 682 et
1437 637 1615 683 cuncta
1656 632 1845 683 circum
1882 633 2014 684 hau-

181 718 417 771 rirentur.
491 720 591 771 Sed
630 719 863 772 solatium
898 721 1085 787 populo
1126 721 1389 773 exturbato
1426 738 1486 773 ac
1523 724 1742 791 profugo
1782 739 2011 790 campum

179 809 355 862 Martis
392 826 453 862 ac
486 816 807 863 monumenta
834 812 1109 880 Agrippae,
1149 812 1327 864 hortos
1368 813 1485 879 quin
1522 814 1670 865 etiam
1709 828 1828 866 suos
1863 819 2052 880 pate—5

183 901 320 966 fecit,
360 906 409 953 et
444 901 687 954 subitaria
716 903 946 954 aedificia
988 903 1207 955 extruxit
1239 918 1369 969 quae
1405 904 1770 957 multitudinem
1807 905 2008 971 inopem

119 1048 123 1054 ,
183 992 506 1058 acciperent3
583 993 928 1060 subvectaque
986 994 1222 1045 utensilia
1283 995 1345 1045 ab
1407 995 1547 1047 Ostia
1610 1000 1659 1046 et
1712 996 2009 1061 propinquis

182 1083 499 1150 memus,
558 1085 874 1151 pretiumque
933 1085 1167 1137 frumenti
1221 1085 1462 1136 minutum
1507 1100 1668 1153 usque
1715 1086 1779 1137 ad
1835 1092 2008 1139 ternos

181 1188 429 1225 nummos.
501 1175 643 1236 Quae
705 1190 1002 1242 quamquam
1059 1176 1321 1242 popularia
1379 1178 1430 1227 in
1482 1177 1682 1228 inritum
1739 1178 2007 1243 cadebant,

183 1265 300 1331 quia
336 1271 633 1332 pervaserat
692 1281 867 1318 rumor
914 1267 1026 1333 ipso
1074 1272 1302 1333 tempore
1349 1267 1612 1335 flagrantis
1661 1269 1800 1340 urhis
1851 1269 2079 1321 inissem

184 1370 298 1407 eum
344 1355 676 1408 domesticam
733 1372 938 1409 scenam
997 1363 1047 1410 et
1104 1358 1356 1410 cecinisse
1409 1359 1679 1410 Troianum
1736 1360 2006 1424 excidium,

99 1453 170 1501 40
184 1447 471 1513 praesentia
499 1448 628 1498 mala
660 1448 867 1499 vetustis
895 1448 1122 1500 cladibus
1156 1449 1555 1501 adsimulantem.
1631 1450 1784 1503 Sexto
1813 1451 2011 1502 demum

186 1536 269 1589 die
303 1537 434 1603 apud
481 1536 608 1589 imas
644 1537 899 1603 Esquilias
951 1538 1064 1590 finis
1115 1540 1354 1592 incendio
1400 1541 1591 1607 factus,
1646 1541 1869 1607 prorutis
1920 1555 2013 1607 per

1616 1715 1660 1758 4.
1693 1714 1901 1758 solacium
1929 1715 2010 1759 Μ3.

1597 1774 1639 1818 8.
1679 1775 1896 1831 ᾔιίωηᾳαε
1929 1775 2009 1819 Ma.

1229 1837 1296 1878 10.
1331 1835 1498 1876 rumori
1527 1832 1607 1887 Ma,
1634 1848 1805 1876 rumore
1839 1833 1898 1876 G:
1932 1850 2011 1877 ru-

1246 1895 1468 1951 proruptis
1498 1892 1623 1937 GMa:
1658 1895 1849 1937 correxit
1879 1894 1912 1936 I.
1940 1895 2010 1939 Fr.

305 1711 342 1754 1.
376 1713 609 1759 mee-enatis
641 1719 757 1755 ortos
786 1712 867 1757 Μ3.
945 1715 987 1758 3.
1022 1714 1164 1757 domos
1195 1713 1286 1757 Μ3ε
1321 1715 1355 1758 G
1389 1715 1526 1771 domo

183 1769 225 1812 5.
259 1777 374 1812 ortos
404 1768 485 1818 Ma.
583 1772 625 1815 6.
661 1773 830 1828 edificia
859 1771 938 1816 Ma.
1051 1775 1091 1817 7.
1125 1782 1380 1830 suuectaque
1414 1774 1492 1816 Ma.

183 1827 225 1871 9.
260 1843 338 1884 que
368 1828 448 1872 Ma.
541 1831 756 1886 quaquam
786 1831 866 1875 Μ3.
944 1834 1025 1875 irr.
1061 1833 1133 1876 Or.

181 1901 275 1931 naor
305 1888 339 1930 B
374 1895 418 1933 et
447 1889 728 1935 Puteolanus.
823 1893 891 1936 13.
924 1907 1016 1948 exq.
1052 1892 1168 1936 GMa.

184 1945 445 1995 Gronovius.

184 2093 298 2122 mum
353 2093 384 2122 a
424 2080 591 2123 Palatio
647 2082 868 2137 Esquilias
927 2095 1057 2137 usque
1260 2082 1365 2137 Cap.
1398 2083 1471 2127 40.
1543 2089 1660 2124 sexto
1707 2083 1869 2124 demum
1910 2082 2006 2123 die.-

184 2140 309 2194 fecit,
373 2153 498 2195 quam
539 2142 678 2197 primo
743 2142 1056 2195 transitoriam,

183 2212 285 2240 mox
323 2199 523 2241 incendio
577 2201 841 2257 absumptam
880 2204 1057 2244 restitu-

185 2265 350 2313 tamque
390 2273 571 2301 auream
607 2262 860 2303 noniinavit.
933 2261 1057 2302 Horti

184 2317 449 2361 Maecenatis
482 2321 527 2360 in
558 2318 770 2374 Esquiliis
805 2325 941 2363 erant.

232 2414 234 2417 ,
266 2385 544 2420 monumenta
562 2379 810 2434 Agrippae.-
845 2378 1058 2435 intelligit

186 2435 436 2490 vipsania-m
469 2438 683 2491 porticum
718 2439 800 2493 (cf.
825 2438 875 2480 Η.
908 2438 926 2479 I
957 2439 1055 2495 31),

170 2495 407 2551 ‘Agrippae
440 2502 767 2538 monumentum
807 2497 1056 2551 sepulcrale

187 2553 294 2609 (Dio
335 2554 431 2596 LIV
474 2555 582 2612 28),
646 2555 859 2609 thermas,
906 2563 1058 2610 saepta

184 2611 294 2656 Iulia
327 2613 436 2669 (Dio
469 2614 561 2657 L111
593 2616 702 2672 23),
737 2615 1055 2669 Diribitorium,

183 2671 425 2717 Pantheum
451 2673 587 2729 (Plin.
610 2673 788 2716 XXXVI
820 2689 858 2717 c.
879 2677 909 2718 4
939 2675 983 2725 δ.
1003 2677 1053 2718 11

186 2738 233 2774 et.
261 2747 299 2775 c.
329 2735 388 2777 24
419 2734 464 2785 S.
501 2735 539 2776 1.
599 2733 683 2774 Dio
707 2733 798 2776 LIII
830 2735 926 2791 27).

267 2791 498 2835 utensilia:
533 2806 575 2834 v.
602 2799 750 2835 annot.
787 2793 840 2835 ad
874 2794 890 2834 1
923 2794 993 2837 70.

288 2852 554 2907 pretiumque
601 2854 808 2906 frumenti
850 2853 1057 2894 minutum

183 2923 312 2964 usque
343 2910 401 2952 ad
425 2917 568 2952 ternos
590 2924 806 2953 nurnmos:
842 2910 927 2952 hoc
951 2924 1056 2965 pre-

185 2970 249 3010 tio
278 2969 479 3011 omnibus
510 2970 674 3012 Romae
707 2970 878 3012 civibus
910 2983 1055 3012 emere

186 3027 448 3070 frumentum
484 3034 588 3071 tunc
619 3028 760 3083 licuit,
793 3042 878 3071 non
913 3030 1053 3071 sotum

185 3088 475 3143 pauperibus3
513 3088 569 3131 cf.
603 3096 751 3131 annot.
785 3089 837 3131 ad
870 3089 947 3131 XV
985 3089 1054 3131 18.

272 3155 525 3202 pervaserat
544 3162 715 3189 rumor.-
738 3148 922 3191 medicei
943 3149 1056 3189 scri-

188 3210 311 3258 ptura
358 3209 524 3249 rumori
572 3213 674 3249 nata
716 3214 782 3250 est
824 3221 878 3250 ex
919 3209 1056 3262 prima

190 3263 334 3309 littera
379 3268 604 3319 proximae
665 3268 789 3308 vocis
837 3269 926 3323 ipso
979 3279 1056 3321 per

188 3322 520 3377 imprudentiam
556 3325 774 3380 adoptata.

254 3383 482 3425 Troianum
502 3385 738 3426 excidium.-
756 3385 917 3426 r·umoii
937 3384 1055 3426 dedit

189 3442 465 3484 occasionem
507 3455 678 3484 carmen
711 3444 848 3497 ipsius
881 3442 1057 3492 ἅλωσις

183 3501 333 3544 Ἰλίου.
395 3500 537 3542 Etiam
577 3502 662 3543 hoc
703 3507 918 3557 tamquam
963 3515 1055 3543 rem

188 3559 233 3600 in
264 3560 380 3603 facto
413 3561 598 3615 positam
639 3562 803 3603 incauti
840 3567 883 3603 et
910 3561 1055 3604 securi

189 3625 364 3661 nnn-ant
399 3620 633 3663 Suetonius
677 3633 773 3675 cap.
804 3619 862 3664 38
895 3626 939 3661 et
971 3619 1055 3662 Dio

189 3675 301 3721 Lxu
333 3678 401 3722 18.

1134 2141 1199 2184 ‘at
1219 2143 1454 2186 Suetonius
1484 2141 1547 2183 ait
1577 2155 1656 2184 sex
1688 2142 1781 2184 dies
1814 2147 2010 2196 septem-

1141 2215 1226 2257 que
1280 2207 1434 2243 noctes
1492 2214 1543 2242 ea
1599 2201 1724 2243 clade
1778 2202 2008 2243 saevitum.

1140 2260 1332 2316 Uterque
1364 2261 1498 2316 longe
1522 2261 1612 2302 abit
1636 2275 1661 2302 a
1680 2261 1826 2315 lapide
1848 2262 2010 2314 prisco,

1139 2322 1213 2376 qui
1246 2333 1444 2362 novenos
1477 2327 1810 2372 commemorat,
1845 2321 2010 2361 Romae

1139 2380 1192 2421 ad
1224 2379 1458 2421 Basilicam
1491 2378 1626 2420 Petri'
1662 2378 2009 2434 (eonf.G1·ute1-i

1139 2452 1180 2492 p.
1215 2439 1269 2482 61
1303 2440 1354 2491 3,
1404 2439 1518 2492 apud
1549 2438 1760 2480 Orellium
1793 2451 1836 2479 n.
1871 2437 2008 2494 736):

1136 2498 1204 2538 ‘ex
1246 2505 1340 2539 voto
1388 2505 1601 2554 suscepto,
1653 2499 1763 2552 quod
1804 2497 1875 2538 diu
1915 2503 2011 2538 erat

1137 2557 1376 2612 neqlectum
1405 2571 1487 2598 nec
1517 2557 1741 2610 redditum,
1779 2556 2007 2599 incendio-

1138 2631 1234 2658 rum
1279 2617 1563 2658 arcendorum
1605 2630 1781 2668 caussa,
1838 2615 2006 2670 quando

1137 2675 1238 2716 urbs
1265 2690 1345 2731 per
1388 2690 1538 2717 novem
1581 2676 1668 2718 dies
1709 2675 1817 2716 arsit
1863 2675 2005 2716 Nero-

1138 2736 1284 2777 nianis
1334 2735 1603 2791 temporibus.
1687 2735 1746 2776 Et
1793 2733 1877 2775 hac
1915 2734 2007 2789 lege

1139 2794 1338 2836 dedicata
1380 2802 1464 2847 est,
1511 2808 1564 2835 ue
1611 2795 1680 2835 cui
1721 2793 1849 2835 liceat
1887 2795 2007 2835 intra

1138 2853 1213 2894 hos
1257 2854 1460 2895 terminos
1513 2853 1752 2906 aedificium
1792 2858 2004 2894 extruere.

1140 2913 1376 2954 Conciliari
1401 2912 1534 2954 facile
1555 2918 1704 2953 noster
1724 2916 1883 2965 potest,
1905 2912 2008 2967 quia

1138 2983 1236 3011 mox
1269 2971 1388 3013 addit
1419 2973 1565 3027 ignem
1600 2971 1789 3023 redisse,
1822 2972 2005 3025 primum

1137 3036 1185 3070 ut
1218 3030 1467 3072 incendium
1516 3044 1593 3072 sex
1642 3030 1809 3071 dierum
1852 3030 2003 3081 fuerit,

1139 3089 1321 3131 alterum
1345 3091 1487 3130 trium.
1553 3090 1806 3131 Suetonium
1840 3094 1914 3129 aut
1937 3089 2005 3129 la.-

1138 3148 1282 3203 pidem
1317 3155 1436 3190 certe
1466 3160 1551 3188 non
1575 3149 1766 3189 excuso'.
1810 3147 2003 3188 Lipsiae.

1221 3209 1412 3263 prorutis
1448 3221 1527 3261 per
1564 3207 1813 3247 immensum
1852 3205 2005 3258 aedifi-

1139 3266 1242 3307 ciis:
1276 3279 1363 3306 non
1384 3265 1573 3306 mirabor
1594 3264 1810 3319 equidem,
1844 3264 1879 3304 si
1908 3265 2005 3318 quis

1137 3324 1344 3366 librorum
1388 3326 1644 3377 scripturam
1683 3324 1901 3379 promptis
1946 3324 2007 3363 ita

1140 3383 1363 3425 vindicare
1394 3383 1587 3434 studeat,
1629 3387 1675 3423 ut
1708 3381 1761 3423 de
1796 3381 2007 3423 aedificiis

1141 3444 1244 3498 igne
1279 3442 1467 3483 nondum
1503 3442 1714 3495 correptis
1748 3446 1791 3482 et
1822 3446 1922 3481 ante
1954 3440 2007 3481 ad

1141 3501 1423 3543 inhibendum
1484 3500 1675 3542 incendii
1728 3511 2007 3555 progressum

1142 3559 1362 3601 hominum
1411 3559 1607 3601 manibus
1661 3560 1885 3614 prostratis
1929 3570 2009 3600 co-

1143 3621 1275 3674 gitet,
1335 3631 1420 3675 quo
1476 3619 1593 3660 facto
1649 3617 1922 3673 subsequens
1963 3623 2011 3659 ut

1143 3678 1374 3722 consilium
1407 3677 1633 3731 indicabit,
1666 3690 1756 3719 non
1787 3678 2007 3721 effectum.
