2280 4004
219 305 248 340 a
278 292 326 339 C.
359 295 432 342 54.
788 294 952 339 LIBER
984 292 1075 339 XII.
1138 292 1246 338 CAr.
1278 293 1468 339 67-69.
1951 293 2042 337 105

220 436 315 489 bus
352 441 402 489 et
435 437 670 490 fomentis
724 438 1072 505 obtegeretur,
1129 435 1245 486 dum
1280 449 1366 488 res
1403 432 1648 487 firmando
1684 431 1902 487 Neronis
1942 432 2043 486 im·-

220 528 364 595 perio
409 534 790 596 componuntur.
881 530 984 582 Iam
1035 528 1248 596 primum
1298 527 1611 596 Agrippina,
1672 525 1810 578 velut
1864 524 2044 578 dolore

222 621 357 673 victa
407 626 457 673 et
507 620 687 682 solatia
747 621 1083 687 conquirenS,
1151 625 1326 672 tenere
1393 619 1626 685 amplexu
1677 617 2038 682 Britannicum,

223 726 394 766 veram
436 713 633 779 paterni
670 713 775 764 oris
811 712 1032 780 effigiem
1070 711 1353 778 appellare,
1418 727 1480 763 ac
1525 710 1681 763 variis
1720 709 1909 762 artibus
1951 708 2048 761 de·-

225 804 430 869 morari,
471 818 536 856 ne
568 803 800 856 cubiculo
840 804 1189 872 egrederetur.
1261 803 1534 854 Antoniam
1571 815 1770 868 quoque
1803 805 1852 853 et
1888 801 2082 855 Octa-s

223 894 358 946 viam
398 909 607 947 sorores
643 894 752 947 eius
789 895 1014 960 attinuit,
1073 899 1123 946 et
1160 899 1369 946 cunctos
1410 893 1574 946 aditus
1612 891 1857 945 custodiis
1901 891 2046 943 clau-

225 987 378 1051 serat,
414 986 699 1052 crebroque
734 986 976 1054 vulgabat
1009 986 1084 1038 ire
1123 986 1175 1036 in
1210 985 1390 1037 melius
1413 984 1752 1036 valetudinem
1785 982 2047 1049 principiS‚

226 1091 324 1142 quo
360 1077 504 1129 miles
540 1077 674 1128 bona
706 1077 758 1127 in
795 1092 886 1143 spe
919 1083 1113 1144 ageret,
1145 1082 1438 1143 tempusque
1463 1090 1760 1142 prosperum
1796 1090 1860 1126 ex
1882 1073 2051 1125 moni-

137 1172 209 1220 69
224 1167 286 1218 tis
323 1167 690 1219 Chaldaeorum
727 1168 1038 1220 adventaret.
1130 1168 1267 1219 Tunc
1299 1167 1468 1218 medio
1509 1166 1640 1231 diei,
1693 1165 1894 1218 tertium
1922 1164 2050 1218 ¹ante

224 1258 337 1311 idus
388 1260 655 1325 Octobris,
718 1260 914 1313 foribus
961 1260 1134 1312 Palatii
1178 1265 1401 1326 ,repente
1461 1258 1708 1325 diductis,
1778 1258 2114 1311 comitantem

225 1351 386 1401 Burro
424 1351 559 1403 Nero
608 1352 868 1420 egreditur
915 1352 978 1403 ad
1027 1351 1288 1403 cohortem
1341 1366 1469 1417 quae
1518 1365 1662 1402 more
1707 1349 1916 1401 militiae
1958 1356 2053 1401 εις-4

228 1441 388 1494 cubiis
425 1442 585 1495 adest.

348 1584 388 1626 1.
422 1585 567 1639 forent
592 1584 805 1637 firmando
838 1583 926 1626 Ma:
957 1586 1103 1687 farer?
1135 1585 1342 1686 omlissugl
1374 1596 1399 1626 a
1429 1583 1516 1626 BG.

1098 1674 1108 1685 .
1140 1659 1196 1685 va
1218 1645 1262 1686 it.
1336 1657 1367 1685 r.

226 1641 394 1684 solacia
425 1641 503 1684 Ma.
574 1642 878 1686 brittannicum
909 1643 989 1686 Ma.

673 1443 746 1496 Ibi
785 1448 1023 1495 monente
1073 1442 1334 1512 praefecto
1376 1442 1517 1494 festis
1552 1441 1765 1494 vocibus
1811 1445 2051 1509 exceptus

1594 1585 1636 1627 2.
1669 1582 1798 1624 uelud
1827 1580 1908 1624 Ma.
2005 1583 2050 1625 3.

1449 1643 1491 1688 9.
1526 1642 1802 1687 chaldeorum
1827 1640 1906 1686 Ma.
1982 1642 2052 1687 11.

190 1713 199 1719 ’·
228 1701 287 1744 ad
317 1703 532 1745 cohortem
562 1701 654 1745 Ma:
687 1717 716 1746 a
748 1703 920 1747 cohorte
953 1703 987 1747 G
1019 1709 1063 1746 et
1095 1702 1385 1748 oxonienses.

231 1843 423 1887 Orellius
456 1858 551 1887 eam
582 1858 739 1891 vocem
771 1853 986 1904 tamquam
1016 1848 1099 1891 sibi

228 1910 475 1959 suspectam
492 1906 692 1959 seclusit,
705 1907 784 1950 sed
795 1921 939 1964 neque
956 1915 1100 1951 certus

228 1963 379 2005 iudicii
399 1977 544 2019 neque
568 1965 690 2007 firmo
705 1974 963 2024 argumento
980 1981 1099 2012 usus,

317 2023 572 2066 socordiane
606 2025 779 2068 Claudii
812 2041 872 2068 an
901 2027 1101 2069 vinolen-

230 2082 314 2124 tia:
347 2083 393 2123 in
409 2084 623 2138 scriptura
640 2085 826 2127 Medicei
844 2087 1101 2130 socordiane

229 2155 289 2183 an
327 2141 502 2184 Claudii
543 2145 591 2185 ui
633 2159 693 2186 an
721 2145 961 2188 uinolentia
991 2147 1101 2189 illud

228 2202 274 2242 ui
318 2203 552 2255 repetitum
603 2217 702 2246 esse
757 2218 811 2246 ex
861 2204 1103 2247 uinolentia

231 2260 507 2302 manifestum
536 2267 626 2315 est3
660 2263 791 2305 simili
816 2264 944 2306 modo
968 2265 1099 2319 paulo

230 2324 331 2360 ante
362 2333 421 2361 an
454 2321 669 2376 originem
713 2322 836 2364 duxit
868 2337 922 2366 ex
954 2325 1100 2379 priore

231 2389 342 2420 voce
389 2380 676 2423 socordiane:
715 2394 814 2424 nam
857 2384 1101 2426 socordiam

231 2437 656 2496 (Bedaclitlosiqkeit)
688 2439 857 2484 Claudii
884 2442 987 2496 dici,
1012 2455 1101 2484 non

230 2497 502 2552 Agrippinae
545 2504 588 2540 et
631 2499 804 2553 Haloti,
852 2503 926 2557 qui
971 2504 1101 2544 anxia

233 2568 335 2597 cura
367 2562 410 2598 et
440 2558 619 2600 minime
650 2559 856 2602 socordes
895 2561 1099 2617 agebant,

232 2615 387 2670 liquet.
452 2615 726 2672 Quapropter
784 2622 909 2675 sequi
966 2621 1100 2663 malui

231 2673 487 2716 Rhenanam
514 2689 641 2731 quam
659 2677 990 2720 Doederlinium
1022 2693 1100 2721 su-

232 2734 473 2788 spicantem
519 2736 776 2779 socordiane
825 2751 884 2779 an
929 2739 1102 2782 Claudii

230 2792 481 2836 vinolentia.
524 2795 711 2838 Aberrat
732 2795 921 2839 Orellius
951 2804 995 2840 et
1018 2798 1101 2839 ob-

231 2864 358 2894 scure
411 2852 663 2908 loquentem
735 2855 928 2897 Tacitum
978 2858 1100 2910 facit,

234 2911 516 2953 convivarum
536 2912 708 2956 Claudii
743 2920 787 2956 et
807 2915 1100 2958 ministrorum

233 2969 489 3026 intelligens
516 2973 775 3016 socordiam.
807 2973 874 3015 De
902 2977 1102 3018 convivis

234 3030 445 3084 cogitavit
477 3031 607 3073 etiam
640 3031 903 3076 Waltherus.

341 3086 445 3142 Cap.
494 3089 566 3132 68.
637 3092 874 3134 vocabatur
930 3094 1104 3136 interim

234 3157 386 3200 seqq.:
418 3160 529 3202 quae
555 3148 627 3192 hic
649 3151 874 3192 traduntur
896 3165 1000 3206 prae
1024 3166 1103 3194 ce-

239 3206 342 3244 teris
375 3206 604 3249 immanem
638 3215 681 3251 et
713 3210 969 3253 obduratum
1002 3213 1102 3253 ani-

239 3275 349 3302 mum
367 3262 636 3318 Agrippinae
654 3268 891 3310 declarant.
925 3270 1102 3313 Scelere

239 3327 414 3374 peracto
446 3321 557 3365 nihil
590 3326 785 3380 trepide,
829 3327 941 3370 nihil
974 3330 1103 3369 anxie

238 3381 589 3434 imprudenterve
645 3385 738 3439 agit
784 3385 875 3426 dira
925 3386 1102 3438 femina,

237 3437 367 3480 immo
410 3439 544 3482 multa
594 3455 689 3482 cum
731 3444 900 3484 ratione
940 3458 990 3485 ac
1023 3444 1103 3486 de-

238 3498 430 3540 testabili
456 3499 734 3542 simulatione
753 3502 941 3556 providit
965 3516 1104 3558 quae-

238 3568 423 3614 cumque
464 3557 556 3599 filio
599 3572 677 3601 suo
717 3561 890 3616 sibique
921 3574 1103 3618 regnum

241 3616 542 3660 conciliarent.
591 3618 783 3662 Eandem
816 3621 962 3677 magni
996 3621 1104 3662 arti-

243 3672 335 3716 ficis
365 3676 605 3720 sollertiam
628 3678 820 3721 ostendit
843 3677 915 3721 hic
939 3685 1102 3733 noster,

1184 1847 1259 1890 ubi
1291 1853 1487 1903 paratum
1520 1846 1730 1891 facinoris
1774 1844 1983 1888 describit
2015 1857 2054 1889 c.

1186 1908 1267 1951 66:
1311 1909 1561 1963 exquisitum
1603 1905 1768 1961 aliquid
1799 1909 1948 1962 (etwas
1981 1906 2057 1948 be-

1184 1968 1362 2009 sonders
1382 1969 1548 2025 Feines)
1573 1965 1790 2024 placebat,
1827 1965 1938 2021 quod
1961 1972 2056 2008 tur..

1186 2027 1309 2069 buret
1349 2035 1530 2069 mentem
1571 2033 1611 2068 et
1639 2032 1816 2068 mortem
1847 2025 2054 2080 differret.

1186 2087 1402 2143 Deliyitur
1434 2087 1597 2142 artifex
1630 2085 1704 2142 (da
1724 2083 1823 2139 fallt
1843 2084 1910 2125 die
1934 2082 2057 2126 Wahl

1187 2149 1271 2201 auf
1311 2148 1405 2188 eine
1451 2145 1724 2199 Kunstlerin)
1771 2143 1921 2185 talium
1953 2149 2056 2196 cet„

1186 2205 1317 2260 paulo
1350 2211 1474 2260 post:
1516 2207 1605 2247 eius
1646 2202 1837 2245 mulieris
1883 2203 2056 2258 ingenio

1181 2272 1385 2321 paratum
1415 2266 1533 2307 virus
1564 2277 1658 2320 sqq.

1288 2325 1385 2366 dum
1423 2338 1493 2365 res
1530 2323 1742 2378 firmando
1783 2345 1839 2354 -
1885 2335 2058 2380 compo-

1185 2391 1372 2426 nuntur:
1402 2387 1548 2439 forent
1580 2383 1695 2438 quod
1722 2386 1822 2423 ante
1844 2381 2057 2434 firmando

1186 2445 1230 2485 in
1264 2443 1329 2485 Ma
1368 2443 1554 2498 aliisque
1594 2442 1716 2485 libris
1759 2440 1953 2494 additur,
2004 2455 2059 2484 ex

1182 2503 1394 2556 firmando
1428 2503 1614 2544 obscure
1653 2501 1814 2555 scripto
1847 2513 1925 2554 per
1959 2501 2058 2544 dar..

1185 2567 1460 2620 τογραφίαν
1491 2567 1638 2603 natum
1674 2566 1754 2603 est.
1800 2558 1921 2611 Quae
1956 2573 2058 2602 cor..
2129 2598 2133 2599 ⁷

1185 2621 1359 2676 ruptela
1406 2627 1453 2662 ut
1507 2621 1687 2663 tolerari
1741 2618 2058 2674 quodammodo

1186 2687 1351 2735 posset,
1384 2680 1484 2722 inA
1516 2679 1827 2734 interpolatum
1861 2692 1968 2732 quae
1990 2694 2059 2722 res

1184 2742 1329 2796 forent
1355 2740 1568 2794 firmando
1603 2741 1706 2782 Ner.
1740 2739 1838 2795 imp.
1876 2752 2008 2795 comp,

1295 2799 1399 2853 Cap.
1457 2800 1528 2842 69.
1593 2800 1763 2841 tertium
1815 2805 1914 2839 ante
1962 2798 2060 2840 idus

1189 2858 1407 2900 Octobris.-
1442 2858 1498 2900 cf.
1521 2863 1668 2900 annot.
1698 2857 1750 2898 ad
1775 2858 1897 2901 v125
1925 2863 1967 2898 et
1985 2858 2057 2901 50.

1275 2919 1333 2959 ad
1364 2917 1580 2959 cohortem
1611 2942 1667 2950 —
1699 2917 1818 2958 adest
1839 2932 1852 2957 .·
1903 2917 1959 2959 cf.
2003 2916 2055 2959 Η.

1186 2976 1204 3018 1
1246 2977 1305 3020 24
1348 2983 1392 3018 et
1444 2977 1516 3020 29.
1580 2977 1816 3020 Suetonius
1863 2974 1964 3018 Ner.
2004 2975 2058 3018 8:

1185 3037 1301 3077 inter
1342 3036 1496 3078 horam
1548 3044 1713 3078 seoetam
1760 3036 2061 3092 septimamque

1182 3097 1393 3150 processit
1433 3096 1491 3136 ad
1537 3096 1816 3137 excubitores.
1940 3095 2060 3148 sestis

1186 3154 1385 3195 vocibus.-
1428 3154 1470 3194 h.
1506 3167 1542 3195 e.
1585 3166 1696 3208 quae
1738 3153 1861 3194 festis
1905 3152 2059 3194 diebus

1190 3218 1233 3254 et
1274 3212 1579 3253 occasionibus
1619 3211 1757 3252 audiri
1801 3211 1959 3252 solent.
2002 3211 2061 3252 ad

1190 3270 1425 3325 exemplum
1436 3277 1646 3325 paternae
1660 3270 1925 3325 laryitionis:
1945 3270 2059 3311 Sue-

1188 3335 1278 3370 ton.
1300 3328 1450 3370 Claud.
1490 3330 1566 3372 10:
1596 3330 1869 3384 promisitque
1897 3327 2058 3382 (Clau-

1189 3388 1284 3428 dius
1318 3388 1360 3427 in
1395 3389 1545 3428 castris
1565 3388 1764 3442 urbanis)
1794 3388 1924 3441 quina
1947 3387 2060 3428 dena

1189 3447 1398 3487 sestertia.
1462 3446 1674 3499 Iosephus
1717 3445 1811 3487 xlx
1850 3447 1879 3488 4
1927 3447 1971 3496 δ.
2006 3448 2056 3488 2:

1191 3506 1413 3560 δωρεῖται
1473 3497 1584 3552 τούς
1646 3505 2059 3562 σωματοφύλακας

1190 3567 1590 3620 πεντακισχιλίαις
1615 3563 1849 3622 δραχμαῖς
1873 3564 2057 3620 (viginti

1190 3624 1403 3664 sestertiis
1437 3624 1532 3666 sive
1557 3623 1717 3679 viginti
1750 3622 1925 3665 milibus
1958 3636 2057 3666 ses-

1190 3683 1439 3740 tertiorum)
1475 3684 1571 3727 κατ’
1605 3682 1797 3727 ἕκαστον
1831 3680 2000 3741 ἄνδρα.
