2280 4004
240 287 334 338 ξω
1001 290 1206 336 ANNALI
1213 295 1291 344 VM
1813 313 1862 351 8.,
1882 309 1929 350 lt·
1962 301 2066 352 751..-

241 435 407 504 <Atque
453 439 589 492 illum
630 441 679 491 in
719 457 962 509 regressu
1000 458 1148 496 sacra
1189 445 1570 498 Samothracum
1616 446 1786 500 visere
1825 449 2066 503 nitentem

241 529 380 581 obvii
412 533 674 598 aquilones
713 534 971 600 depulere.
1046 537 1205 604 Igitur
1239 537 1377 589 adito
1403 538 1493 589 Ilio
1533 553 1764 606 quaeque
1787 539 1859 590 ibi
1895 540 2071 593 vasin-

238 627 342 675 tate
393 624 626 676 fortunae
680 629 730 676 et
784 628 945 677 nostri
1003 629 1205 696 origine
1252 631 1574 695 veneranda,
1641 631 2067 708 lfsslssglss.„A⁸}j-‚!5

233 714 548 782 sadpellitque
593 716 913 783 Colophona,
969 724 1023 770 ut
1063 714 1216 771 Clarii
1254 721 1507 787 Apollinis
1557 723 1767 775 oraculo
1822 729 2067 777 irtel-etur.

197 806 352 859 ⁵Non
389 807 578 860 femina
612 808 746 874 illic,
802 815 857 861 ut
891 812 1020 877 apud
1060 811 1307 879 DelphOS,
1373 815 1466 866 sed
1510 816 1664 867 certis
1703 831 1733 868 e
1777 816 1981 869 familiis
2018 820 2068 868 et

235 897 399 950 ferme
434 899 604 952 Mileto
653 902 847 953 accitus
886 904 1134 956 sacerdos
1181 920 1442 957 numerum
1482 907 1635 958 modo
1680 908 2068 961 consultantium

230 992 288 1040 et
324 990 529 1042 nomina
575 992 738 1057 audit3
797 998 899 1045 tum
948 995 1000 1046 in
1055 1011 1261 1062 specum
1309 996 1614 1065 degressuS,
1675 999 1855 1051 hausta
1910 1001 2068 1053 fontis

234 1082 412 1133 arcani
450 1098 606 1150 aqua,
646 1084 856 1152 ignarus
885 1086 1181 1154 plerumque
1215 1088 1491 1140 litterarum
1529 1094 1580 1141 et
1617 1091 1923 1156 carminum,
1965 1091 2070 1146 edit

234 1186 483 1240 responsa
530 1176 764 1228 versibus
812 1179 1107 1245 compositis
1157 1195 1311 1248 super
1360 1182 1514 1233 rebus
1569 1197 1694 1248 quas
1748 1183 1860 1249 quis
1887 1168 2066 1236 'mente

171 1265 485 1331 ¹⁰concepit.
559 1266 621 1317 Et
657 1267 916 1320 serebatur
937 1269 1240 1323 Germanico
1277 1287 1369 1338 per
1405 1273 1666 1341 ambageS,
1705 1279 1760 1324 ut
1795 1289 1907 1326 mos
1944 1289 2068 1328 ora·-

233 1356 380 1421 culiS,
420 1364 664 1411 maturum
702 1361 908 1413 exitium
953 1363 1220 1416 cecinisse.
1294 1364 1362 1415 At
1400 1363 1601 1416 Gnaeus
1636 1365 1768 1430 Piso,
1807 1364 2152 1434 ‹suopte-55

232 1450 491 1513 perantius
530 1451 781 1506 destinata
821 1454 1098 1521 inciperet,
1143 1456 1395 1507 civitatem
1436 1456 1822 1508 Atheniensium
1859 1456 2087 1510 humido¹

230 1538 439 1595 incessu
478 1545 769 1598 exterritam
808 1546 1041 1598 oratione
1077 1561 1231 1599 saeva
1268 1548 1515 1614 increpat,
1553 1547 1759 1614 oblique
1798 1546 2068 1607 Germani-

233 1645 347 1683 cum
383 1630 768 1703 perstringenS,
830 1637 964 1703 quod
1012 1643 1188 1690 contra
1240 1640 1397 1691 decus
1430 1641 1644 1695 Romani
1692 1641 1923 1696 nominis¹
1962 1650 2067 1694 non

163 1729 218 1767 ³⁵
232 1723 574 1779 Athenienses
611 1732 686 1779 tot
721 1728 949 1781 cladibus
981 1731 1249 1796 extinctoS,
1284 1732 1376 1783 sed
1417 1732 1686 1784 colluviem
1723 1733 1860 1785 illam
1895 1733 2067 1787 natio-

230 1832 347 1870 num
387 1820 625 1872 comitate
662 1820 816 1872 nimia
856 1821 1125 1873 coluisset:
1162 1823 1256 1874 hos
1298 1824 1430 1874 enim
1470 1839 1586 1876 esse
1628 1823 1932 1877 Mithridatis
1968 1808 2068 1877 sd-

227 1925 409 1962 versus
461 1911 676 1977 Sullam,
732 1913 943 1964 Antonii
1001 1914 1249 1965 adversus
1313 1914 1481 1965 divum
1531 1915 1815 1984 Augustum
1869 1916 2063 1969 socios.

228 2001 390 2055 Etiam
428 2008 600 2055 vetera
638 2004 953 2070 obiectabat,
995 2019 1123 2071 quae
1160 2006 1211 2055 in
1240 2006 1550 2058 Macedones
1590 2008 1906 2074 inprospere,
1943 2009 2063 2060 vio-

225 2093 393 2146 lenter
434 2095 485 2144 in
531 2110 652 2146 suos
693 2096 968 2161 fecissent,
1027 2096 1252 2149 offensus
1307 2098 1419 2151 urbi
1457 2099 1661 2166 propria
1715 2113 1917 2167 quoque
1968 2100 2062 2165 ira,

164 2194 214 2232 πο
229 2186 344 2252 quia
383 2186 710 2253 Theophilum
748 2188 998 2254 quendam
1036 2189 1176 2240 Areo
1215 2189 1405 2240 iudicio
1447 2189 1562 2241 falsi
1613 2189 1900 2242 damnatum
1940 2206 2064 2258 pre-

229 2279 371 2331 cibus
420 2279 524 2330 suis
578 2295 680 2330 non
731 2282 1091 2333 conc-ederent.
1184 2282 1314 2332 Exin
1370 2282 1702 2350 navigatione
1756 2282 1913 2338 celeri
1972 2297 2066 2351 per

226 2370 476 2439 Cycladas
524 2376 575 2422 et
623 2372 924 2439 compendia
974 2373 1129 2424 maris
1182 2372 1478 2438 adsequitur
1518 2373 1874 2425 Germanicum
1927 2373 2059 2440 apud

347 2524 385 2567 i.
419 2523 711 2566 samothacum
742 2525 795 2567 Μ.
859 2528 901 2570 2.
936 2526 1052 2567 adito
1087 2526 1168 2567 Ilio
1202 2538 1390 2581 quaeque
1423 2524 1455 2567 I.
1491 2524 1642 2568 Sever.
1683 2524 1818 2566 Vater
1847 2524 2061 2567 Animad-
2095 2577 2097 2579 Ι

222 2595 338 2625 verS.
367 2583 409 2624 in
443 2583 565 2625 locos
599 2583 751 2638 quosd.
788 2598 841 2626 ex
867 2585 963 2627 Mid.
985 2585 1211 2628 Demosth.
1244 2591 1354 2627 orat.
1380 2584 1471 2627 len.
1499 2584 1635 2627 1796:
1670 2582 1708 2626 M
1734 2582 1822 2627 alio
1855 2595 2058 2639 quaeque.

222 2643 479 2684 varietatene
512 2643 565 2684 M.
662 2647 703 2685 4.
739 2643 994 2698 adbellitque
1029 2645 1081 2686 M.
1165 2645 1204 2687 5.
1240 2652 1343 2701 aput
1374 2644 1428 2686 M.
1498 2644 1564 2685 11.
1599 2642 1657 2685 At
1688 2642 1880 2700 Gnaeus]
1917 2642 1972 2685 A.
2013 2643 2055 2686 T.

225 2702 273 2743 C.
310 2702 365 2744 N.
397 2701 451 2744 M.
555 2703 620 2746 15.
657 2702 851 2745 conluvie
882 2704 1047 2745 milium
1076 2703 1130 2746 Μ.
1210 2705 1276 2747 19.
1311 2718 1385 2746 suo
1419 2704 1480 2746 M:
1517 2702 1766 2746 emendavit
1794 2700 2056 2745 Beroaldus.

222 2761 294 2807 20.
331 2759 447 2803 Areo
482 2760 545 2802 Mt
578 2761 820 2804 Beroaldus
853 2777 881 2804 a
913 2777 1002 2806 rec.
1092 2764 1324 2820 praecibus
1355 2763 1408 2805 M.
1481 2765 1553 2807 22.
1589 2767 1692 2820 aput
1725 2761 1779 2804 M.

1184 2878 1328 2915 aetate
1360 2873 1501 2914 minus
1533 2872 1578 2915 id
1617 2870 1842 2914 oraculum
1886 2871 2060 2914 illustre

1184 2934 1336 2975 fuisse.
1380 2932 1546 2974 Plinius
1579 2931 1618 2974 lt
1656 2931 1740 2975 106
1772 2931 1938 3005 (lo-32:
1969 2929 2061 2974 οο-

1183 2992 1364 3048 lophone
1415 2992 1463 3033 in
1505 2990 1710 3047 Apiaincs
1752 2990 1896 3033 Clarii
1935 3003 2063 3048 specu

1183 3052 1344 3092 lacuna
1356 3058 1429 3103 est,
1442 3052 1561 3093 cuius
1577 3057 1681 3110 potu
1694 3051 1809 3092 mira
1826 3049 2062 3093 redduntur

1184 3110 1390 3162 oracula,
1441 3110 1669 3152 bibentium
1722 3109 1916 3153 breviora
1955 3111 2059 3153 vita.

309 2869 461 2924 releyit
499 2869 676 2912 Asiamt
719 2870 762 2913 h.
810 2886 850 2915 e.
900 2873 1097 2927 proxime

220 2928 354 2970 Asiae
402 2929 504 2970 litus
551 2935 706 2971 vectus
760 2938 824 2973 est
876 2934 944 2988 (er
993 2932 1098 2990 [ultr

220 2987 379 3030 wieder
420 3002 478 3028 an
521 2987 598 3030 der
638 2990 771 3031 Ktiste
819 2991 1098 3034 Kleinasiens

222 3048 332 3103 hin).
382 3048 507 3089 llium
541 3054 584 3091 et
601 3048 774 3104 quidem
797 3064 950 3092 novum
971 3051 1098 3093 Ilium

224 3107 505 3150 Germanicus
554 3108 738 3163 pedibus
771 3110 898 3151 adiit:
943 3123 1039 3151 nam
1074 3123 1097 3151 a

221 3167 328 3209 mari
365 3167 541 3221 paulum
576 3168 715 3210 abest.
758 3168 864 3211 Inde
889 3170 942 3210 ad
960 3182 1097 3211 naves

222 3239 450 3283 regressus
482 3227 614 3269 Asiae
659 3228 763 3270 litus
806 3228 939 3287 legit,
982 3228 1098 3284 quod

221 3286 394 3329 Tacitus
424 3287 602 3328 brevius
635 3287 744 3329 dixit
767 3287 919 3345 releqit
931 3287 1097 3330 Asiam.

316 3345 458 3387 Clarii
503 3345 747 3401 Apollinis.-
801 3346 971 3389 Clarius
1019 3360 1099 3403 ap-

223 3404 415 3459 pellatus
440 3405 599 3459 Apollo
633 3419 657 3447 a
678 3405 805 3448 Claro
831 3406 932 3448 luco
961 3419 1098 3461 prope

225 3462 543 3516 Colophonem.
563 3465 718 3507 Strabo
738 3465 837 3507 xlv
858 3468 878 3507 1
897 3466 978 3510 26:
1002 3470 1099 3509 Ko-

224 3524 405 3580 λοφῶν,
438 3525 574 3572 πόλις
597 3524 790 3579 Ἰωνική,
812 3530 891 3569 καὶ
921 3524 972 3570 τὸ
1006 3525 1100 3583 πρὸ

227 3580 365 3636 αὐτῆς
400 3579 545 3630 ἄλσος
576 3587 657 3625 τοῦ
694 3587 902 3644 Κλαρίου
937 3584 1101 3630 Ἀπόλ-

228 3642 388 3693 λωνος,
425 3643 494 3686 >ἐν
544 3633 583 3699 ᾦ
638 3647 714 3684 καὶ
770 3653 996 3696 μαντεῖον
1048 3640 1102 3697 ἦν

225 3712 340 3748 ποτε
355 3699 718 3758 aestatem-unde
743 3708 862 3756 patet
876 3702 1100 3749 Strabonis

1184 3169 1311 3211 Conf.
1344 3169 1526 3210 Pausan.
1564 3168 1643 3210 vu
1675 3170 1704 3212 3
1740 3169 1778 3210 1.

1273 3228 1377 3283 Cap.
1424 3228 1494 3270 55.
1558 3227 1780 3270 colluviem
1820 3226 1944 3269 illam
1973 3240 2061 3269 na-

1184 3289 1370 3330 tionum.-
1396 3288 1596 3342 ‘respicit
1619 3286 1673 3328 nd
1701 3286 2060 3330 consuetudinem

1184 3347 1520 3389 Atheniensium
1553 3349 1622 3388 ius
1641 3347 1830 3389 civitatis
1863 3357 2060 3388 commu-

1184 3407 1358 3448 nicandi
1407 3418 1503 3447 cum
1547 3405 1718 3459 multis,
1767 3411 1898 3461 atque
1946 3404 2058 3445 'adeo

1185 3466 1404 3508 vendendi
1449 3464 1698 3507 hominibus
1739 3463 1966 3506 vilissimis
2005 3473 2058 3503 ac

1186 3524 1384 3579 perditis,
1396 3525 1450 3567 de
1464 3537 1549 3580 qua
1571 3527 1654 3566 iam
1669 3523 1863 3579 graviter
1878 3525 2057 3576 questus

1188 3584 1510 3627 Demosthenes
1555 3587 1661 3640 περὶ
1706 3581 1968 3631 συντάξεως
2013 3591 2055 3635 p.

1188 3657 1243 3685 m.
1287 3645 1399 3695 1263
1444 3642 1560 3699 quod
1597 3642 1664 3682 ius
1711 3643 1765 3682 iis
1810 3639 2055 3694 ademptum

1185 3709 1339 3757 postea
1370 3701 1422 3746 ab
1455 3702 1685 3756 Augusto-z
1718 3695 1867 3747 v.>1)io
1899 3697 2053 3744 L1v2.
