2280 4004
123 979 194 1030 58

211 289 239 325 a
268 276 317 325 0.
354 279 433 327 52.ι

796 275 962 321 LIBER
991 275 1085 324 ΧΠ.
1148 274 1258 323 Cu·
1292 275 1483 320 56-58,

1969 279 2028 320 95

208 421 398 475 virium
435 419 640 476 effluvio
674 421 817 474 lacus
853 420 1136 488 adpositum
1170 433 1354 489 magna
1384 419 1654 473 formidine
1682 423 1893 473 cunctos
1932 419 2028 472 ad·-

210 513 365 579 fecit‚
405 515 520 581 quia
555 513 635 566 vis
671 526 912 580 aquarum
947 526 1279 580 prorumpens
1316 513 1544 579 proxima
1565 512 1842 578 ¹trahebat,
1901 525 2030 563 con-

210 604 369 657 vulsis
427 604 755 657 ulterioribus
810 608 895 657 aut
955 604 1164 671 fragore
1220 608 1270 655 et
1316 604 1484 655 sonitu
1530 603 1801 656 exterritis.

1874 602 2029 657 Simul

208 695 488 764 Agrippina
540 695 880 762 trepidatione
927 695 1171 761 principis
1217 709 1309 746 usa
1359 695 1639 746 ministrum
1690 694 1860 762 operis
1896 695 2030 747 Nar-

210 787 395 839 cissum
450 786 648 839 incusat
702 786 951 853 cupidinis
1009 802 1069 838 ac
1122 786 1442 852 praedarum.

1537 787 1644 839 Nec
1691 786 1777 838 ille
1830 786 2025 853 reticet,
2039 800 2063 843 5

207 876 549 944 impotentiam
585 876 880 929 muliebrem
914 877 1195 944 nimiasque
1231 892 1348 943 spes
1386 877 1494 929 eius
1531 892 1768 945 arguens.

324 967 562 1021 ·Decimo
599 967 741 1020 Iunio
780 967 964 1030 Quinto
999 968 1207 1020 Haterio
1260 969 1552 1020 consulibus
1603 968 1828 1020 sedecim
1868 980 2029 1020 annos

207 1063 354 1122 natus
382 1059 519 1113 Nero
560 1059 822 1111 Octaviam
861 1059 1095 1111 Caesaris
1133 1058 1285 1111 filiam
1322 1059 1374 1110 in
1409 1059 1778 1110 matrimonium
1814 1059 2028 1125 accepit.

207 1149 370 1215 thue
432 1148 612 1202 studiis
679 1148 908 1201 honestis
975 1149 1395 1214 eloquentiaeque
1464 1148 1629 1215 gloria
1704 1149 2028 1214 enitesceret,

206 1253 361 1294 causa
398 1239 654 1293 Iliensium
692 1244 944 1306 suscepta,
983 1241 1260 1292 Romanum
1288 1240 1436 1291 Troia
1476 1240 1750 1292 demissum
1789 1244 1839 1292 et
1873 1239 2027 1292 Iuliae
2045 1257 2092 1296 m

206 1331 378 1398 stirpis
414 1336 673 1384 auctorem
707 1331 936 1383 Aeneam
973 1330 1172 1397 aliaque
1223 1330 1359 1382 haud
1396 1330 1573 1397 procul
1624 1331 1806 1383 fabulis
1853 1336 2029 1383 vetera

207 1421 427 1474 facunde
464 1426 733 1487 executus,
768 1426 1025 1488 perpetrat
1064 1426 1118 1472 ut
1157 1421 1367 1473 Ilienses
1407 1421 1542 1472 omni
1580 1421 1783 1488 publico
1821 1431 2030 1474 munere

214 1511 549 1564 solverentur.
611 1512 806 1564 Eodem
834 1516 1039 1563 oratore
1073 1511 1386 1563 Bononiensi
1423 1512 1656 1564 coloniae
1687 1513 1794 1580 igni
1820 1513 2031 1565 haustae

207 1602 505 1657 subventum
527 1601 719 1656 centies
740 1601 962 1656 sestertii
992 1600 1265 1671 largitione
1276 1620 1292 1667 ;
1318 1602 1548 1656 redditur
1569 1603 1780 1656 Rhodiis
1802 1603 2028 1671 libertaS‚

328 1777 368 1817 1.
400 1789 498 1832 app.
533 1775 605 1819 Or.

208 1836 407 1878 exterriti
433 1834 515 1877 Ma.

688 1777 762 1832 aff.
797 1775 868 1819 Or.

608 1835 651 1878 6.
684 1837 774 1892 inp.
805 1834 887 1878 Ma.

960 1777 1006 1878 ἓ.
1035 1775 1251 1878 ῗηῖἵέεὶε
1282 1774 1363 1818 Ma.
1394 1777 1507 1819 idem
1541 1791 1578 1819 c.
1612 1777 1669 1820 58
1701 1777 1923 1820 convolsis.
1988 1779 2031 1821 3.

1302 1837 1351 1888 Q.
1386 1838 1552 1878 auterio
1583 1834 1663 1879 Ma.
1757 1837 1923 1879 consuli
1952 1836 2032 1880 Ma.

209 1895 251 1938 9.
285 1894 629 1950 eloquentiaeque
651 1894 817 1937 editui-2
848 1893 917 1938 Ma
936 1894 1216 1950 eloquentiae,
1250 1895 1387 1952 vulgo
1423 1903 1463 1937 et
1493 1895 1782 1951 eloquentiae,
1817 1903 1860 1938 et
1891 1899 1953 1938 ita
1984 1895 2032 1940 G.

208 1953 377 2009 yloin‘ae
418 1955 645 1996 nitesceret
675 1953 756 1996 Ma.

213 2013 282 2056 13.
315 2013 509 2056 boniensi
538 2012 684 2057 addito
718 2026 774 2056 ex
804 2025 915 2057 corr.
948 2026 1005 2055 no
1036 2013 1118 2056 Ma.

210 2174 330 2213 certe
378 2169 602 2212 demissum
646 2170 812 2225 poetici
862 2171 1075 2212 sermonis

209 2235 288 2283 est,
321 2242 449 2285 quem
483 2229 726 2272 aemulatus
756 2234 822 2271 est
847 2228 960 2270 Nero
995 2230 1078 2271 Se-

206 2301 344 2331 necae
365 2289 582 2344 exemplo.
645 2289 796 2330 Horat.
818 2289 958 2331 Serm.
980 2288 1018 2330 11
1050 2289 1076 2331 5

206 2347 289 2390 63:
319 2349 484 2390 iuvenis
516 2347 689 2390 Parthis
721 2348 960 2390 horrendus
978 2379 989 2401 ,
1023 2348 1076 2388 ab

207 2406 294 2448 alto
328 2407 551 2449 demissum
569 2420 702 2462 yenus
723 2406 890 2449 Aenea,
954 2407 1077 2462 Virg.

211 2464 371 2521 Georg.
394 2465 553 2509 11135:
588 2465 874 2520 demissaeque
904 2466 957 2507 ab
981 2466 1080 2508 Iove

207 2525 346 2579 yentis
366 2526 557 2567 nomina.
598 2525 751 2569 Aen.1
782 2525 896 2569 288:
929 2525 1078 2577 Iulius,

206 2596 236 2623 a
286 2597 442 2639 magno
491 2584 712 2626 demissum
762 2597 918 2625 nomen
966 2584 1077 2626 Iulo.

205 2641 272 2683 De
302 2655 350 2684 re
384 2643 442 2685 cf.
476 2643 655 2686 Sueton.
687 2642 787 2685 Ner.
809 2644 850 2696 7,
884 2644 957 2698 qui
990 2643 1078 2684 fal-

207 2699 564 2743 litur‘scribens:
606 2702 722 2758 apud
763 2702 942 2744 eundem
973 2705 1079 2757 (pa-

205 2764 314 2801 trem
347 2759 599 2818 Claudium)
633 2760 848 2803 consulem
874 2776 956 2817 pro
989 2762 1077 2803 Bo-

205 2819 479 2861 noniensibus
517 2820 699 2872 Latine,
760 2834 843 2876 pro
899 2820 1079 2862 Rhodiis

205 2884 329 2931 atque
355 2878 582 2920 Iliensibus
607 2880 772 2921 Graece
795 2879 927 2921 verba
948 2880 1076 2934 fecit.-

206 2937 359 2979 consul
425 2938 541 2980 enim
603 2935 817 2979 Claudius
896 2938 1077 2980 hiennio

207 3001 308 3037 ante
339 2996 437 3037 fuit.

293 3055 410 3096 omni
427 3054 786 3097 -solverenturt
821 3068 949 3097 omne
978 3069 1078 3097 mu-

205 3123 285 3152 nus
317 3113 480 3167 populo
510 3114 704 3156 Romano
738 3114 791 3156 ab
824 3114 922 3156 aliis
963 3116 1077 3156 civi-

205 3170 366 3211 tatibus
390 3172 694 3225 praestandum
707 3173 941 3215 Iliensibus
952 3175 1077 3229 (novi

205 3227 272 3269 llii
294 3228 639 3271 habitatoribus:
674 3231 713 3272 11
744 3232 819 3288 54)
850 3234 1077 3273 reinissum

206 3292 249 3326 et
287 3287 417 3340 plena
468 3289 716 3332 immunitas
750 3302 962 3332 concessa
995 3296 1076 3331 est.

204 3345 303 3387 Mox
336 3360 373 3387 c.
407 3346 489 3389 61:
530 3354 576 3388 ut
616 3349 731 3388 omni
765 3348 919 3389 tributo
951 3348 1080 3389 vacui

203 3405 250 3444 in
266 3412 480 3460 posterum
505 3404 847 3447 Coi—insulam
873 3405 1075 3447 colerent.

205 3463 270 3504 De
323 3463 525 3505 libertate
574 3463 799 3505 Iliensium
839 3477 917 3505 suo
967 3477 1076 3507 aevo

205 3521 389 3575 (Tiberii
434 3522 513 3563 sub
564 3523 836 3579 principatu)
891 3529 934 3564 et
977 3529 1077 3564 ante

205 3580 356 3622 Strabo
388 3580 488 3623 Xlll
523 3582 544 3624 1
578 3582 650 3625 27.
729 3581 796 3623 De
829 3581 1001 3624 Claudii
1035 3584 1078 3624 in

207 3650 283 3682 eos
311 3639 578 3685 liberalitate
599 3640 836 3686 Suetonius
867 3642 915 3684 in
948 3640 1077 3685 huius

911 1955 979 1996 11.
1011 1968 1118 1996 vera
1156 1953 1283 1997 GMa:
1327 1968 1351 1996 e
1394 1954 1505 1997 Bud.
1558 1957 1751 1997 correxit
1779 1955 2031 1999 Rhenanus.

1214 2015 1282 2057 14.
1315 2014 1451 2057 rodiis
1481 2013 1562 2057 Ma.

1161 2171 1253 2211 vita
1284 2170 1366 2214 25:
1401 2169 1628 2212 Iliensibus
1660 2172 1781 2226 quasi
1808 2171 2034 2214 Romanae

1160 2229 1298 2285 9entis
1331 2230 1576 2272 auctoribus
1610 2231 1770 2272 tributa
1800 2232 1847 2272 in
1874 2245 2033 2287 perpe-

1162 2296 1276 2330 tuum
1306 2289 1482 2331 remisit.
1549 2287 1676 2332 Conf.
1710 2290 1738 2332 l.
1774 2291 1825 2332 17
1845 2289 1946 2346 Dig.
1982 2291 2033 2332 de

1162 2348 1506 2390 excusationibus
1529 2348 1712 2404 (XXVII
1750 2354 1820 2406 1):
1855 2349 2031 2392 Iliensi-

1161 2407 1235 2448 bus
1267 2414 1306 2448 et
1329 2414 1507 2463 propter
1537 2408 1743 2463 inclytam
1765 2409 2031 2450 nobilitatem

1161 2467 1346 2508 civitatis
1389 2473 1428 2507 et
1469 2475 1648 2523 propter
1691 2468 2032 2509 coniunctionem

1161 2526 1341 2580 oriqinis
1362 2526 1586 2568 Romanae
1617 2528 1703 2568 iam
1728 2528 1960 2581 antiquitus
1992 2533 2033 2568 el

1160 2591 1332 2625 senatus
1365 2585 1570 2627 consultis
1603 2593 1642 2627 et
1664 2586 2032 2627 constitutionibus

1154 2644 1400 2699 principum
1417 2643 1667 2700 plenissima
1687 2646 1930 2687 immunitas
1948 2647 2031 2687 tri-

1160 2703 1260 2744 buta
1291 2710 1377 2756 est,
1417 2709 1464 2744 ut
1495 2705 1622 2746 etiam
1655 2704 1810 2746 tutelae
1846 2718 2030 2746 excusa-

1159 2763 1316 2803 tionem
1346 2762 1547 2816 habeant,
1580 2763 1744 2806 scilicet
1771 2777 1916 2805 eorum
1941 2778 2027 2820 pu-

1155 2820 1361 2877 pillorum
1392 2822 1464 2876 qui
1495 2822 1675 2864 Ilienses
1707 2836 1793 2863 non
1824 2824 1922 2865 sint.

1227 2939 1421 2981 redditur
1435 2939 1616 2982 Rhodiis
1638 2941 1839 2982 libertas.-
1863 2939 2029 2982 ‘adem-

1160 3004 1235 3052 pta
1266 3011 1405 3053 nuper
1437 2998 1490 3039 ab
1523 3000 1619 3053 ipso
1643 2999 1824 3041 Claudio
1851 3005 2028 3053 propter

1159 3059 1279 3099 cives
1323 3057 1530 3112 quosdam
1577 3059 1620 3098 in
1669 3072 1842 3100 crucem
1892 3064 2027 3109 actos,

1157 3122 1204 3156 ut
1228 3122 1351 3157 notat
1374 3115 1456 3156 Dio
1479 3116 1547 3156 Lx
1583 3119 1654 3160 24.
1719 3116 1803 3158 Sed
1826 3117 2029 3156 restituta

1160 3181 1312 3216 orante
1343 3174 1544 3225 Nerone,
1579 3176 1701 3215 cuius
1744 3174 1899 3214 honori
1933 3177 2028 3215 iure

1160 3234 1426 3288 epigramma
1460 3231 1568 3272 illud
1593 3232 1762 3284 adsero,
1797 3233 1911 3286 quod
1944 3244 2028 3272 no-

1158 3294 1274 3332 mine
1300 3289 1516 3343 Antiphili
1555 3289 1718 3345 legitur
1761 3292 1899 3344 prinio
1933 3292 2028 3332 An·-

1158 3349 1384 3405 thologiae
1419 3352 1483 3395 εἰς
1514 3347 1683 3399 νήσους
1705 3349 2027 3406 (Anthologiae

1158 3408 1293 3449 Palat.
1326 3407 1383 3447 IX
1418 3406 1550 3462 178):

1251 3467 1333 3514 Ὣς
1363 3465 1517 3523 πάρος
1545 3464 1745 3515 Ἀελίου,
1787 3467 1871 3512 νῦν
1902 3471 2024 3510 Καί-

1493 3537 1639 3583 σαρος
1674 3525 1702 3567 ἁ
1731 3524 1894 3574 Ῥόδος
1928 3529 2028 3586 εἰμὶ

1247 3584 1418 3637 νᾶσος,
1463 3585 1572 3629 ἴσον
1614 3583 1656 3626 ‹5’
1687 3582 1816 3642 αὖχιό
1850 3587 2030 3646 φέγγος

1491 3641 1577 3688 oln’
1614 3641 1918 3706 ἀμφοτέρων.
