2280 4004
217 289 309 333 330
975 289 1265 334 ANNALIVM
1785 309 1824 338 a.
1858 303 1901 339 Ιι.
1932 292 2036 342 819.

209 434 464 502 vigentem
501 450 558 487 se
596 451 656 486 ac
692 449 864 501 parem
913 436 1135 504 negotiis
1184 437 1419 489 ostendit.
1494 438 1623 490 Dein
1669 438 1930 492 revolutus
1975 439 2040 493 ad

209 524 348 589 vitia,
387 540 484 586 seu
515 525 749 576 vitiorum
783 526 1080 592 imitatione,
1122 529 1254 579 inter
1289 544 1478 595 paucos
1506 529 1826 581 familiarium
1850 530 2041 583 Neroni

211 615 501 681 adsumptus
561 621 663 681 est,
727 617 1012 686 elegantiae
1069 619 1287 684 arbiter,
1347 619 1462 671 dum
1514 620 1640 671 nihil
1689 631 1955 672 amoenum
1992 626 2050 673 et·

208 705 359 758 molle
403 705 672 759 adfluentia
706 713 872 775 putat,
932 709 1043 760 nisi
1073 710 1207 777 quod
1247 710 1296 762 ei
1331 711 1595 763 Petronius
1635 712 2039 779 adprobavisset.

171 797 351 849 ⁵Unde
411 798 601 850 invidia
661 799 893 867 Tigellini
946 801 1090 867 quasi
1109 785 1385 853 ‘adversus
1435 802 1682 854 aemulum
1732 807 1781 855 et
1827 803 2051 856 scientia·

209 889 514 956 voluptatum
553 890 820 956 potiorem.
881 891 1020 958 Ergo
1048 892 1396 945 crudelitatem
1427 893 1688 960 principis,
1726 895 1809 945 cui
1839 898 2042 946 ceterae

204 981 444 1032 libidines
488 981 764 1046 cedebant,
820 983 1148 1050 adgreditur,
1205 985 1476 1037 amicitiam
1522 985 1758 1038 Scaevini
1803 985 2040 1038 Petronio

207 1071 487 1136 obiectans,
531 1077 768 1139 corrupto
804 1073 868 1124 ad
905 1075 1146 1126 indicium
1182 1089 1334 1127 servo
1366 1076 1698 1142 ademptaque
1720 1072 2040 1139 defensione,

207 1167 257 1213 et
293 1163 487 1214 maiore
526 1169 668 1230 parte
706 1164 927 1217 familiae
974 1167 1026 1216 in
1062 1166 1230 1218 vincla
1270 1172 1428 1234 rapta.
1504 1168 1658 1219 Forte
1709 1165 1809 1218 illis
1861 1166 2142 1219 (1161111819-

145 1267 192 1302 10
207 1254 527 1320 Campaniam
564 1256 812 1322 petiverat
850 1258 1057 1323 Caesar,
1101 1263 1150 1309 et
1187 1258 1369 1310 Cumas
1408 1273 1569 1325 usque
1606 1272 1908 1326 progressus
1945 1258 2042 1309 Pe-

205 1346 399 1396 tronius
443 1346 547 1396 illic
583 1347 904 1399 attinebatur.
971 1349 1085 1400 'Nec
1125 1349 1235 1399 tulit
1269 1349 1395 1399 ultra
1431 1350 1626 1400 timoris
1666 1354 1751 1400 aut
1785 1348 1892 1414 spei
1929 1361 2044 1399 mo·-

205 1451 305 1488 ras.
381 1438 556 1504 Neque
589 1443 757 1490 tamen
794 1454 1041 1505 praeceps
1082 1440 1234 1491 vitam
1274 1440 1477 1506 expulit,
1510 1440 1602 1491 sed
1640 1437 1831 1491 incisas
1859 1449 2040 1504 venaS,

204 1533 258 1578 ut
296 1528 504 1593 libitum,
546 1529 797 1597 obligatas
832 1531 1034 1597 aperire
1072 1536 1288 1596 rursum,
1332 1536 1382 1582 et
1418 1531 1623 1599 adloqui
1665 1531 1886 1596 amicOS,
1940 1544 2043 1582 non

205 1634 297 1685 per
332 1621 466 1671 seria
506 1625 590 1671 aut
627 1621 806 1687 quibus
847 1622 1064 1690 gloriam
1090 1623 1408 1675 constantiae
1431 1627 1639 1689 peteret.
1690 1622 2044 1690 Audiebatque

144 1710 506 1776 isreferenteS,
541 1712 665 1762 nihil
703 1713 767 1763 de
806 1713 1181 1765 immortalitate
1220 1715 1419 1766 animae
1456 1718 1506 1765 et
1543 1713 1844 1780 sapientium
1877 1713 2043 1780 placi-

211 1802 308 1866 tis,
372 1803 463 1853 sed
522 1803 654 1855 levia
714 1806 938 1857 carmina
992 1811 1040 1857 et
1092 1806 1269 1858 faciles
1322 1821 1516 1858 versus.
1591 1806 1864 1858 Servorum
1909 1804 2040 1856 alios

205 1893 505 1960 largitione,
548 1896 793 1961 quosdam
830 1898 1130 1949 verberibus
1171 1897 1374 1949 adfecit.
1449 1898 1564 1948 Iniit
1606 1897 1807 1963 epulaS,
1858 1910 2039 1948 somno

201 1984 428 2051 indulsit,
467 1991 520 2036 ut
555 2000 854 2055 quamquam
897 1994 1076 2042 coacta
1112 2004 1249 2041 mors
1274 1988 1526 2041 fortuitae
1562 1987 1740 2040 similis
1769 1992 1919 2039 esset.
1969 1987 2044 2039 Ne

322 2136 360 2176 1.
400 2136 613 2191 uigentem
645 2134 770 2189 GMa,
804 2137 1020 2193 inqentem
1054 2137 1104 2179 R.
1207 2138 1248 2179 3.
1284 2136 1420 2178 nichil
1452 2136 1532 2178 Ma.
1632 2134 1678 2178 4.
1711 2132 1806 2191 affl.
1841 2132 1912 2176 Or.
2003 2131 2045 2176 5.
2075 2128 2080 2138 ¹

199 2194 322 2248 tiqilt.
358 2193 438 2236 Ma.
531 2196 572 2238 7.
608 2195 858 2238 adcreditur
888 2195 967 2239 Ma.
1067 2198 1134 2240 13.
1169 2196 1244 2238 all.
1281 2195 1351 2238 Or.
1449 2195 1518 2238 14.
1552 2193 2046 2251 gylei-iamgconstantiae

198 2253 279 2304 Ma,
315 2255 600 2297 constantiam
630 2255 796 2310 qloriae
832 2255 878 2297 G.
982 2256 1049 2298 15.
1083 2255 1219 2297 nichil
1251 2254 1328 2297 Ma.
1441 2255 1544 2296 inm.
1577 2253 1658 2296 Ma.
1753 2252 1820 2295 17.
1851 2252 1926 2309 aff.
1963 2249 2036 2294 Or.

197 2314 294 2354 ini-it
327 2320 364 2354 et
396 2316 491 2355 uias
526 2313 649 2356 GMaz
700 2315 949 2356 emendavit
992 2315 1215 2357 Markland
1260 2317 1302 2355 in
1335 2314 1415 2368 Ep.
1452 2315 1546 2356 crit.
1582 2313 1635 2355 ad
1668 2312 1844 2353 Harium
1881 2324 1923 2366 p.
1956 2311 2030 2354 87.

196 2373 296 2414 iniit
331 2374 528 2414 convivia
561 2374 915 2431 Bezzenberger.
1034 2375 1100 2417 18.
1147 2382 1194 2416 ut
1233 2388 1358 2429 quam
1399 2372 1487 2414 Ma:
1545 2373 1735 2415 correxit
1782 2371 2034 2414 Rhenanus.

196 2434 374 2487 fortuite
408 2431 473 2474 Ma
493 2464 502 2474 .

198 2546 404 2587 destinati
453 2554 573 2601 sunt,
624 2562 720 2590 cum
769 2547 978 2589 ordinarii
1028 2548 1082 2589 de

195 2619 377 2648 munere
410 2609 661 2649 cessissent.

1258 2547 1364 2602 Cap.
1404 2547 1470 2591 19.
1534 2546 1647 2588 levia
1678 2547 1878 2588 carmina
1908 2550 1948 2586 et
1970 2546 2046 2599 fa-

1169 2608 1269 2648 ciles
1300 2621 1472 2648 versus:
1511 2608 1631 2660 prius
1663 2606 1797 2663 (levia
1829 2604 2047 2659 carmina)

287 2665 526 2721 elegantiae
559 2668 741 2719 arbiter,
775 2667 874 2708 dum
907 2691 961 2698 —-
995 2667 1079 2707 ad-

191 2726 482 2780 probavisset:
517 2727 713 2767 dextrum
740 2727 990 2782 elegantiae
1010 2727 1083 2766 iu-

198 2783 338 2826 dicem
382 2791 466 2826 tam
508 2787 553 2826 in
592 2787 757 2827 artibus
802 2785 1081 2826 aestimandis

198 2857 323 2897 quam
371 2845 413 2884 in
462 2846 578 2886 vitae
622 2845 958 2887 oblectamentis
1000 2844 1080 2885 de-

197 2903 441 2944 scribendis
482 2917 580 2944 sese
620 2905 822 2958 probavit
865 2906 907 2944 in
951 2905 1081 2957 Saty-

199 2963 325 3012 ricis,
372 2962 444 3002 ubi
491 2963 543 3003 dc
578 2971 777 3017 corrupta
812 2964 1081 3018 eloquentia,

198 3021 251 3061 dc
286 3033 418 3074 prava
457 3023 649 3075 pictura,
691 3024 744 3064 dc
779 3024 1082 3063 conviviorum

198 3080 410 3131 lautitiis,
454 3081 507 3123 de
542 3082 813 3136 voluptatum
847 3081 1083 3138 generibus

199 3139 333 3180 multa
370 3146 411 3182 ct
444 3143 661 3196 exquisita
691 3143 925 3195 prompsit:
962 3141 1083 3194 plura

200 3204 343 3240 autem
389 3201 431 3240 in
477 3201 714 3254 deperditis
758 3202 902 3255 magni
937 3201 1083 3254 operis

202 3258 395 3318 partibus
416 3259 526 3300 haud
546 3260 675 3302 dubie
695 3260 947 3313 protulerat.
993 3260 1084 3300 lloc

202 3319 338 3373 igitur
371 3331 504 3371 opere
541 3320 753 3362 Neronem
789 3325 861 3359 aut
897 3320 1012 3371 cepit
1043 3322 1085 3358 et

200 3377 373 3430 impulit
407 3383 451 3416 ut
484 3380 717 3420 amicitiam
759 3390 879 3418 suam
918 3389 1085 3419 concu-

203 3437 408 3487 pisceret,
444 3443 513 3477 aut
552 3439 590 3477 iu
628 3437 967 3479 familiaritatem
992 3438 1084 3477 eius

208 3495 290 3534 iam
331 3500 535 3548 receptus
570 3495 676 3537 illud
711 3497 993 3549 conscripsit,
1041 3500 1086 3535 ut

206 3556 248 3591 et
280 3554 505 3595 scientiam
539 3564 657 3596 suam
686 3554 946 3597 documento
975 3565 1087 3609 quo..

206 3608 300 3650 dum
328 3612 586 3665 approbaret
607 3619 650 3656 et
668 3613 884 3656 Neronem
904 3614 1088 3668 eiusque

206 3666 371 3711 similes
400 3671 515 3711 miris
544 3671 805 3730 imaginibus
829 3670 1085 3715 oblectaret.

1167 2666 1329 2707 dictum
1363 2667 1415 2707 de
1448 2671 1730 2720 argumento,
1773 2663 1956 2704 alterum
1989 2662 2047 2704 de

1166 2725 1268 2766 stilo
1303 2731 1346 2766 et
1377 2726 1598 2775 oratione,
1642 2735 1786 2778 neque
1827 2734 1936 2776 opus
1981 2726 2047 2763 est

1166 2784 1520 2839 Bezzenbergeri
1577 2784 1830 2824 coniectura
1885 2780 2046 2835 sutiles.

1173 2845 1331 2886 Versus
1364 2843 1519 2884 faciles
1541 2841 1784 2897 (qefitlliye)
1807 2842 1901 2894 ipse
1925 2840 2050 2894 operi

1167 2916 1246 2944 suo
1279 2916 1366 2944 non
1398 2914 1560 2956 paucos
1581 2901 1783 2942 intexuit.
1832 2899 2050 2940 Exti-emis

1169 2965 1303 3017 igitur
1349 2962 1571 3015 proximus
1619 2961 1734 3001 circa
1781 2972 1832 3000 ea
1885 2959 2048 3000 versari

1170 3023 1374 3076 perrexit,
1409 3020 1564 3075 quibus
1599 3033 1676 3073 per
1707 3020 1839 3060 vitam
1873 3030 2050 3072 operam

1171 3087 1213 3121 ct
1261 3081 1449 3121 studium
1493 3080 1729 3120 dicaverat.
1794 3077 2051 3119 Accuratius

1172 3140 1280 3181 haec
1313 3139 1573 3193 pertractavi
1603 3139 1647 3178 in
1664 3137 1812 3179 Museo
1839 3136 2053 3178 Rhenum>

1175 3200 1288 3242 1842
1321 3212 1361 3252 p.
1397 3198 1484 3241 568
1516 3211 1580 3252 sq.

1257 3258 1330 3298 scd
1361 3259 1525 3312 flagitia
1554 3257 1765 3312 principis
1803 3254 1876 3296 sut
1910 3253 2052 3296 nociti·-

1171 3317 1292 3358 m‘bus
1326 3315 1584 3358 exoletorum
1623 3317 1964 3370 feminarumque
1996 3337 2052 3345 —-

1166 3377 1441 3432 perscripsit:
1477 3375 1518 3416 hi
1558 3374 1855 3417 commentarii
1896 3372 2052 3414 breves

1172 3440 1214 3476 ct
1269 3436 1419 3489 paucis
1470 3433 1623 3475 diebus
1663 3432 1935 3485 *compositu
1997 3429 2052 3471 ab

1170 3496 1279 3535 irato
1330 3493 1504 3535 Nerone
1555 3490 1669 3534 haud
1721 3491 1852 3533 dubie
1901 3488 2050 3539 deteti,

1173 3551 1283 3594 nihil
1328 3552 1547 3606 pertinent
1592 3549 1645 3592 ad
1686 3549 1931 3605 primarium
1965 3543 2049 3587 Fe-

1173 3612 1303 3653 tronii
1349 3612 1571 3665 seriptum.
1636 3606 1702 3652 Of.
1748 3618 1858 3664 quae
1897 3605 2052 3658 dispu-

1174 3671 1261 3713 tavi
1293 3671 1336 3711 in
1371 3669 1519 3713 Museo
1552 3668 1690 3712 Rhea.
1725 3680 1765 3721 p.
1801 3663 2047 3708 569-571.

2260 2704 2280 3281 .!fiA—‘MQ=nsst.-M:.ss.u‘.fiffla
2277 2656 2280 2657 ,
