2280 4004
235 321 263 350 a
293 307 341 351 G.
374 309 447 353 65.
850 311 1015 357 LIBER
1046 311 1159 360 XVI.
1237 311 1350 357 CAP.
1381 314 1507 359 1-2.
1612 336 1642 349 x
1966 314 2054 358 313

237 454 513 517 vectusque
546 450 781 521 Romam,
820 451 1063 519 principis
1103 452 1291 505 aditum
1333 458 1640 518 emercatuS,
1680 451 1931 519 expromit
1966 469 2056 507 re-

236 544 430 606 pertum
466 540 520 591 in
555 555 681 609 agro
717 556 810 592 suo
851 557 1056 608 specum
1091 542 1351 594 altitudine
1396 544 1670 609 immensa,
1736 559 1833 611 quo
1870 560 2055 613 magna

236 631 314 682 vis
349 631 457 682 auri
494 632 867 698 contineretur,
920 649 1023 685 non
1059 635 1110 684 in
1149 634 1361 685 formam
1399 636 1672 701 pecuniae,
1728 636 1818 688 sed
1858 637 1972 688 rudi
2008 642 2058 689 et

237 722 444 789 antiquo
478 723 723 790 pondere.
795 726 1003 778 Lateres
1046 727 1226 793 quippe
1259 742 1568 794 praegraves
1605 728 1803 792 iacere,
1847 729 2057 781 adstan-

235 813 368 865 tibus
411 820 554 881 parte
611 815 710 868 alia
765 816 1043 882 columnis3
1107 833 1235 883 quae
1291 833 1384 883 per
1440 822 1628 869 tantum
1684 819 1796 869 aevi
1857 818 2094 870 occultas

237 906 486 975 augendis
519 908 868 974 praesentibus
901 910 1066 962 honis.
1137 909 1390 974 Ceterum,
1426 914 1480 959 ut
1513 909 1804 961 coniectura
1844 910 2058 961 demon-

235 997 446 1063 straret,
497 999 629 1050 Dido
663 999 988 1052 Phoenissam
1026 1001 1156 1068 Tyro
1204 1001 1471 1068 profugam
1510 1000 1714 1052 condita
1750 1001 2056 1069 Carthagine

234 1088 346 1141 illas
375 1104 498 1155 opes
525 1091 802 1156 abdidisse,
831 1107 895 1143 ne
923 1107 1085 1143 novus
1112 1092 1322 1158 populus
1358 1092 1510 1143 nimia
1528 1092 1742 1158 pecunia
1779 1092 2054 1157 lasciviret,

236 1184 322 1230 aut
354 1195 506 1247 reges
544 1181 887 1247 Numidarum,
929 1187 978 1233 et
1014 1182 1139 1233 alias
1179 1182 1381 1247 infensi,
1422 1183 1657 1249 cupidine
1696 1184 1806 1235 auri
1847 1183 1909 1234 ad
1945 1183 2058 1235 bel—

187 1268 335 1323 2lum
376 1271 794 1323 accenderentur.
869 1273 1028 1340 Igitur
1063 1274 1266 1338 Nero,-
1298 1288 1402 1324 non
1452 1275 1703 1339 auctoris,
1763 1290 1863 1325 non
1899 1275 2054 1341 ipsius
2073 1288 2120 1325 ιο

234 1362 430 1430 negotii
466 1362 565 1414 fide
606 1365 728 1415 satis
764 1370 1016 1430 spectata,
1075 1380 1172 1416 nec
1219 1365 1386 1417 missis
1426 1381 1519 1431 per
1557 1380 1683 1431 quos
1720 1371 1958 1418 nosceret
1993 1381 2056 1416 an

234 1468 356 1504 vera
399 1453 754 1520 adferrentur,
813 1462 965 1523 auget
1000 1455 1131 1506 ultro
1170 1471 1423 1508 rumorem
1445 1495 1458 1521 ,
1519 1457 1766 1523 mittitque
1804 1458 1886 1523 qui
1924 1457 2057 1509 velut

231 1550 424 1611 partam
476 1546 717 1612 praedam
771 1547 1097 1600 adveherent.

234 1637 503 1707 remigium
562 1638 814 1690 iuvandae
863 1638 1190 1691 festinationi.

349 1793 392 1835 2.
425 1804 554 1847 agros
586 1789 666 1833 Ma.
767 1793 869 1834 inm.
905 1792 983 1834 Ma.

228 1864 324 1893 rum
354 1848 434 1892 Ma.

230 1916 297 1952 est
328 1911 372 1951 in
405 1909 550 1952 litura.
672 1912 712 1953 7.
745 1913 951 1966 fenissam
979 1911 1058 1954 Ma.

230 1971 298 2012 11.
331 1970 468 2012 missis
496 1971 709 2012 uisoribus
734 1986 815 2027 per
846 1970 911 2013 Ma
945 1978 986 2012 et
1021 1975 1180 2015 ceteri:
1217 1974 1465 2016 emendavit
1497 1971 1738 2012 Ernestius.

225 2031 344 2084 ferre
379 2031 447 2085 (in
479 2043 632 2072 versus
665 2030 772 2088 fine)
807 2038 958 2073 rentur
989 2030 1068 2074 Ma.

224 2089 398 2145 miqium
428 2088 722 2135 BoxhorniuS.

313 2210 470 2254 lateres
486 2238 539 2245 —-
557 2214 763 2255 columnis
777 2228 790 2255 .-
825 2214 984 2257 lateres
1006 2218 1099 2257 auri

225 2273 455 2327 argentive
488 2285 568 2314 nos
611 2273 883 2328 appellamus
917 2275 1098 2329 Platten,

226 2330 450 2374 columnas
483 2333 654 2374 Bar-ren
685 2335 781 2376 sive
813 2335 1021 2390 Stanyen.

311 2398 356 2431 ut
399 2394 649 2433 coniectura
687 2393 1020 2436 demonstraret:
1056 2396 1100 2435 in

226 2448 350 2490 libris
394 2453 699 2505 manuscriptis
749 2454 908 2494 omissa
959 2454 1101 2496 media

225 2507 395 2561 syllaba
450 2510 565 2565 quod
613 2510 776 2567 legitur
822 2513 1098 2566 demonstrat,

225 2566 338 2609 male
383 2571 591 2611 convenit
642 2570 926 2626 subseq-uenti
973 2574 1098 2614 abdi-

225 2626 363 2678 disse,
449 2634 705 2684 antegresso
790 2633 1096 2675 contineretur.

223 2685 476 2736 Waltherus
499 2688 809 2731 demonstraret
835 2704 930 2732 cum
963 2705 1097 2746 repu-

223 2744 381 2798 diavit,
430 2746 592 2789 oblitus
640 2748 814 2790 videtur
860 2764 957 2793 esse
1005 2765 1097 2793 rem

221 2806 501 2858 praeteritam
533 2808 586 2848 ab
619 2807 705 2849 alio
749 2809 929 2850 relatam
963 2824 986 2851 a
1014 2811 1097 2851 Ta-

223 2864 310 2904 cito
353 2867 531 2906 narrari.
595 2866 660 2907 De
701 2869 952 2909 accusativo
985 2870 1095 2910 Dido

221 2935 265 2964 v.
287 2921 542 2966 Foreellinii
571 2923 700 2966 lexic.
765 2926 885 2976 Quae
908 2926 1096 2968 Orellius

222 2980 275 3022 de
308 2983 572 3024 anacolutho
598 2991 757 3036 narrat,
793 2999 843 3026 ea
870 2986 954 3027 huc
987 2986 1096 3028 nihil

221 3042 456 3094 pertinent.
522 3042 692 3096 Quippe
735 3043 976 3086 infinitivus
1009 3058 1095 3087 non

221 3100 382 3153 pendet
414 3101 467 3142 ab
500 3103 759 3155 interposito
782 3111 826 3144 ut
848 3106 1097 3147 coniectura

222 3158 548 3213 demonstraret,
571 3161 614 3202 id
639 3162 753 3216 quod
777 3162 853 3204 ille
878 3165 1094 3217 opinatur,

221 3216 298 3258 sed
342 3231 367 3259 a
413 3219 550 3260 verbo
595 3222 815 3276 eaepromit.
891 3221 1094 3264 Ceterum

221 3276 357 3317 Taciti
403 3277 634 3335 diligentia
677 3279 802 3321 Bassi
847 3282 1094 3324 vecordiam

227 3341 270 3376 et
313 3335 510 3378 turbidae
554 3339 708 3379 mentis
750 3341 917 3381 somnia
960 3354 1094 3382 accu-

222 3394 356 3435 ratius
388 3402 619 3449 persecuta
661 3403 754 3450 est,
806 3405 851 3438 ut
883 3401 1093 3454 principis

221 3455 391 3495 vanitas
414 3461 458 3496 et
487 3469 618 3498 caeca
637 3458 729 3498 auri
754 3457 910 3512 cupido
934 3459 1092 3515 legen-

221 3513 336 3554 tibus
368 3515 506 3570 magis
540 3522 782 3569 appareret.

307 3572 412 3626 Gap.
450 3575 491 3616 2.
564 3575 700 3616 missis
736 3588 816 3630 per
872 3589 972 3630 quos
1008 3589 1092 3617 no-

219 3638 379 3673 sceret:
412 3644 570 3675 nomen
587 3634 810 3687 visor-ibus,
844 3648 986 3690 neque
1007 3634 1090 3676 Ta-

222 3688 400 3748 citinum
450 3701 592 3747 neque
642 3693 782 3736 iustae
830 3690 1089 3747 Latinitatis,

1122 1826 1130 1834 .
1235 1802 1262 1836 t.
1297 1792 1377 1835 Ma.

527 1851 838 1893 demonstraret
867 1795 1120 1895 Ernestius42
1155 1808 1230 1895 ἦξε
1254 1854 1537 1906 demonstrat;
1578 1854 1623 1893 in
1657 1851 1690 1894 G
1721 1851 1874 1893 ultima
1910 1852 2056 1895 littera

1172 1549 1364 1599 Dantur
1419 1548 1650 1599 triremes
1706 1553 1756 1599 et
1806 1549 2055 1600 delectum

1274 1640 1380 1691 Nec
1435 1639 1569 1690 aliud
1621 1655 1711 1706 per
1771 1639 1886 1690 illos
1946 1639 2054 1690 dies

1482 1792 1523 1835 5.
1560 1793 1629 1834 eui
1657 1791 1737 1835 Ma.
1830 1793 1873 1836 6.
1911 1799 2056 1834 caete-

1651 1911 1692 1954 8.
1721 1913 1941 1968 paecunia
1971 1911 2053 1956 Ma.

1869 1970 1949 2015 12.'
1972 1972 2054 2013 acl..

1178 2034 1245 2076 14.
1280 2033 1503 2088 nauigium
1534 2044 1630 2073 cum
1663 2030 1821 2072 ceteris
1854 2029 1945 2072 Ma:
1979 2046 2054 2073 re-

1192 1915 1418 1969 cartayine
1450 1910 1530 1954 Ma.

1185 2216 1262 2260 sed
1294 2216 1407 2271 apud
1439 2217 1608 2258 mediae
1641 2218 1796 2258 aetatis
1821 2219 2056 2272 scriptores

1184 2289 1317 2329 saepe
1338 2283 1606 2330 usurpatum,
1632 2283 1679 2317 ut
1701 2277 1892 2333 (langius
1912 2278 2055 2332 docet,

1183 2342 1281 2389 post
1312 2337 1450 2377 missis
1491 2338 1699 2377 insertum
1735 2338 1779 2377 in
1814 2336 2053 2390 codicibus,

1184 2394 1297 2436 haud
1344 2395 1474 2436 dubie
1526 2410 1579 2437 ex
1627 2396 1773 2451 glossa
1825 2397 2056 2452 marginali

1182 2461 1327 2496 natum
1353 2461 1433 2496 est.
1499 2455 1737 2508 Seyffertus
1769 2461 1912 2496 tamen
1938 2470 1960 2497 e
1986 2471 2056 2497 se-

1181 2515 1426 2567 natoribus,
1457 2514 1794 2571 Bezzenberger
1824 2515 2057 2570 fossoribus

1184 2574 1386 2615 coniecit.
1479 2575 1591 2616 vetut
1619 2582 1792 2630 partam
1820 2575 2054 2629 praedam.-

1181 2645 1261 2673 nos
1293 2632 1476 2674 dicimus
1503 2635 1612 2675 ‘wie
1646 2635 1745 2675 eine
1777 2646 2057 2689 gewonnene

1180 2691 1349 2734 Beute’.
1414 2691 1681 2748 Languidius
1724 2700 1788 2734 est
1830 2693 2057 2735 inventum

1179 2751 1369 2792 Acidalii
1396 2759 1600 2807 paratam
1643 2752 1784 2807 (conf.
1821 2759 1968 2795 annot.
2003 2753 2057 2795 ad

1179 2810 1239 2852 IV
1271 2812 1368 2866 44),
1404 2810 1518 2852 haud
1549 2813 1845 2852 necessarium
1865 2811 2058 2854 Ernestii

1181 2869 1426 2910 avehercnt.

1270 2928 1429 2969 dantur
1461 2928 1657 2970 triremes
1688 2954 1744 2961 —
1759 2930 2055 2985 festi-nationi.-

1179 2998 1256 3041 pro
1290 2987 1517 3029 liburnicis
1550 2987 1812 3031 adhibentur
1843 2991 2056 3041 triremes,

1181 3046 1350 3100 amplae
1412 3047 1584 3088 scilicet
1634 3047 1686 3087 ad
1735 3050 1960 3103 ingentem
2013 3055 2058 3090 et

1178 3118 1462 3160 praegravem
1497 3107 1589 3146 auri
1622 3108 1709 3147 vim
1738 3107 2054 3160 accipiendam.

1181 3165 1301 3215 Quae
1335 3177 1430 3205 cum
1451 3165 1722 3207 festinationi
1751 3167 1891 3206 minus
1925 3172 2054 3220 aptae

1180 3222 1452 3275 viderentur,
1508 3224 1690 3265 inditum
1735 3230 1800 3266 est
1833 3224 2051 3268 delectum

1178 3282 1407 3337 remigium
1478 3283 1695 3325 iuvandae
1763 3284 2051 3338 festinationi,

1178 3341 1349 3382 dativus
1383 3342 1497 3383 enim
1530 3342 1581 3383 ad
1605 3342 1810 3384 delectum
1830 3344 2055 3399 remiqium

1178 3399 1391 3454 pertinet,
1447 3412 1534 3441 non
1577 3403 1709 3444 etiam
1750 3403 1802 3443 ad
1836 3403 2049 3446 triremes.

1179 3458 1435 3512 Corruptum
1468 3461 1685 3515 naviyium
1717 3463 1789 3515 qui
1825 3467 1975 3504 tenent
2008 3468 2052 3504 et

1176 3520 1397 3572 accipiunt
1426 3531 1503 3572 pro
1528 3522 1685 3573 nautis,
1720 3521 1928 3563 adversus
1962 3521 2049 3563 lin-

1178 3590 1304 3632 guam
1339 3578 1532 3619 Latinam
1566 3586 1775 3633 peccant3
1811 3582 1884 3636 qui
1917 3594 2050 3623 naves

1175 3637 1382 3692 cogitant,
1416 3638 1666 3691 perturbate
1699 3645 1940 3681 narrantem
1966 3639 2048 3682 Ta-

1177 3695 1306 3736 citum
1341 3696 1520 3739 faciunt.
