2280 4004
253 305 280 336 a
311 291 359 337 C.
395 293 468 338 66.
834 294 1000 339 LIBER
1030 296 1145 341 XVI.
1210 297 1320 342 Cu.
1358 300 1546 344 13—14.

1994 310 2083 351 325

254 452 371 488 num
418 438 550 489 haud
600 440 774 506 segnis
827 440 1140 493 Pammenem
1192 442 1420 494 eiusdem
1465 443 1566 495 loci
1607 444 1802 496 exulem
1838 450 1888 497 et
1930 447 2084 499 Chal-

255 527 497 579 daeorum
533 534 640 581 arte
672 531 950 596 famosum,
1015 547 1178 598 eoque
1228 533 1495 585 multorum
1557 535 1790 587 amicitiis
1825 536 2080 603 innexum,

256 618 585 670 similitudine
624 621 858 673 fortunae
899 623 996 673 sibi
1035 623 1289 674 conciliat.
1340 625 1600 677 Ventitare
1638 626 1700 676 ad
1743 641 1855 678 eum
1879 629 2081 680 nuntios

253 713 303 766 et
338 710 734 762 consultationes
768 726 871 762 non
905 714 1090 764 frustra
1128 718 1299 778 ratUS,
1349 715 1495 766 simul
1548 731 1761 767 annuam
1817 719 2082 783 pecuniam

252 816 280 851 a
305 800 476 851 Publio
501 802 687 853 Anteio
725 803 999 854 ministrari
1031 805 1315 870 cognoscit.
1378 806 1553 871 Neque
1594 807 1821 858 nescium
1862 808 2121 864 habebats

250 891 485 943 Anteium
524 893 733 943 caritate
787 894 1100 961 Agrippinae
1153 895 1369 946 invisum
1415 897 1634 961 Neroni,
1687 912 1912 964 opesque
1972 901 2080 951 eius

249 983 548 1048 praecipuas
587 984 650 1034 ad
690 984 989 1035 eliciendam
1030 986 1344 1051 cupidinem,
1401 1001 1610 1052 eamque
1668 1003 1871 1039 causam
1913 990 2079 1041 multis

251 1074 404 1128 exitio
443 1090 573 1126 esse.
647 1076 806 1141 Igitur
859 1076 1149 1141 interceptis
1198 1077 1347 1128 Antei
1399 1077 1616 1142 litteriS,
1679 1079 1870 1130 furatus
1931 1081 2079 1132 etiam

248 1165 449 1236 libellos
502 1165 681 1230 quibus
738 1166 848 1217 dies
895 1167 1132 1232 genitalis
1171 1168 1280 1218 eius
1320 1173 1369 1218 et
1403 1173 1643 1219 eventura
1680 1170 1894 1221 secretis
1933 1172 2081 1222 Pam-

250 1255 409 1306 menis
430 1255 826 1316 occultabantur,
862 1257 1007 1306 simul
1035 1258 1249 1321 repertis
1271 1271 1400 1322 quae
1429 1258 1492 1308 de
1523 1263 1635 1308 ortu
1657 1259 1859 1324 vitaque
1886 1261 2079 1311 Ostorii
2098 1283 2146 1317 ιο

249 1344 496 1410 Scapulae
552 1346 831 1410 composita
873 1351 1044 1410 erant,
1089 1347 1265 1398 scribit
1304 1347 1366 1396 ad
1404 1347 1680 1412 principem
1718 1364 1901 1416 magna
1937 1365 1992 1401 se
2031 1355 2081 1400 et

249 1450 378 1502 quae
418 1436 748 1486 incolumitati
775 1436 882 1487 eius
909 1437 1255 1488 conducerent
1290 1436 1588 1501 adlaturum,
1628 1438 1671 1488 si
1702 1439 1909 1489 brevem
1940 1440 2080 1490 exilii

247 1527 446 1578 veniam
486 1527 882 1592 impetravisset:
937 1527 1118 1593 quippe
1158 1526 1393 1578 Anteium
1434 1532 1483 1578 et
1526 1528 1782 1579 Ostorium
1817 1529 2080 1581 imminere

247 1618 428 1682 rebus,
487 1623 536 1669 et
569 1634 659 1669 sua
698 1619 1035 1684 Caesarisque
1072 1619 1174 1669 sata
1215 1618 1446 1669 scrutari.
1522 1608 1653 1670 Exin
1692 1621 1878 1671 missae
1918 1621 2080 1683 libur-

247 1709 422 1773 nicae,
476 1709 842 1775 advehiturque
889 1724 1106 1775 propere
1156 1709 1417 1762 Sosianus.
1488 1710 1566 1760 Ac
1602 1710 1809 1777 vulgato
1849 1712 1958 1763 eius
1998 1712 2146 1770 in-15

249 1800 385 1852 dicio
442 1800 574 1851 inter
624 1800 890 1851 damnatos
946 1801 1108 1867 magis
1159 1809 1304 1866 quam
1345 1800 1478 1851 inter
1514 1816 1632 1852 reos
1674 1802 1887 1853 Anteius
1926 1803 2083 1855 Osto-

245 1893 452 1958 riusque
490 1891 834 1956 habebantur,
894 1891 1023 1942 adeo
1077 1896 1131 1941 ut
1166 1896 1515 1943 testamentum
1553 1892 1720 1943 Antei‘
1745 1908 1892 1944 nemo
1938 1894 2083 1945 obsi-

335 2082 373 2123 1.
408 2079 683 2122 chaldeorum
714 2078 793 2122 Ma.
876 2081 918 2123 2.
950 2079 1146 2120 innioeum
1178 2076 1257 2130 Ma,
1290 2079 1455 2120 inioeum
1486 2081 1594 2135 (non
1614 2078 1829 2120 Waltheri
1863 2079 2079 2137 innixum)

246 2139 302 2182 G:
337 2139 585 2182 emendavit
618 2139 805 2193 Lipsius.
888 2142 931 2180 4.
966 2138 1298 2179 consultationes
1316 2137 1396 2190 Ma,
1431 2137 1745 2179 consolationes
1775 2137 1861 2179 BG.
1954 2139 2081 2180 simul

245 2213 304 2240 an
337 2200 405 2254 (in
438 2211 590 2240 versus
622 2198 732 2254 fine)
767 2211 958 2238 annuam
990 2195 1068 2238 Ma.
1149 2198 1190 2239 5.
1226 2210 1253 2237 a
1282 2198 1454 2252 panteio
1492 2195 1572 2248 Ma,
1606 2210 1634 2237 a
1666 2196 1700 2237 P
1729 2197 1886 2238 Anteio
1920 2197 1967 2239 G.
2030 2197 2074 2239 8.

245 2259 391 2313 anteqi
422 2258 501 2309 Ma,
533 2259 651 2299 antei
686 2257 734 2298 G.
830 2258 897 2298 11.
932 2257 1110 2298 scribita
1142 2256 1200 2297 acl
1229 2255 1309 2298 Ma.
1402 2258 1467 2300 12.
1501 2256 1806 2298 incolumitatis
1839 2254 1920 2308 Ma,
1952 2257 2079 2298 inco-

245 2317 428 2360 lumitati
463 2316 512 2359 G.
588 2317 656 2359 13.
688 2317 777 2372 inp.
812 2313 891 2357 Ma.
978 2314 1045 2358 14.
1082 2316 1192 2356 exim
1225 2314 1305 2357 Ma.
1403 2316 1470 2357 17.
1509 2316 1628 2356 antei
1648 2313 1763 2367 GM³‚
1800 2327 1888 2356 non
1913 2315 2077 2357 Anteii.

245 2481 506 2539 quadragies
560 2478 807 2521 sestertium
867 2478 1116 2520 obtulerant

244 2549 374 2597 atque
421 2540 645 2582 dederant.
722 2538 769 2579 In
804 2536 868 2579 Ma
900 2538 1114 2591 scriptura

244 2601 377 2643 turbis
418 2600 564 2641 littera
596 2606 611 2640 t
643 2611 697 2640 ex
741 2603 998 2653 antegresso
1041 2597 1117 2638 ob-

245 2660 433 2703 tulerant
465 2659 628 2700 nomini
660 2657 778 2698 urbis
811 2655 1022 2698 adhaesit.

321 2717 424 2774 Cap.
464 2717 530 2760 14.
595 2716 703 2758 Gaio
736 2716 966 2757 Suetonio.-
1002 2713 1118 2770 quod

242 2781 396 2821 iterum
426 2789 514 2818 non
546 2776 735 2817 additum
771 2781 860 2825 est,
901 2774 1003 2815 inde
1037 2774 1119 2814 do-

247 2850 395 2879 cemur
426 2837 680 2878 Suetonium
725 2834 951 2874 Paulinum
991 2846 1120 2886 prae-

248 2903 343 2938 tura
376 2896 571 2937 functum
604 2894 782 2933 missum
816 2905 914 2933 esse
947 2891 999 2932 ad
1020 2890 1122 2931 Bri-

246 2956 420 2998 tanniae
462 2952 879 2995 administrationem
913 2949 1034 3004 [XIV
1066 2949 1122 2992 29

247 3019 382 3070 sqq.).
446 3011 611 3054 Plinius
665 3010 715 3052 N.
762 3010 813 3050 H.
870 3009 903 3050 V
951 3011 971 3050 1
1018 3011 1121 3063 (4):

247 3072 474 3116 Suetonius
506 3070 710 3112 Paulinus
750 3081 869 3122 quem
909 3067 1123 3109 consulem

246 3133 438 3183 vidimus,
468 3131 631 3186 primus
650 3130 939 3170 Romanorum
973 3128 1123 3167 ducum

249 3200 540 3245 transqressus
573 3201 733 3243 quoque
775 3186 992 3228 Atlantem
1034 3184 1121 3224 ali..

249 3258 346 3305 quot
378 3248 539 3290 milium
571 3247 707 3302 spatio
737 3245 932 3302 prodidit·
959 3244 1007 3284 de
1041 3258 1118 3284 ea·-

251 3308 440 3350 celsitate
473 3306 636 3360 quidem
669 3306 756 3346 eius
790 3317 896 3357 quae
932 3302 1078 3343 ceteri.

342 3367 472 3408 Lucio
498 3364 714 3406 Telesino:
744 3362 908 3404 ‘laudat
939 3368 985 3402 ut
1019 3361 1120 3414 phi-

251 3426 483 3479 losophum
517 3430 558 3465 et
591 3423 808 3478 insignem
852 3422 991 3461 virum
1026 3419 1122 3473 plus

251 3499 337 3526 uno
372 3484 469 3525 loco
502 3482 787 3523 Philostratus
828 3479 886 3521 lv
921 3481 1002 3530 40,
1049 3477 1123 3518 Vll

258 3546 332 3596 11,
375 3541 468 3584 Vlll
507 3543 582 3593 12,
619 3539 890 3594 eundemque
924 3537 1125 3580 exulasse

249 3604 319 3645 ‘ea
357 3615 402 3644 re
434 3599 514 3642 sub
528 3599 701 3641 Nerone
722 3597 904 3640 scribit.’
934 3596 1124 3638 Ln‘stus.

253 3659 445 3703 Exilium
480 3659 574 3700 eins
608 3658 649 3699 in
684 3655 864 3711 perditis
894 3651 1127 3696 Annalium

1202 2477 1395 2531 partibus
1453 2478 1659 2519 extremis
1706 2477 1890 2518 relatum
1943 2477 2079 2520 fuisse

1203 2536 1348 2578 credo.
1440 2544 1486 2578 ut
1511 2537 1601 2578 dixi
1617 2550 1630 2576 .-
1650 2536 1737 2578 vid.
1757 2536 1854 2577 XIV
1878 2537 1937 2578 48
1952 2538 2078 2580 et49.

1289 2609 1318 2636 a
1351 2595 1395 2637 P.
1423 2596 1603 2638 Anteio.-
1641 2609 1697 2636 ne
1730 2596 1826 2649 quis
1863 2608 1959 2636 cum
1983 2595 2082 2637 edi-

1202 2654 1322 2696 tione
1335 2655 1533 2709 principe
1553 2661 1595 2696 et
1615 2667 1669 2695 ex
1685 2653 1748 2695 Ma
1765 2668 1793 2695 a
1805 2655 1980 2710 panteio
1998 2667 2081 2696 ve..

1205 2713 1256 2755 lit
1289 2714 1453 2755 elicere
1486 2714 1538 2754 ab
1557 2714 1726 2765 Anteio,
1760 2725 1918 2762 moneo
1939 2715 2079 2755 virum

1205 2772 1435 2825 illustrem,
1466 2786 1581 2814 nunc
1600 2778 1697 2826 post
1719 2786 1921 2828 magnum
1941 2774 2082 2813 inter-

1206 2831 1369 2872 vallum
1406 2831 1524 2886 (XIII
1556 2833 1635 2887 22)
1668 2832 1823 2872 iterum
1865 2843 2082 2872 memora-

1207 2896 1312 2942 tum,
1345 2892 1483 2943 primo
1512 2890 1609 2930 loco
1638 2889 1806 2930 duobus
1834 2890 2082 2931 nominibus

1208 2949 1515 2989 nominandum
1539 2961 1650 2990 esse.
1696 2949 1768 2990 Sic
1788 2949 1932 2989 statim
1956 2949 2081 2989 Osto-

1205 3008 1297 3049 rius
1331 3007 1547 3063 Scapula5
1597 3007 1668 3047 hic
1710 3009 1804 3061 ipse
1855 3007 1968 3047 filius
2016 3013 2083 3048 est

1207 3067 1260 3107 Μ.
1295 3065 1492 3108 Ostorius
1526 3065 1725 3119 Scapula,
1761 3066 1854 3106 eius
1887 3072 2009 3118 pater
2033 3065 2077 3106 P.

1208 3124 1404 3166 Ostorius
1432 3124 1619 3178 Scapula
1644 3125 1686 3164 in
1710 3123 1935 3164 Britannia
1962 3135 2080 3164 mor-

1207 3189 1292 3224 tem
1327 3183 1451 3224 obiit.

1293 3242 1399 3282 adeo
1431 3247 1476 3283 ut
1499 3265 1552 3272 -
1578 3241 1806 3282 eoetitisset:
1842 3238 1947 3279 dicit
1979 3239 2082 3293 quid

1205 3300 1394 3341 futurum
1427 3300 1582 3351 fuerit,
1627 3300 1711 3340 nisi
1754 3297 1995 3352 Tigellinus
2026 3297 2080 3338 ab

1205 3360 1333 3400 Antei
1375 3359 1525 3399 amicis
1557 3357 1748 3398 monitus
1794 3357 2003 3397 suasisset
2034 3362 2081 3395 ut

1208 3424 1509 3459 testamentum
1526 3418 1619 3458 eius
1634 3413 2078 3473 obsignarent.'l'l1e0-

1208 3476 1328 3518 disce
1347 3478 1660 3530 interpretare:
1694 3488 1738 3516 so
1756 3475 1853 3515 dass
1870 3473 2083 3515 Niemand

1210 3535 1287 3577 das
1323 3535 1556 3576 Testament
1600 3534 1670 3575 des
1711 3533 1888 3575 Anteius
1929 3538 2081 3572 unter-

1209 3594 1357 3649 sieqelt
1398 3594 1536 3634 haben
1579 3591 1746 3643 warde,
1793 3604 1917 3632 wenn
1962 3589 2081 3632 nicht

1217 3652 1442 3709 Tigellinus
1475 3650 1582 3693 dazu
1615 3648 1821 3706 qerathen
1855 3648 1983 3691 ltdtte.
