<?xml version="1.0" encoding="UTF-8"?>
<!DOCTYPE html PUBLIC "-//W3C//DTD XHTML 1.0 Transitional//EN"
    "http://www.w3.org/TR/xhtml1/DTD/xhtml1-transitional.dtd">
<html xmlns="http://www.w3.org/1999/xhtml" xml:lang="en" lang="en">
 <head>
  <title>
</title>
<meta http-equiv="Content-Type" content="text/html;charset=utf-8" />
  <meta name='ocr-system' content='tesseract 3.04.00' />
  <meta name='ocr-capabilities' content='ocr_page ocr_carea ocr_par ocr_line ocrx_word'/>
</head>
<body>
  <div class='ocr_page' id='page_1' title='image "./operaadcodicesan01taciuoft_0726.png"; bbox 0 0 2280 4004; ppageno 0'>
   <div class='ocr_carea' id='block_1_1' title="bbox 290 287 2112 338">
    <p class='ocr_par' dir='ltr' id='par_1_1' title="bbox 290 287 2112 338">
     <span class='ocr_line' id='line_1_1' title="bbox 290 287 2112 338; baseline 0.003 -8"><span class='ocrx_word' id='word_1_1' title='bbox 290 289 385 332; x_wconf 71' lang='lat'>276</span> <span class='ocrx_word' id='word_1_2' title='bbox 1053 287 1347 333; x_wconf 80' lang='lat' dir='ltr'><strong>ANNALIVM</strong></span> <span class='ocrx_word' id='word_1_3' title='bbox 1861 303 1902 335; x_wconf 81' lang='lat' dir='ltr'>a.</span> <span class='ocrx_word' id='word_1_4' title='bbox 1933 300 1979 336; x_wconf 70' lang='grc'>11.</span> <span class='ocrx_word' id='word_1_5' title='bbox 2008 292 2112 338; x_wconf 63' lang='grc' dir='ltr'>ΜΤ.</span> 
     </span>
    </p>
   </div>
   <div class='ocr_carea' id='block_1_2' title="bbox 217 429 2190 1587">
    <p class='ocr_par' dir='ltr' id='par_1_2' title="bbox 217 429 2190 1587">
     <span class='ocr_line' id='line_1_2' title="bbox 282 429 2114 498; baseline 0.001 -15"><span class='ocrx_word' id='word_1_6' title='bbox 282 433 579 484; x_wconf 85' lang='lat' dir='ltr'>immensum</span> <span class='ocrx_word' id='word_1_7' title='bbox 626 430 898 495; x_wconf 79' lang='lat' dir='ltr'>aedificiiS,</span> <span class='ocrx_word' id='word_1_8' title='bbox 937 434 992 480; x_wconf 88' lang='lat' dir='ltr'>ut</span> <span class='ocrx_word' id='word_1_9' title='bbox 1030 430 1302 482; x_wconf 83' lang='lat' dir='ltr'>continuae</span> <span class='ocrx_word' id='word_1_10' title='bbox 1340 430 1615 483; x_wconf 88' lang='lat' dir='ltr'>violentiae</span> <span class='ocrx_word' id='word_1_11' title='bbox 1644 443 1853 498; x_wconf 76' lang='lat' dir='ltr'>campus</span> <span class='ocrx_word' id='word_1_12' title='bbox 1877 429 2114 484; x_wconf 58' lang='lat' dir='ltr'>*etweht</span> 
     </span>
     <span class='ocr_line' id='line_1_3' title="bbox 281 521 2113 588; baseline 0 -14"><span class='ocrx_word' id='word_1_13' title='bbox 281 538 496 574; x_wconf 81' lang='lat' dir='ltr'>vacuum</span> <span class='ocrx_word' id='word_1_14' title='bbox 537 521 730 572; x_wconf 91' lang='lat' dir='ltr'>caelum</span> <span class='ocrx_word' id='word_1_15' title='bbox 771 526 1082 573; x_wconf 81' lang='lat' dir='ltr'>occurreret.</span> <span class='ocrx_word' id='word_1_16' title='bbox 1157 521 1383 574; x_wconf 86' lang='lat' dir='ltr'>Necdum</span> <span class='ocrx_word' id='word_1_17' title='bbox 1433 522 1600 588; x_wconf 87' lang='lat' dir='ltr'>posito</span> <span class='ocrx_word' id='word_1_18' title='bbox 1632 521 1946 574; x_wconf 55' lang='lat' dir='ltr'>-metuffoedtt</span> <span class='ocrx_word' id='word_1_19' title='bbox 1978 521 2113 574; x_wconf 77' lang='lat' dir='ltr'>haud</span> 
     </span>
     <span class='ocr_line' id='line_1_4' title="bbox 281 612 2110 681; baseline 0.001 -16"><span class='ocrx_word' id='word_1_20' title='bbox 281 614 443 665; x_wconf 89' lang='lat' dir='ltr'>levius</span> <span class='ocrx_word' id='word_1_21' title='bbox 506 627 704 664; x_wconf 87' lang='lat' dir='ltr'>rursum</span> <span class='ocrx_word' id='word_1_22' title='bbox 730 627 734 630; x_wconf 77' lang='grc'><strong>’</strong></span> <span class='ocrx_word' id='word_1_23' title='bbox 759 616 1024 680; x_wconf 80' lang='lat' dir='ltr'><strong>grassatus</strong></span> <span class='ocrx_word' id='word_1_24' title='bbox 1077 612 1240 680; x_wconf 83' lang='lat' dir='ltr'>igniS,</span> <span class='ocrx_word' id='word_1_25' title='bbox 1302 612 1484 679; x_wconf 85' lang='lat' dir='ltr'>patulis</span> <span class='ocrx_word' id='word_1_26' title='bbox 1535 613 1722 681; x_wconf 75' lang='lat' dir='ltr'>magis·</span> <span class='ocrx_word' id='word_1_27' title='bbox 1751 613 1899 667; x_wconf 76' lang='lat' dir='ltr'>urbis</span> <span class='ocrx_word' id='word_1_28' title='bbox 1938 614 2110 680; x_wconf 67' lang='lat' dir='ltr'>‹lonisg</span> 
     </span>
     <span class='ocr_line' id='line_1_5' title="bbox 281 702 2119 772; baseline 0.003 -19"><span class='ocrx_word' id='word_1_29' title='bbox 281 715 445 767; x_wconf 90' lang='lat' dir='ltr'>eoque</span> <span class='ocrx_word' id='word_1_30' title='bbox 487 706 687 769; x_wconf 84' lang='lat' dir='ltr'>strages</span> <span class='ocrx_word' id='word_1_31' title='bbox 742 702 1036 754; x_wconf 77' lang='lat' dir='ltr'>hominum.</span> <span class='ocrx_word' id='word_1_32' title='bbox 1061 706 1254 768; x_wconf 88' lang='lat' dir='ltr'>minor,</span> <span class='ocrx_word' id='word_1_33' title='bbox 1289 703 1534 754; x_wconf 81' lang='lat' dir='ltr'>delubra·</span> <span class='ocrx_word' id='word_1_34' title='bbox 1581 703 1728 756; x_wconf 89' lang='lat' dir='ltr'>deum</span> <span class='ocrx_word' id='word_1_35' title='bbox 1764 709 1831 756; x_wconf 82' lang='lat' dir='ltr'>-et</span> <span class='ocrx_word' id='word_1_36' title='bbox 1882 706 2119 772; x_wconf 63' lang='lat' dir='ltr'>porticus.</span> 
     </span>
     <span class='ocr_line' id='line_1_6' title="bbox 243 780 2121 861; baseline 0.001 -19"><span class='ocrx_word' id='word_1_37' title='bbox 243 792 576 843; x_wconf 58' lang='lat' dir='ltr'>&amp;amoenitati</span> <span class='ocrx_word' id='word_1_38' title='bbox 621 793 820 845; x_wconf 83' lang='lat' dir='ltr'>dicatae</span> <span class='ocrx_word' id='word_1_39' title='bbox 869 793 1018 845; x_wconf 88' lang='lat' dir='ltr'>latius</span> <span class='ocrx_word' id='word_1_40' title='bbox 1052 780 1341 860; x_wconf 69' lang='lat' dir='ltr'>procidere.</span> <span class='ocrx_word' id='word_1_41' title='bbox 1415 794 1631 861; x_wconf 88' lang='lat' dir='ltr'>Plusque</span> <span class='ocrx_word' id='word_1_42' title='bbox 1656 795 2121 848; x_wconf 33' lang='lat' dir='ltr'>finfamiaewidwim.</span> 
     </span>
     <span class='ocr_line' id='line_1_7' title="bbox 283 883 2111 955; baseline 0.003 -20"><span class='ocrx_word' id='word_1_43' title='bbox 283 884 517 935; x_wconf 87' lang='lat' dir='ltr'>cendium</span> <span class='ocrx_word' id='word_1_44' title='bbox 555 883 744 949; x_wconf 86' lang='lat' dir='ltr'>habuit,</span> <span class='ocrx_word' id='word_1_45' title='bbox 788 885 903 951; x_wconf 89' lang='lat' dir='ltr'>quia</span> <span class='ocrx_word' id='word_1_46' title='bbox 938 885 1162 951; x_wconf 89' lang='lat' dir='ltr'>praediis</span> <span class='ocrx_word' id='word_1_47' title='bbox 1193 885 1428 953; x_wconf 84' lang='lat' dir='ltr'>Tigellini</span> <span class='ocrx_word' id='word_1_48' title='bbox 1450 886 1751 939; x_wconf 73' lang='lat' dir='ltr'>Aemilianis</span> <span class='ocrx_word' id='word_1_49' title='bbox 1782 893 2111 955; x_wconf 49' lang='lat' dir='ltr'>prorupmtg</span> 
     </span>
     <span class='ocr_line' id='line_1_8' title="bbox 278 975 2110 1045; baseline 0.003 -19"><span class='ocrx_word' id='word_1_50' title='bbox 278 975 646 1042; x_wconf 88' lang='lat' dir='ltr'>videbaturque</span> <span class='ocrx_word' id='word_1_51' title='bbox 697 975 833 1026; x_wconf 89' lang='lat' dir='ltr'>Nero</span> <span class='ocrx_word' id='word_1_52' title='bbox 889 975 1190 1027; x_wconf 77' lang='lat' dir='ltr'>condendae</span> <span class='ocrx_word' id='word_1_53' title='bbox 1246 975 1386 1026; x_wconf 92' lang='lat' dir='ltr'>urbis</span> <span class='ocrx_word' id='word_1_54' title='bbox 1443 989 1609 1027; x_wconf 77' lang='lat' dir='ltr'>novae</span> <span class='ocrx_word' id='word_1_55' title='bbox 1667 980 2110 1045; x_wconf 66' lang='lat' dir='ltr'>et=-2cognomento</span> 
     </span>
     <span class='ocr_line' id='line_1_9' title="bbox 279 1065 2119 1136; baseline -0.001 -18"><span class='ocrx_word' id='word_1_56' title='bbox 279 1081 372 1118; x_wconf 93' lang='lat' dir='ltr'>suo</span> <span class='ocrx_word' id='word_1_57' title='bbox 412 1065 743 1132; x_wconf 87' lang='lat' dir='ltr'>appellandae</span> <span class='ocrx_word' id='word_1_58' title='bbox 776 1066 992 1133; x_wconf 82' lang='lat' dir='ltr'>gloriam</span> <span class='ocrx_word' id='word_1_59' title='bbox 1032 1066 1294 1133; x_wconf 77' lang='lat' dir='ltr'>quaerere.</span> <span class='ocrx_word' id='word_1_60' title='bbox 1372 1066 1569 1133; x_wconf 86' lang='lat' dir='ltr'>Quippe·</span> <span class='ocrx_word' id='word_1_61' title='bbox 1601 1067 1934 1136; x_wconf 77' lang='lat' dir='ltr'>in--regiones</span> <span class='ocrx_word' id='word_1_62' title='bbox 1960 1073 2119 1136; x_wconf 54' lang='lat' dir='ltr'>mat-2</span> 
     </span>
     <span class='ocr_line' id='line_1_10' title="bbox 277 1158 2108 1226; baseline 0.002 -17"><span class='ocrx_word' id='word_1_63' title='bbox 277 1158 561 1210; x_wconf 85' lang='lat' dir='ltr'>tuordecim</span> <span class='ocrx_word' id='word_1_64' title='bbox 585 1161 742 1212; x_wconf 89' lang='lat' dir='ltr'>Roma</span> <span class='ocrx_word' id='word_1_65' title='bbox 771 1158 1027 1223; x_wconf 90' lang='lat' dir='ltr'>dividitur,</span> <span class='ocrx_word' id='word_1_66' title='bbox 1067 1173 1275 1225; x_wconf 86' lang='lat' dir='ltr'>quarum</span> <span class='ocrx_word' id='word_1_67' title='bbox 1303 1163 1538 1224; x_wconf 87' lang='lat' dir='ltr'>quattuor</span> <span class='ocrx_word' id='word_1_68' title='bbox 1562 1158 1803 1226; x_wconf 74' lang='lat' dir='ltr'>integrae</span> <span class='ocrx_word' id='word_1_69' title='bbox 1820 1159 2108 1225; x_wconf 51' lang='lat' dir='ltr'>manebunt,</span> 
     </span>
     <span class='ocr_line' id='line_1_11' title="bbox 217 1248 2107 1317; baseline 0.002 -16"><span class='ocrx_word' id='word_1_70' title='bbox 217 1254 383 1303; x_wconf 79' lang='lat' dir='ltr'>iotres</span> <span class='ocrx_word' id='word_1_71' title='bbox 437 1249 549 1300; x_wconf 91' lang='lat' dir='ltr'>solo</span> <span class='ocrx_word' id='word_1_72' title='bbox 613 1254 759 1300; x_wconf 88' lang='lat' dir='ltr'>tenus</span> <span class='ocrx_word' id='word_1_73' title='bbox 817 1248 1074 1300; x_wconf 89' lang='lat' dir='ltr'>deiectae:</span> <span class='ocrx_word' id='word_1_74' title='bbox 1140 1256 1330 1316; x_wconf 87' lang='lat' dir='ltr'>septem</span> <span class='ocrx_word' id='word_1_75' title='bbox 1383 1251 1592 1317; x_wconf 87' lang='lat' dir='ltr'>reliquis</span> <span class='ocrx_word' id='word_1_76' title='bbox 1649 1266 1834 1317; x_wconf 78' lang='lat' dir='ltr'>pauca·</span> <span class='ocrx_word' id='word_1_77' title='bbox 1860 1256 2107 1305; x_wconf 68' lang='lat' dir='ltr'>teotonem</span> 
     </span>
     <span class='ocr_line' id='line_1_12' title="bbox 277 1333 2190 1408; baseline 0.003 -16"><span class='ocrx_word' id='word_1_78' title='bbox 277 1340 496 1408; x_wconf 87' lang='lat' dir='ltr'>vestigia</span> <span class='ocrx_word' id='word_1_79' title='bbox 527 1333 842 1406; x_wconf 83' lang='lat' dir='ltr'>supererant,</span> <span class='ocrx_word' id='word_1_80' title='bbox 874 1339 1046 1391; x_wconf 90' lang='lat' dir='ltr'>lacera</span> <span class='ocrx_word' id='word_1_81' title='bbox 1085 1345 1134 1392; x_wconf 84' lang='lat' dir='ltr'>et</span> <span class='ocrx_word' id='word_1_82' title='bbox 1160 1347 1397 1393; x_wconf 89' lang='lat' dir='ltr'>semusta.</span> <span class='ocrx_word' id='word_1_83' title='bbox 1471 1342 1730 1393; x_wconf 34' lang='lat' dir='ltr'>Domuum*</span> <span class='ocrx_word' id='word_1_84' title='bbox 1754 1341 2108 1396; x_wconf 66' lang='lat' dir='ltr'>et=³insularum</span> <span class='ocrx_word' id='word_1_85' title='bbox 2124 1347 2190 1397; x_wconf 86' lang='grc'>41</span> 
     </span>
     <span class='ocr_line' id='line_1_13' title="bbox 400 1469 2113 1528; baseline 0.001 -14"><span class='ocrx_word' id='word_1_86' title='bbox 400 1474 438 1514; x_wconf 90' lang='grc'>1.</span> <span class='ocrx_word' id='word_1_87' title='bbox 472 1472 574 1513; x_wconf 89' lang='lat' dir='ltr'>inm.</span> <span class='ocrx_word' id='word_1_88' title='bbox 620 1469 698 1512; x_wconf 73' lang='lat' dir='ltr'>Ma.</span> <span class='ocrx_word' id='word_1_89' title='bbox 794 1471 895 1526; x_wconf 80' lang='lat' dir='ltr'>edif.</span> <span class='ocrx_word' id='word_1_90' title='bbox 929 1469 1010 1513; x_wconf 64' lang='grc' dir='ltr'>ΜΠ,</span> <span class='ocrx_word' id='word_1_91' title='bbox 1086 1471 1215 1513; x_wconf 90' lang='lat' dir='ltr'>uelud</span> <span class='ocrx_word' id='word_1_92' title='bbox 1244 1471 1324 1514; x_wconf 69' lang='lat' dir='ltr'>Ma.</span> <span class='ocrx_word' id='word_1_93' title='bbox 1409 1475 1450 1517; x_wconf 87' lang='lat'>2.</span> <span class='ocrx_word' id='word_1_94' title='bbox 1484 1473 1663 1514; x_wconf 80' lang='lat' dir='ltr'>necdum</span> <span class='ocrx_word' id='word_1_95' title='bbox 1688 1474 1828 1528; x_wconf 79' lang='lat' dir='ltr'>posito</span> <span class='ocrx_word' id='word_1_96' title='bbox 1859 1479 1971 1516; x_wconf 83' lang='lat' dir='ltr'>metu</span> <span class='ocrx_word' id='word_1_97' title='bbox 1999 1473 2113 1518; x_wconf 82' lang='lat' dir='ltr'>redit</span> 
     </span>
     <span class='ocr_line' id='line_1_14' title="bbox 278 1529 2112 1587; baseline 0.001 -13"><span class='ocrx_word' id='word_1_98' title='bbox 278 1533 395 1574; x_wconf 81' lang='lat' dir='ltr'>haud</span> <span class='ocrx_word' id='word_1_99' title='bbox 414 1532 546 1573; x_wconf 81' lang='lat' dir='ltr'>levius</span> <span class='ocrx_word' id='word_1_100' title='bbox 579 1530 741 1572; x_wconf 79' lang='lat' dir='ltr'>editor:</span> <span class='ocrx_word' id='word_1_101' title='bbox 771 1529 836 1571; x_wconf 71' lang='lat' dir='ltr'>Ma</span> <span class='ocrx_word' id='word_1_102' title='bbox 866 1531 1047 1572; x_wconf 80' lang='lat' dir='ltr'>necdum</span> <span class='ocrx_word' id='word_1_103' title='bbox 1075 1539 1170 1587; x_wconf 81' lang='lat' dir='ltr'>post</span> <span class='ocrx_word' id='word_1_104' title='bbox 1201 1540 1333 1574; x_wconf 87' lang='lat' dir='ltr'>metus</span> <span class='ocrx_word' id='word_1_105' title='bbox 1365 1539 1440 1573; x_wconf 88' lang='lat' dir='ltr'>aut</span> <span class='ocrx_word' id='word_1_106' title='bbox 1470 1532 1663 1574; x_wconf 80' lang='lat' dir='ltr'>rediebat</span> <span class='ocrx_word' id='word_1_107' title='bbox 1694 1532 1825 1586; x_wconf 66' lang='lat' dir='ltr'>lebis,</span> <span class='ocrx_word' id='word_1_108' title='bbox 1846 1531 2112 1576; x_wconf 54' lang='lat' dir='ltr'>Gema-m</span> 
     </span>
    </p>
   </div>
   <div class='ocr_carea' id='block_1_3' title="bbox 273 1589 2111 1707">
    <p class='ocr_par' dir='ltr' id='par_1_3' title="bbox 273 1589 2111 1707">
     <span class='ocr_line' id='line_1_15' title="bbox 273 1589 2109 1648; baseline 0.002 -15"><span class='ocrx_word' id='word_1_109' title='bbox 273 1599 371 1648; x_wconf 81' lang='lat' dir='ltr'>post</span> <span class='ocrx_word' id='word_1_110' title='bbox 407 1597 539 1632; x_wconf 87' lang='lat' dir='ltr'>metus</span> <span class='ocrx_word' id='word_1_111' title='bbox 579 1597 654 1632; x_wconf 84' lang='lat' dir='ltr'>aut</span> <span class='ocrx_word' id='word_1_112' title='bbox 694 1589 908 1631; x_wconf 84' lang='lat' dir='ltr'>residebat</span> <span class='ocrx_word' id='word_1_113' title='bbox 940 1590 1071 1632; x_wconf 86' lang='lat' dir='ltr'>leuis:</span> <span class='ocrx_word' id='word_1_114' title='bbox 1117 1606 1198 1633; x_wconf 88' lang='lat' dir='ltr'>nec</span> <span class='ocrx_word' id='word_1_115' title='bbox 1239 1593 1336 1633; x_wconf 86' lang='lat' dir='ltr'>dum</span> <span class='ocrx_word' id='word_1_116' title='bbox 1376 1593 1513 1647; x_wconf 82' lang='lat' dir='ltr'>posito</span> <span class='ocrx_word' id='word_1_117' title='bbox 1548 1599 1660 1633; x_wconf 89' lang='lat' dir='ltr'>metu</span> <span class='ocrx_word' id='word_1_118' title='bbox 1691 1593 1798 1634; x_wconf 85' lang='lat' dir='ltr'>satis</span> <span class='ocrx_word' id='word_1_119' title='bbox 1828 1592 2109 1643; x_wconf 71' lang='lat' dir='ltr'>credebatur.-</span> 
     </span>
     <span class='ocr_line' id='line_1_16' title="bbox 278 1649 2111 1707; baseline 0.002 -15"><span class='ocrx_word' id='word_1_120' title='bbox 278 1665 403 1707; x_wconf 76' lang='lat' dir='ltr'>quum</span> <span class='ocrx_word' id='word_1_121' title='bbox 435 1650 568 1702; x_wconf 87' lang='lat' dir='ltr'>leuis,</span> <span class='ocrx_word' id='word_1_122' title='bbox 621 1649 824 1704; x_wconf 87' lang='lat' dir='ltr'>idemque</span> <span class='ocrx_word' id='word_1_123' title='bbox 857 1650 974 1691; x_wconf 84' lang='lat' dir='ltr'>Harl.</span> <span class='ocrx_word' id='word_1_124' title='bbox 1006 1650 1116 1703; x_wconf 81' lang='lat' dir='ltr'>les.‚</span> <span class='ocrx_word' id='word_1_125' title='bbox 1150 1652 1440 1704; x_wconf 87' lang='lat' dir='ltr'>posteriorem</span> <span class='ocrx_word' id='word_1_126' title='bbox 1474 1651 1711 1693; x_wconf 86' lang='lat' dir='ltr'>lectionem</span> <span class='ocrx_word' id='word_1_127' title='bbox 1746 1651 1872 1694; x_wconf 88' lang='lat' dir='ltr'>Bodl.</span> <span class='ocrx_word' id='word_1_128' title='bbox 1964 1657 2008 1696; x_wconf 82' lang='lat'>4.</span> <span class='ocrx_word' id='word_1_129' title='bbox 2043 1652 2111 1695; x_wconf 82' lang='lat' dir='ltr'>dm</span> 
     </span>
    </p>
   </div>
   <div class='ocr_carea' id='block_1_4' title="bbox 1715 1711 2110 1816">
    <p class='ocr_par' dir='ltr' id='par_1_4' title="bbox 1715 1711 2110 1816">
     <span class='ocr_line' id='line_1_17' title="bbox 1818 1711 2110 1755; baseline 0.007 -2"><span class='ocrx_word' id='word_1_130' title='bbox 1818 1711 1859 1754; x_wconf 87' lang='lat'>7.</span> <span class='ocrx_word' id='word_1_131' title='bbox 1893 1712 2110 1755; x_wconf 73' lang='lat' dir='ltr'>vendende</span> 
     </span>
     <span class='ocr_line' id='line_1_18' title="bbox 1715 1770 1942 1816; baseline 0.022 -5"><span class='ocrx_word' id='word_1_132' title='bbox 1715 1770 1842 1814; x_wconf 70' lang='lat' dir='ltr'>dontii</span> <span class='ocrx_word' id='word_1_133' title='bbox 1860 1770 1942 1816; x_wconf 76' lang='lat' dir='ltr'>Ma.</span> 
     </span>
    </p>
   </div>
   <div class='ocr_carea' id='block_1_5' title="bbox 276 1708 1691 1824">
    <p class='ocr_par' dir='ltr' id='par_1_5' title="bbox 276 1708 1691 1824">
     <span class='ocr_line' id='line_1_19' title="bbox 278 1708 1691 1766; baseline 0.001 -14"><span class='ocrx_word' id='word_1_134' title='bbox 278 1723 374 1752; x_wconf 88' lang='lat' dir='ltr'>cum</span> <span class='ocrx_word' id='word_1_135' title='bbox 408 1710 485 1752; x_wconf 89' lang='lat' dir='ltr'>lin.</span> <span class='ocrx_word' id='word_1_136' title='bbox 522 1708 602 1751; x_wconf 72' lang='lat' dir='ltr'>Ma.</span> <span class='ocrx_word' id='word_1_137' title='bbox 715 1710 756 1751; x_wconf 85' lang='lat'>5.</span> <span class='ocrx_word' id='word_1_138' title='bbox 791 1709 939 1751; x_wconf 86' lang='lat' dir='ltr'>dicata</span> <span class='ocrx_word' id='word_1_139' title='bbox 971 1710 1121 1751; x_wconf 85' lang='lat' dir='ltr'>elatius</span> <span class='ocrx_word' id='word_1_140' title='bbox 1153 1709 1234 1754; x_wconf 69' lang='lat' dir='ltr'>Ma.</span> <span class='ocrx_word' id='word_1_141' title='bbox 1327 1711 1369 1753; x_wconf 86' lang='lat'>6.</span> <span class='ocrx_word' id='word_1_142' title='bbox 1405 1710 1581 1766; x_wconf 73' lang='lat' dir='ltr'>tiqillini</span> <span class='ocrx_word' id='word_1_143' title='bbox 1613 1710 1691 1754; x_wconf 67' lang='lat' dir='ltr'>Ma.</span> 
     </span>
     <span class='ocr_line' id='line_1_20' title="bbox 276 1767 1642 1824; baseline 0.001 -12"><span class='ocrx_word' id='word_1_144' title='bbox 276 1769 357 1813; x_wconf 74' lang='lat' dir='ltr'>Ma.</span> <span class='ocrx_word' id='word_1_145' title='bbox 452 1770 493 1814; x_wconf 89' lang='lat'>9.</span> <span class='ocrx_word' id='word_1_146' title='bbox 519 1782 695 1824; x_wconf 85' lang='lat' dir='ltr'>quorum</span> <span class='ocrx_word' id='word_1_147' title='bbox 724 1767 806 1810; x_wconf 67' lang='lat' dir='ltr'>Ma.</span> <span class='ocrx_word' id='word_1_148' title='bbox 923 1771 990 1812; x_wconf 89' lang='lat'>11.</span> <span class='ocrx_word' id='word_1_149' title='bbox 1027 1777 1212 1812; x_wconf 86' lang='lat' dir='ltr'>semusta</span> <span class='ocrx_word' id='word_1_150' title='bbox 1248 1769 1329 1823; x_wconf 69' lang='lat' dir='ltr'>Ma,</span> <span class='ocrx_word' id='word_1_151' title='bbox 1361 1772 1561 1813; x_wconf 81' lang='lat' dir='ltr'>semiusta</span> <span class='ocrx_word' id='word_1_152' title='bbox 1594 1771 1642 1813; x_wconf 90' lang='lat' dir='ltr'>G.</span> 
     </span>
    </p>
   </div>
   <div class='ocr_carea' id='block_1_6' title="bbox 1237 1885 2110 2121">
    <p class='ocr_par' dir='ltr' id='par_1_6' title="bbox 1237 1885 2110 2121">
     <span class='ocr_line' id='line_1_21' title="bbox 1237 1885 2109 1942; baseline 0.002 -15"><span class='ocrx_word' id='word_1_153' title='bbox 1237 1887 1328 1928; x_wconf 85' lang='lat' dir='ltr'>vius</span> <span class='ocrx_word' id='word_1_154' title='bbox 1384 1893 1628 1942; x_wconf 74' lang='lat' dir='ltr'>yrassalum</span> <span class='ocrx_word' id='word_1_155' title='bbox 1670 1899 1783 1939; x_wconf 85' lang='lat' dir='ltr'>esse,</span> <span class='ocrx_word' id='word_1_156' title='bbox 1837 1885 1882 1931; x_wconf 84' lang='lat' dir='ltr'>id</span> <span class='ocrx_word' id='word_1_157' title='bbox 1913 1899 1969 1937; x_wconf 74' lang='lat' dir='ltr'>ex</span> <span class='ocrx_word' id='word_1_158' title='bbox 1999 1886 2109 1930; x_wconf 81' lang='lat' dir='ltr'>suh-</span> 
     </span>
     <span class='ocr_line' id='line_1_22' title="bbox 1237 1937 2109 2015; baseline -0.003 -28"><span class='ocrx_word' id='word_1_159' title='bbox 1237 1947 1365 1987; x_wconf 86' lang='lat' dir='ltr'>iectis</span> <span class='ocrx_word' id='word_1_160' title='bbox 1416 1951 1610 2015; x_wconf 35' lang='lat' dir='ltr'>appaiffet</span> <span class='ocrx_word' id='word_1_161' title='bbox 1701 1945 1808 1988; x_wconf 88' lang='lat' dir='ltr'>Nam</span> <span class='ocrx_word' id='word_1_162' title='bbox 1854 1948 1892 1988; x_wconf 90' lang='lat' dir='ltr'>si</span> <span class='ocrx_word' id='word_1_163' title='bbox 1938 1937 1982 1988; x_wconf 88' lang='lat' dir='ltr'>in</span> <span class='ocrx_word' id='word_1_164' title='bbox 2032 1959 2109 1989; x_wconf 69' lang='lat' dir='ltr'>se..</span> 
     </span>
     <span class='ocr_line' id='line_1_23' title="bbox 1238 2005 2108 2061; baseline 0.003 -15"><span class='ocrx_word' id='word_1_165' title='bbox 1238 2005 1379 2046; x_wconf 88' lang='lat' dir='ltr'>cunda</span> <span class='ocrx_word' id='word_1_166' title='bbox 1418 2007 1585 2061; x_wconf 87' lang='lat' dir='ltr'>ignium</span> <span class='ocrx_word' id='word_1_167' title='bbox 1625 2005 1669 2046; x_wconf 89' lang='lat' dir='ltr'>vi</span> <span class='ocrx_word' id='word_1_168' title='bbox 1713 2006 1854 2046; x_wconf 91' lang='lat' dir='ltr'>minor</span> <span class='ocrx_word' id='word_1_169' title='bbox 1885 2005 2108 2048; x_wconf 88' lang='lat' dir='ltr'>hominum</span> 
     </span>
     <span class='ocr_line' id='line_1_24' title="bbox 1237 2063 2110 2121; baseline 0.001 -16"><span class='ocrx_word' id='word_1_170' title='bbox 1237 2071 1407 2121; x_wconf 86' lang='lat' dir='ltr'>strages</span> <span class='ocrx_word' id='word_1_171' title='bbox 1448 2065 1632 2118; x_wconf 84' lang='lat' dir='ltr'>accidit,</span> <span class='ocrx_word' id='word_1_172' title='bbox 1683 2063 1871 2107; x_wconf 77' lang='lat' dir='ltr'>delubra</span> <span class='ocrx_word' id='word_1_173' title='bbox 1907 2064 2035 2108; x_wconf 85' lang='lat' dir='ltr'>deum</span> <span class='ocrx_word' id='word_1_174' title='bbox 2065 2071 2110 2107; x_wconf 77' lang='lat' dir='ltr'>et</span> 
     </span>
    </p>
   </div>
   <div class='ocr_carea' id='block_1_7' title="bbox 276 1883 1155 2118">
    <p class='ocr_par' dir='ltr' id='par_1_7' title="bbox 276 1883 1155 2118">
     <span class='ocr_line' id='line_1_25' title="bbox 279 1883 1153 1941; baseline -0.007 -12"><span class='ocrx_word' id='word_1_175' title='bbox 279 1885 364 1930; x_wconf 86' lang='lat' dir='ltr'>Sed</span> <span class='ocrx_word' id='word_1_176' title='bbox 406 1883 509 1926; x_wconf 86' lang='lat' dir='ltr'>huic</span> <span class='ocrx_word' id='word_1_177' title='bbox 552 1883 838 1939; x_wconf 84' lang='lat' dir='ltr'>explicationi</span> <span class='ocrx_word' id='word_1_178' title='bbox 871 1886 1024 1941; x_wconf 92' lang='lat' dir='ltr'>utique</span> <span class='ocrx_word' id='word_1_179' title='bbox 1073 1886 1153 1927; x_wconf 87' lang='lat' dir='ltr'>ad-</span> 
     </span>
     <span class='ocr_line' id='line_1_26' title="bbox 276 1944 1153 2000; baseline 0 -13"><span class='ocrx_word' id='word_1_180' title='bbox 276 1951 477 1987; x_wconf 85' lang='lat' dir='ltr'>versatur</span> <span class='ocrx_word' id='word_1_181' title='bbox 525 1944 641 2000; x_wconf 90' lang='lat' dir='ltr'>quod</span> <span class='ocrx_word' id='word_1_182' title='bbox 682 1945 920 1998; x_wconf 84' lang='lat' dir='ltr'>prudenter</span> <span class='ocrx_word' id='word_1_183' title='bbox 961 1945 1153 1987; x_wconf 87' lang='lat' dir='ltr'>additum</span> 
     </span>
     <span class='ocr_line' id='line_1_27' title="bbox 279 2004 1154 2060; baseline -0.002 -13"><span class='ocrx_word' id='word_1_184' title='bbox 279 2011 347 2047; x_wconf 81' lang='lat' dir='ltr'>est</span> <span class='ocrx_word' id='word_1_185' title='bbox 386 2019 465 2060; x_wconf 81' lang='lat' dir='ltr'>per</span> <span class='ocrx_word' id='word_1_186' title='bbox 505 2005 767 2046; x_wconf 84' lang='lat' dir='ltr'>immensum.</span> <span class='ocrx_word' id='word_1_187' title='bbox 845 2004 952 2046; x_wconf 89' lang='lat' dir='ltr'>Nam</span> <span class='ocrx_word' id='word_1_188' title='bbox 994 2006 1038 2046; x_wconf 93' lang='lat' dir='ltr'>in</span> <span class='ocrx_word' id='word_1_189' title='bbox 1082 2006 1154 2046; x_wconf 91' lang='lat' dir='ltr'>in-</span> 
     </span>
     <span class='ocr_line' id='line_1_28' title="bbox 281 2064 1155 2118; baseline 0 -12"><span class='ocrx_word' id='word_1_190' title='bbox 281 2064 448 2106; x_wconf 88' lang='lat' dir='ltr'>cendiis</span> <span class='ocrx_word' id='word_1_191' title='bbox 496 2076 635 2118; x_wconf 87' lang='lat' dir='ltr'>pauca</span> <span class='ocrx_word' id='word_1_192' title='bbox 687 2064 906 2106; x_wconf 88' lang='lat' dir='ltr'>interdum</span> <span class='ocrx_word' id='word_1_193' title='bbox 953 2065 1155 2106; x_wconf 86' lang='lat' dir='ltr'>aedificia</span> 
     </span>
    </p>
   </div>
   <div class='ocr_carea' id='block_1_8' title="bbox 274 2123 1155 3722">
    <p class='ocr_par' dir='ltr' id='par_1_8' title="bbox 274 2123 1155 3722">
     <span class='ocr_line' id='line_1_29' title="bbox 278 2123 1154 2180; baseline 0 -15"><span class='ocrx_word' id='word_1_194' title='bbox 278 2129 537 2178; x_wconf 81' lang='lat' dir='ltr'>rumpuntur</span> <span class='ocrx_word' id='word_1_195' title='bbox 587 2123 641 2164; x_wconf 87' lang='lat' dir='ltr'>ad</span> <span class='ocrx_word' id='word_1_196' title='bbox 698 2123 982 2166; x_wconf 83' lang='lat' dir='ltr'>inhibendam</span> <span class='ocrx_word' id='word_1_197' title='bbox 1037 2125 1154 2180; x_wconf 87' lang='lat' dir='ltr'>ignis</span> 
     </span>
     <span class='ocr_line' id='line_1_30' title="bbox 279 2179 1154 2238; baseline 0.001 -14"><span class='ocrx_word' id='word_1_198' title='bbox 279 2184 554 2235; x_wconf 86' lang='lat' dir='ltr'>violentiam,</span> <span class='ocrx_word' id='word_1_199' title='bbox 578 2179 798 2238; x_wconf 87' lang='lat' dir='ltr'>nunquam</span> <span class='ocrx_word' id='word_1_200' title='bbox 830 2195 936 2225; x_wconf 90' lang='lat' dir='ltr'>vero</span> <span class='ocrx_word' id='word_1_201' title='bbox 960 2196 1038 2237; x_wconf 92' lang='lat' dir='ltr'>per</span> <span class='ocrx_word' id='word_1_202' title='bbox 1068 2186 1154 2225; x_wconf 91' lang='lat' dir='ltr'>im-</span> 
     </span>
     <span class='ocr_line' id='line_1_31' title="bbox 278 2242 966 2285; baseline 0 0"><span class='ocrx_word' id='word_1_203' title='bbox 278 2256 476 2285; x_wconf 90' lang='lat' dir='ltr'>mensum</span> <span class='ocrx_word' id='word_1_204' title='bbox 509 2242 641 2284; x_wconf 85' lang='lat' dir='ltr'>aedes</span> <span class='ocrx_word' id='word_1_205' title='bbox 674 2243 966 2285; x_wconf 82' lang='lat' dir='ltr'>destruuntur.</span> 
     </span>
     <span class='ocr_line' id='line_1_32' title="bbox 367 2302 1155 2357; baseline 0 -13"><span class='ocrx_word' id='word_1_206' title='bbox 367 2303 546 2344; x_wconf 81' lang='lat' dir='ltr'>necdum</span> <span class='ocrx_word' id='word_1_207' title='bbox 573 2303 710 2357; x_wconf 83' lang='lat' dir='ltr'>posito</span> <span class='ocrx_word' id='word_1_208' title='bbox 752 2310 865 2344; x_wconf 88' lang='lat' dir='ltr'>metu</span> <span class='ocrx_word' id='word_1_209' title='bbox 894 2302 1007 2344; x_wconf 87' lang='lat' dir='ltr'>redit</span> <span class='ocrx_word' id='word_1_210' title='bbox 1038 2302 1155 2344; x_wconf 78' lang='lat' dir='ltr'>haud</span> 
     </span>
     <span class='ocr_line' id='line_1_33' title="bbox 281 2361 1151 2417; baseline -0.001 -14"><span class='ocrx_word' id='word_1_211' title='bbox 281 2361 413 2403; x_wconf 81' lang='lat' dir='ltr'>levius</span> <span class='ocrx_word' id='word_1_212' title='bbox 441 2376 611 2403; x_wconf 83' lang='lat' dir='ltr'>rursum</span> <span class='ocrx_word' id='word_1_213' title='bbox 629 2370 851 2417; x_wconf 64' lang='lat' dir='ltr'>grassatus</span> <span class='ocrx_word' id='word_1_214' title='bbox 881 2363 1018 2417; x_wconf 66' lang='lat' dir='ltr'>ignis:</span> <span class='ocrx_word' id='word_1_215' title='bbox 1053 2362 1151 2404; x_wconf 89' lang='lat' dir='ltr'>libri</span> 
     </span>
     <span class='ocr_line' id='line_1_34' title="bbox 280 2421 1154 2477; baseline 0 -14"><span class='ocrx_word' id='word_1_216' title='bbox 280 2421 467 2464; x_wconf 87' lang='lat' dir='ltr'>Medicei</span> <span class='ocrx_word' id='word_1_217' title='bbox 490 2423 704 2475; x_wconf 85' lang='lat' dir='ltr'>scriptura</span> <span class='ocrx_word' id='word_1_218' title='bbox 730 2423 909 2463; x_wconf 84' lang='lat' dir='ltr'>necdum</span> <span class='ocrx_word' id='word_1_219' title='bbox 936 2429 1032 2477; x_wconf 81' lang='lat' dir='ltr'>post</span> <span class='ocrx_word' id='word_1_220' title='bbox 1061 2436 1154 2463; x_wconf 88' lang='lat' dir='ltr'>me-</span> 
     </span>
     <span class='ocr_line' id='line_1_35' title="bbox 281 2481 1154 2536; baseline 0 -13"><span class='ocrx_word' id='word_1_221' title='bbox 281 2488 346 2523; x_wconf 84' lang='lat' dir='ltr'>tus</span> <span class='ocrx_word' id='word_1_222' title='bbox 370 2488 443 2523; x_wconf 89' lang='lat' dir='ltr'>aut</span> <span class='ocrx_word' id='word_1_223' title='bbox 473 2481 666 2522; x_wconf 80' lang='lat' dir='ltr'>rediebat</span> <span class='ocrx_word' id='word_1_224' title='bbox 697 2481 800 2523; x_wconf 83' lang='lat' dir='ltr'>lehis</span> <span class='ocrx_word' id='word_1_225' title='bbox 823 2495 994 2523; x_wconf 89' lang='lat' dir='ltr'>rursum</span> <span class='ocrx_word' id='word_1_226' title='bbox 1023 2495 1154 2536; x_wconf 76' lang='lat' dir='ltr'>qras-</span> 
     </span>
     <span class='ocr_line' id='line_1_36' title="bbox 280 2541 1151 2596; baseline 0 -14"><span class='ocrx_word' id='word_1_227' title='bbox 280 2547 398 2582; x_wconf 88' lang='lat' dir='ltr'>satus</span> <span class='ocrx_word' id='word_1_228' title='bbox 429 2542 543 2596; x_wconf 61' lang='lat' dir='ltr'>ignis</span> <span class='ocrx_word' id='word_1_229' title='bbox 585 2554 663 2595; x_wconf 90' lang='lat' dir='ltr'>pro</span> <span class='ocrx_word' id='word_1_230' title='bbox 707 2541 991 2582; x_wconf 85' lang='lat' dir='ltr'>fundamento</span> <span class='ocrx_word' id='word_1_231' title='bbox 1032 2554 1151 2593; x_wconf 91' lang='lat' dir='ltr'>usus,</span> 
     </span>
     <span class='ocr_line' id='line_1_37' title="bbox 282 2599 1151 2655; baseline 0 -15"><span class='ocrx_word' id='word_1_232' title='bbox 282 2613 333 2641; x_wconf 88' lang='lat' dir='ltr'>ac</span> <span class='ocrx_word' id='word_1_233' title='bbox 350 2607 580 2654; x_wconf 86' lang='lat' dir='ltr'>praeterea</span> <span class='ocrx_word' id='word_1_234' title='bbox 596 2599 733 2655; x_wconf 83' lang='lat' dir='ltr'>posito</span> <span class='ocrx_word' id='word_1_235' title='bbox 758 2608 870 2641; x_wconf 84' lang='lat' dir='ltr'>metu</span> <span class='ocrx_word' id='word_1_236' title='bbox 891 2613 967 2653; x_wconf 93' lang='lat' dir='ltr'>pro</span> <span class='ocrx_word' id='word_1_237' title='bbox 991 2601 1151 2641; x_wconf 85' lang='lat' dir='ltr'>vitioso</span> 
     </span>
     <span class='ocr_line' id='line_1_38' title="bbox 274 2658 1153 2714; baseline 0 -14"><span class='ocrx_word' id='word_1_238' title='bbox 274 2666 372 2714; x_wconf 77' lang='lat' dir='ltr'>post</span> <span class='ocrx_word' id='word_1_239' title='bbox 414 2667 546 2700; x_wconf 86' lang='lat' dir='ltr'>metus</span> <span class='ocrx_word' id='word_1_240' title='bbox 591 2673 646 2700; x_wconf 88' lang='lat' dir='ltr'>ex</span> <span class='ocrx_word' id='word_1_241' title='bbox 685 2658 915 2700; x_wconf 89' lang='lat' dir='ltr'>Puteolani</span> <span class='ocrx_word' id='word_1_242' title='bbox 957 2659 1153 2700; x_wconf 86' lang='lat' dir='ltr'>editione</span> 
     </span>
     <span class='ocr_line' id='line_1_39' title="bbox 279 2717 1151 2760; baseline -0.001 -1"><span class='ocrx_word' id='word_1_243' title='bbox 279 2717 597 2760; x_wconf 88' lang='lat' dir='ltr'>Mediolanensi</span> <span class='ocrx_word' id='word_1_244' title='bbox 654 2724 697 2759; x_wconf 87' lang='lat' dir='ltr'>et</span> <span class='ocrx_word' id='word_1_245' title='bbox 757 2719 868 2760; x_wconf 87' lang='lat' dir='ltr'>libro</span> <span class='ocrx_word' id='word_1_246' title='bbox 908 2717 1151 2759; x_wconf 88' lang='lat' dir='ltr'>Bodleiano</span> 
     </span>
     <span class='ocr_line' id='line_1_40' title="bbox 279 2777 1151 2832; baseline 0 -14"><span class='ocrx_word' id='word_1_247' title='bbox 279 2777 466 2832; x_wconf 90' lang='lat' dir='ltr'>aliisque</span> <span class='ocrx_word' id='word_1_248' title='bbox 530 2783 735 2831; x_wconf 90' lang='lat' dir='ltr'>recepto,</span> <span class='ocrx_word' id='word_1_249' title='bbox 812 2778 944 2820; x_wconf 86' lang='lat' dir='ltr'>levius</span> <span class='ocrx_word' id='word_1_250' title='bbox 1008 2783 1151 2819; x_wconf 81' lang='lat' dir='ltr'>autem</span> 
     </span>
     <span class='ocr_line' id='line_1_41' title="bbox 280 2836 1149 2892; baseline 0.002 -16"><span class='ocrx_word' id='word_1_251' title='bbox 280 2836 403 2892; x_wconf 88' lang='lat' dir='ltr'>(lebis</span> <span class='ocrx_word' id='word_1_252' title='bbox 424 2838 519 2878; x_wconf 90' lang='lat' dir='ltr'>sive</span> <span class='ocrx_word' id='word_1_253' title='bbox 552 2837 654 2878; x_wconf 87' lang='lat' dir='ltr'>levis</span> <span class='ocrx_word' id='word_1_254' title='bbox 687 2850 742 2878; x_wconf 86' lang='lat' dir='ltr'>ex</span> <span class='ocrx_word' id='word_1_255' title='bbox 764 2844 867 2879; x_wconf 88' lang='lat' dir='ltr'>nota</span> <span class='ocrx_word' id='word_1_256' title='bbox 899 2836 1023 2890; x_wconf 73' lang='lat' dir='ltr'>levio,</span> <span class='ocrx_word' id='word_1_257' title='bbox 1054 2837 1083 2878; x_wconf 90' lang='lat' dir='ltr'>i.</span> <span class='ocrx_word' id='word_1_258' title='bbox 1110 2850 1149 2878; x_wconf 90' lang='lat' dir='ltr'>e.</span> 
     </span>
     <span class='ocr_line' id='line_1_42' title="bbox 279 2895 1150 2952; baseline -0.001 -15"><span class='ocrx_word' id='word_1_259' title='bbox 279 2896 436 2948; x_wconf 82' lang='lat' dir='ltr'>levius,</span> <span class='ocrx_word' id='word_1_260' title='bbox 471 2902 611 2937; x_wconf 90' lang='lat' dir='ltr'>ortum</span> <span class='ocrx_word' id='word_1_261' title='bbox 647 2900 733 2952; x_wconf 86' lang='lat' dir='ltr'>est)</span> <span class='ocrx_word' id='word_1_262' title='bbox 771 2910 793 2938; x_wconf 89' lang='lat' dir='ltr'>a</span> <span class='ocrx_word' id='word_1_263' title='bbox 816 2896 962 2950; x_wconf 89' lang='lat' dir='ltr'>Lipsio</span> <span class='ocrx_word' id='word_1_264' title='bbox 997 2895 1150 2948; x_wconf 87' lang='lat' dir='ltr'>ascito,</span> 
     </span>
     <span class='ocr_line' id='line_1_43' title="bbox 277 2955 1151 2997; baseline 0 -1"><span class='ocrx_word' id='word_1_265' title='bbox 277 2967 434 2996; x_wconf 85' lang='lat' dir='ltr'>vocem</span> <span class='ocrx_word' id='word_1_266' title='bbox 458 2956 651 2997; x_wconf 86' lang='lat' dir='ltr'>rediebat</span> <span class='ocrx_word' id='word_1_267' title='bbox 673 2956 836 2997; x_wconf 89' lang='lat' dir='ltr'>resolvi</span> <span class='ocrx_word' id='word_1_268' title='bbox 860 2957 903 2996; x_wconf 88' lang='lat' dir='ltr'>in</span> <span class='ocrx_word' id='word_1_269' title='bbox 928 2955 1046 2996; x_wconf 84' lang='lat' dir='ltr'>redie</span> <span class='ocrx_word' id='word_1_270' title='bbox 1082 2955 1151 2996; x_wconf 87' lang='lat' dir='ltr'>bat</span> 
     </span>
     <span class='ocr_line' id='line_1_44' title="bbox 280 3014 1152 3070; baseline -0.001 -14"><span class='ocrx_word' id='word_1_271' title='bbox 280 3019 324 3056; x_wconf 88' lang='lat' dir='ltr'>et</span> <span class='ocrx_word' id='word_1_272' title='bbox 363 3014 446 3055; x_wconf 90' lang='lat' dir='ltr'>hoc</span> <span class='ocrx_word' id='word_1_273' title='bbox 494 3017 663 3056; x_wconf 87' lang='lat' dir='ltr'>correxi</span> <span class='ocrx_word' id='word_1_274' title='bbox 711 3015 823 3056; x_wconf 83' lang='lat' dir='ltr'>redit</span> <span class='ocrx_word' id='word_1_275' title='bbox 854 3015 971 3055; x_wconf 83' lang='lat' dir='ltr'>haud</span> <span class='ocrx_word' id='word_1_276' title='bbox 1016 3014 1152 3070; x_wconf 77' lang='lat' dir='ltr'>(haud</span> 
     </span>
     <span class='ocr_line' id='line_1_45' title="bbox 278 3073 1150 3128; baseline -0.002 -13"><span class='ocrx_word' id='word_1_277' title='bbox 278 3087 412 3128; x_wconf 87' lang='lat' dir='ltr'>saepe</span> <span class='ocrx_word' id='word_1_278' title='bbox 443 3074 488 3114; x_wconf 93' lang='lat' dir='ltr'>in</span> <span class='ocrx_word' id='word_1_279' title='bbox 515 3073 600 3115; x_wconf 90' lang='lat' dir='ltr'>hoc</span> <span class='ocrx_word' id='word_1_280' title='bbox 636 3074 746 3115; x_wconf 89' lang='lat' dir='ltr'>libro</span> <span class='ocrx_word' id='word_1_281' title='bbox 771 3073 901 3116; x_wconf 88' lang='lat' dir='ltr'>scribi</span> <span class='ocrx_word' id='word_1_282' title='bbox 935 3074 1150 3115; x_wconf 90' lang='lat' dir='ltr'>memine-</span> 
     </span>
     <span class='ocr_line' id='line_1_46' title="bbox 280 3133 1147 3188; baseline -0.001 -14"><span class='ocrx_word' id='word_1_283' title='bbox 280 3135 340 3174; x_wconf 87' lang='lat' dir='ltr'>ris</span> <span class='ocrx_word' id='word_1_284' title='bbox 376 3133 452 3174; x_wconf 81' lang='lat' dir='ltr'>hat</span> <span class='ocrx_word' id='word_1_285' title='bbox 481 3133 554 3175; x_wconf 88' lang='lat' dir='ltr'>vel</span> <span class='ocrx_word' id='word_1_286' title='bbox 587 3134 727 3188; x_wconf 79' lang='lat' dir='ltr'>haut).</span> <span class='ocrx_word' id='word_1_287' title='bbox 808 3133 906 3188; x_wconf 89' lang='lat' dir='ltr'>Ipsa</span> <span class='ocrx_word' id='word_1_288' title='bbox 954 3134 1147 3188; x_wconf 86' lang='lat' dir='ltr'>negatio,</span> 
     </span>
     <span class='ocr_line' id='line_1_47' title="bbox 278 3192 1149 3246; baseline 0 -12"><span class='ocrx_word' id='word_1_289' title='bbox 278 3192 365 3234; x_wconf 91' lang='lat' dir='ltr'>hoc</span> <span class='ocrx_word' id='word_1_290' title='bbox 397 3193 497 3234; x_wconf 91' lang='lat' dir='ltr'>loco</span> <span class='ocrx_word' id='word_1_291' title='bbox 528 3192 809 3246; x_wconf 83' lang='lat' dir='ltr'>oblitterata,</span> <span class='ocrx_word' id='word_1_292' title='bbox 843 3207 867 3234; x_wconf 89' lang='lat' dir='ltr'>a</span> <span class='ocrx_word' id='word_1_293' title='bbox 900 3197 1149 3235; x_wconf 86' lang='lat' dir='ltr'>correctore</span> 
     </span>
     <span class='ocr_line' id='line_1_48' title="bbox 277 3252 1149 3295; baseline -0.002 -2"><span class='ocrx_word' id='word_1_294' title='bbox 277 3258 379 3294; x_wconf 85' lang='lat' dir='ltr'>ante</span> <span class='ocrx_word' id='word_1_295' title='bbox 409 3252 589 3294; x_wconf 89' lang='lat' dir='ltr'>verbum</span> <span class='ocrx_word' id='word_1_296' title='bbox 618 3252 887 3295; x_wconf 88' lang='lat' dir='ltr'>immutatum</span> <span class='ocrx_word' id='word_1_297' title='bbox 923 3258 966 3293; x_wconf 86' lang='lat' dir='ltr'>et</span> <span class='ocrx_word' id='word_1_298' title='bbox 996 3264 1149 3294; x_wconf 88' lang='lat' dir='ltr'>corru-</span> 
     </span>
     <span class='ocr_line' id='line_1_49' title="bbox 278 3309 1148 3367; baseline -0.001 -15"><span class='ocrx_word' id='word_1_299' title='bbox 278 3317 396 3365; x_wconf 87' lang='lat' dir='ltr'>ptum</span> <span class='ocrx_word' id='word_1_300' title='bbox 428 3312 644 3364; x_wconf 88' lang='lat' dir='ltr'>rediebat,</span> <span class='ocrx_word' id='word_1_301' title='bbox 703 3314 864 3354; x_wconf 86' lang='lat' dir='ltr'>omissa</span> <span class='ocrx_word' id='word_1_302' title='bbox 907 3311 1022 3367; x_wconf 91' lang='lat' dir='ltr'>quod</span> <span class='ocrx_word' id='word_1_303' title='bbox 1055 3309 1148 3352; x_wconf 85' lang='lat' dir='ltr'>fieri</span> 
     </span>
     <span class='ocr_line' id='line_1_50' title="bbox 278 3371 1148 3427; baseline 0.001 -16"><span class='ocrx_word' id='word_1_304' title='bbox 278 3371 394 3412; x_wconf 86' lang='lat' dir='ltr'>solet</span> <span class='ocrx_word' id='word_1_305' title='bbox 425 3372 704 3424; x_wconf 85' lang='lat' dir='ltr'>aspirationis</span> <span class='ocrx_word' id='word_1_306' title='bbox 734 3379 837 3413; x_wconf 86' lang='lat' dir='ltr'>nota</span> <span class='ocrx_word' id='word_1_307' title='bbox 868 3374 1003 3427; x_wconf 88' lang='lat' dir='ltr'>(aut),</span> <span class='ocrx_word' id='word_1_308' title='bbox 1035 3372 1148 3412; x_wconf 89' lang='lat' dir='ltr'>sini-</span> 
     </span>
     <span class='ocr_line' id='line_1_51' title="bbox 276 3430 1148 3484; baseline 0.001 -14"><span class='ocrx_word' id='word_1_309' title='bbox 276 3436 365 3471; x_wconf 85' lang='lat' dir='ltr'>stre</span> <span class='ocrx_word' id='word_1_310' title='bbox 399 3430 599 3484; x_wconf 84' lang='lat' dir='ltr'>suppleta</span> <span class='ocrx_word' id='word_1_311' title='bbox 633 3437 715 3474; x_wconf 85' lang='lat' dir='ltr'>est.</span> <span class='ocrx_word' id='word_1_312' title='bbox 778 3432 1005 3474; x_wconf 88' lang='lat' dir='ltr'>Sententia</span> <span class='ocrx_word' id='word_1_313' title='bbox 1034 3431 1148 3471; x_wconf 89' lang='lat' dir='ltr'>scri-</span> 
     </span>
     <span class='ocr_line' id='line_1_52' title="bbox 274 3489 1146 3543; baseline 0.001 -14"><span class='ocrx_word' id='word_1_314' title='bbox 274 3490 412 3543; x_wconf 86' lang='lat' dir='ltr'>ptoris</span> <span class='ocrx_word' id='word_1_315' title='bbox 436 3491 480 3530; x_wconf 92' lang='lat' dir='ltr'>in</span> <span class='ocrx_word' id='word_1_316' title='bbox 500 3489 614 3531; x_wconf 91' lang='lat' dir='ltr'>hunc</span> <span class='ocrx_word' id='word_1_317' title='bbox 638 3491 811 3532; x_wconf 90' lang='lat' dir='ltr'>modum</span> <span class='ocrx_word' id='word_1_318' title='bbox 830 3496 948 3532; x_wconf 89' lang='lat' dir='ltr'>certe</span> <span class='ocrx_word' id='word_1_319' title='bbox 971 3491 1146 3531; x_wconf 91' lang='lat' dir='ltr'>omnino</span> 
     </span>
     <span class='ocr_line' id='line_1_53' title="bbox 275 3549 1147 3602; baseline 0.002 -14"><span class='ocrx_word' id='word_1_320' title='bbox 275 3550 543 3602; x_wconf 80' lang='lat' dir='ltr'>restituitur3</span> <span class='ocrx_word' id='word_1_321' title='bbox 579 3549 695 3591; x_wconf 88' lang='lat' dir='ltr'>hunc</span> <span class='ocrx_word' id='word_1_322' title='bbox 728 3552 841 3591; x_wconf 89' lang='lat' dir='ltr'>enim</span> <span class='ocrx_word' id='word_1_323' title='bbox 878 3562 965 3591; x_wconf 90' lang='lat' dir='ltr'>non</span> <span class='ocrx_word' id='word_1_324' title='bbox 1000 3549 1147 3591; x_wconf 91' lang='lat' dir='ltr'>dicere</span> 
     </span>
     <span class='ocr_line' id='line_1_54' title="bbox 275 3607 1147 3664; baseline 0.002 -16"><span class='ocrx_word' id='word_1_325' title='bbox 275 3607 472 3650; x_wconf 87' lang='lat' dir='ltr'>voluisse</span> <span class='ocrx_word' id='word_1_326' title='bbox 506 3609 638 3650; x_wconf 87' lang='lat' dir='ltr'>levius</span> <span class='ocrx_word' id='word_1_327' title='bbox 668 3617 912 3664; x_wconf 71' lang='lat' dir='ltr'>yrassatvcm</span> <span class='ocrx_word' id='word_1_328' title='bbox 948 3622 1045 3651; x_wconf 90' lang='lat' dir='ltr'>esse</span> <span class='ocrx_word' id='word_1_329' title='bbox 1078 3608 1147 3650; x_wconf 87' lang='lat' dir='ltr'>al-</span> 
     </span>
     <span class='ocr_line' id='line_1_55' title="bbox 285 3667 1147 3722; baseline 0.002 -15"><span class='ocrx_word' id='word_1_330' title='bbox 285 3679 416 3708; x_wconf 53' lang='lat' dir='ltr'>terum</span> <span class='ocrx_word' id='word_1_331' title='bbox 449 3667 723 3722; x_wconf 86' lang='lat' dir='ltr'>incendium,</span> <span class='ocrx_word' id='word_1_332' title='bbox 770 3671 900 3710; x_wconf 90' lang='lat' dir='ltr'>immo</span> <span class='ocrx_word' id='word_1_333' title='bbox 933 3668 1051 3711; x_wconf 76' lang='lat' dir='ltr'>haud</span> <span class='ocrx_word' id='word_1_334' title='bbox 1081 3668 1147 3710; x_wconf 86' lang='lat' dir='ltr'>le-</span> 
     </span>
    </p>
   </div>
   <div class='ocr_carea' id='block_1_9' title="bbox 1226 2124 2115 3723">
    <p class='ocr_par' dir='ltr' id='par_1_9' title="bbox 1229 2124 2115 2833">
     <span class='ocr_line' id='line_1_56' title="bbox 1236 2124 2106 2180; baseline 0.004 -15"><span class='ocrx_word' id='word_1_335' title='bbox 1236 2126 1432 2178; x_wconf 79' lang='lat' dir='ltr'>porticus</span> <span class='ocrx_word' id='word_1_336' title='bbox 1477 2124 1608 2166; x_wconf 87' lang='lat' dir='ltr'>latius</span> <span class='ocrx_word' id='word_1_337' title='bbox 1659 2129 1763 2165; x_wconf 74' lang='lat' dir='ltr'>time</span> <span class='ocrx_word' id='word_1_338' title='bbox 1808 2124 2106 2180; x_wconf 74' lang='lat' dir='ltr'>prociderunt,</span> 
     </span>
     <span class='ocr_line' id='line_1_57' title="bbox 1237 2183 2108 2237; baseline -0.001 -13"><span class='ocrx_word' id='word_1_339' title='bbox 1237 2190 1284 2224; x_wconf 82' lang='lat' dir='ltr'>ut</span> <span class='ocrx_word' id='word_1_340' title='bbox 1315 2197 1447 2225; x_wconf 90' lang='lat' dir='ltr'>unum</span> <span class='ocrx_word' id='word_1_341' title='bbox 1481 2184 1619 2225; x_wconf 86' lang='lat' dir='ltr'>altero</span> <span class='ocrx_word' id='word_1_342' title='bbox 1641 2190 1960 2237; x_wconf 84' lang='lat' dir='ltr'>compensetur</span> <span class='ocrx_word' id='word_1_343' title='bbox 1978 2183 2108 2229; x_wconf 86' lang='lat' dir='ltr'>ideo-</span> 
     </span>
     <span class='ocr_line' id='line_1_58' title="bbox 1236 2243 2108 2312; baseline -0.002 -27"><span class='ocrx_word' id='word_1_344' title='bbox 1236 2257 1321 2312; x_wconf 81' lang='lat' dir='ltr'>que</span> <span class='ocrx_word' id='word_1_345' title='bbox 1353 2243 1590 2285; x_wconf 88' lang='lat' dir='ltr'>secundum</span> <span class='ocrx_word' id='word_1_346' title='bbox 1613 2243 1870 2287; x_wconf 88' lang='lat' dir='ltr'>incendium</span> <span class='ocrx_word' id='word_1_347' title='bbox 1894 2243 2012 2289; x_wconf 72' lang='lat' dir='ltr'>haud</span> <span class='ocrx_word' id='word_1_348' title='bbox 2033 2243 2108 2294; x_wconf 65' lang='lat' dir='ltr'>le..</span> 
     </span>
     <span class='ocr_line' id='line_1_59' title="bbox 1234 2301 2104 2359; baseline 0.002 -15"><span class='ocrx_word' id='word_1_349' title='bbox 1234 2305 1327 2345; x_wconf 81' lang='lat' dir='ltr'>vius</span> <span class='ocrx_word' id='word_1_350' title='bbox 1359 2309 1601 2359; x_wconf 85' lang='lat' dir='ltr'>grassatum</span> <span class='ocrx_word' id='word_1_351' title='bbox 1635 2315 1734 2344; x_wconf 88' lang='lat' dir='ltr'>esse</span> <span class='ocrx_word' id='word_1_352' title='bbox 1765 2303 1855 2347; x_wconf 84' lang='lat' dir='ltr'>dici</span> <span class='ocrx_word' id='word_1_353' title='bbox 1889 2301 2104 2358; x_wconf 72' lang='lat' dir='ltr'>‹iper-teat.</span> 
     </span>
     <span class='ocr_line' id='line_1_60' title="bbox 1234 2362 2107 2410; baseline 0.004 -6"><span class='ocrx_word' id='word_1_354' title='bbox 1234 2362 1324 2404; x_wconf 91' lang='lat' dir='ltr'>Alii</span> <span class='ocrx_word' id='word_1_355' title='bbox 1387 2363 1496 2404; x_wconf 88' lang='lat' dir='ltr'>haec</span> <span class='ocrx_word' id='word_1_356' title='bbox 1552 2367 1794 2405; x_wconf 55' lang='lat' dir='ltr'>tentavere</span> <span class='ocrx_word' id='word_1_357' title='bbox 1885 2362 2107 2410; x_wconf 77' lang='lat' dir='ltr'>umerus:</span> 
     </span>
     <span class='ocr_line' id='line_1_61' title="bbox 1234 2420 2109 2478; baseline 0.007 -16"><span class='ocrx_word' id='word_1_358' title='bbox 1234 2422 1415 2464; x_wconf 87' lang='lat' dir='ltr'>necdum</span> <span class='ocrx_word' id='word_1_359' title='bbox 1443 2423 1578 2478; x_wconf 84' lang='lat' dir='ltr'>posito</span> <span class='ocrx_word' id='word_1_360' title='bbox 1609 2428 1743 2474; x_wconf 85' lang='lat' dir='ltr'>metu,</span> <span class='ocrx_word' id='word_1_361' title='bbox 1774 2420 2109 2472; x_wconf 23' lang='lat' dir='ltr'>redibatsslevim</span> 
     </span>
     <span class='ocr_line' id='line_1_62' title="bbox 1235 2480 2115 2536; baseline -0.001 -13"><span class='ocrx_word' id='word_1_362' title='bbox 1235 2508 1293 2515; x_wconf 91' lang='lat'>—</span> <span class='ocrx_word' id='word_1_363' title='bbox 1342 2482 1482 2536; x_wconf 74' lang='lat' dir='ltr'>iqnis3</span> <span class='ocrx_word' id='word_1_364' title='bbox 1546 2480 1881 2523; x_wconf 83' lang='lat' dir='ltr'>Doederlinius:</span> <span class='ocrx_word' id='word_1_365' title='bbox 1917 2482 2115 2530; x_wconf 18' lang='lat' dir='ltr'>‘nendum</span> 
     </span>
     <span class='ocr_line' id='line_1_63' title="bbox 1232 2539 2108 2597; baseline 0.002 -15"><span class='ocrx_word' id='word_1_366' title='bbox 1232 2543 1360 2597; x_wconf 82' lang='lat' dir='ltr'>positi</span> <span class='ocrx_word' id='word_1_367' title='bbox 1405 2548 1559 2592; x_wconf 84' lang='lat' dir='ltr'>metus3</span> <span class='ocrx_word' id='word_1_368' title='bbox 1606 2540 1772 2582; x_wconf 88' lang='lat' dir='ltr'>redibat</span> <span class='ocrx_word' id='word_1_369' title='bbox 1818 2539 1942 2585; x_wconf 62' lang='lat' dir='ltr'>baud,</span> <span class='ocrx_word' id='word_1_370' title='bbox 1975 2540 2108 2587; x_wconf 70' lang='lat' dir='ltr'>levius</span> 
     </span>
     <span class='ocr_line' id='line_1_64' title="bbox 1235 2599 2115 2655; baseline 0.001 -15"><span class='ocrx_word' id='word_1_371' title='bbox 1235 2625 1291 2632; x_wconf 92' lang='grc'>--</span> <span class='ocrx_word' id='word_1_372' title='bbox 1322 2601 1466 2655; x_wconf 65' lang='lat' dir='ltr'>ignis,</span> <span class='ocrx_word' id='word_1_373' title='bbox 1459 2615 1469 2625; x_wconf 91' lang='lat'><strong>·</strong></span> <span class='ocrx_word' id='word_1_374' title='bbox 1520 2599 1882 2655; x_wconf 85' lang='lat' dir='ltr'>Bezzenberger·</span> <span class='ocrx_word' id='word_1_375' title='bbox 1928 2600 2115 2646; x_wconf 66' lang='lat' dir='ltr'>necdum⁴</span> 
     </span>
     <span class='ocr_line' id='line_1_65' title="bbox 1229 2658 2105 2714; baseline 0.005 -15"><span class='ocrx_word' id='word_1_376' title='bbox 1229 2661 1392 2714; x_wconf 80' lang='lat' dir='ltr'>positus</span> <span class='ocrx_word' id='word_1_377' title='bbox 1423 2665 1554 2699; x_wconf 86' lang='lat' dir='ltr'>metus</span> <span class='ocrx_word' id='word_1_378' title='bbox 1600 2658 1716 2700; x_wconf 81' lang='lat' dir='ltr'>haud</span> <span class='ocrx_word' id='word_1_379' title='bbox 1747 2658 1880 2700; x_wconf 76' lang='lat' dir='ltr'>levius</span> <span class='ocrx_word' id='word_1_380' title='bbox 1913 2659 2105 2705; x_wconf 72' lang='lat' dir='ltr'>redibat:</span> 
     </span>
     <span class='ocr_line' id='line_1_66' title="bbox 1233 2718 1814 2773; baseline -0.002 -14"><span class='ocrx_word' id='word_1_381' title='bbox 1233 2732 1404 2760; x_wconf 85' lang='lat' dir='ltr'>rursum</span> <span class='ocrx_word' id='word_1_382' title='bbox 1434 2732 1487 2773; x_wconf 75' lang='lat' dir='ltr'>yr</span> <span class='ocrx_word' id='word_1_383' title='bbox 1490 2725 1657 2759; x_wconf 82' lang='lat' dir='ltr'>assatus</span> <span class='ocrx_word' id='word_1_384' title='bbox 1687 2718 1814 2772; x_wconf 76' lang='lat' dir='ltr'>iynis.</span> 
     </span>
     <span class='ocr_line' id='line_1_67' title="bbox 1347 2751 2106 2833; baseline 0.003 -15"><span class='ocrx_word' id='word_1_385' title='bbox 1347 2777 1542 2833; x_wconf 83' lang='lat' dir='ltr'>praediis</span> <span class='ocrx_word' id='word_1_386' title='bbox 1598 2776 1794 2832; x_wconf 68' lang='lat' dir='ltr'>Tigellini</span> <span class='ocrx_word' id='word_1_387' title='bbox 1848 2751 2106 2820; x_wconf 72' lang='lat' dir='ltr'>Aemilianis</span> 
     </span>
    </p>

    <p class='ocr_par' dir='ltr' id='par_1_10' title="bbox 1226 2835 2107 3355">
     <span class='ocr_line' id='line_1_68' title="bbox 1229 2835 2105 2893; baseline 0.003 -16"><span class='ocrx_word' id='word_1_388' title='bbox 1229 2844 1517 2892; x_wconf 80' lang='lat' dir='ltr'>proruperat.-</span> <span class='ocrx_word' id='word_1_389' title='bbox 1533 2835 1713 2890; x_wconf 86' lang='lat' dir='ltr'>praedia</span> <span class='ocrx_word' id='word_1_390' title='bbox 1725 2835 1974 2885; x_wconf 74' lang='lat' dir='ltr'>Aemiliana</span> <span class='ocrx_word' id='word_1_391' title='bbox 1993 2850 2105 2893; x_wconf 77' lang='lat' dir='ltr'>quae</span> 
     </span>
     <span class='ocr_line' id='line_1_69' title="bbox 1233 2896 2107 2952; baseline 0.002 -16"><span class='ocrx_word' id='word_1_392' title='bbox 1233 2897 1278 2936; x_wconf 90' lang='lat' dir='ltr'>in</span> <span class='ocrx_word' id='word_1_393' title='bbox 1313 2896 1571 2937; x_wconf 85' lang='lat' dir='ltr'>Aemilianis</span> <span class='ocrx_word' id='word_1_394' title='bbox 1603 2896 1746 2950; x_wconf 87' lang='lat' dir='ltr'>posita</span> <span class='ocrx_word' id='word_1_395' title='bbox 1775 2900 1901 2949; x_wconf 82' lang='lat' dir='ltr'>sunt,</span> <span class='ocrx_word' id='word_1_396' title='bbox 1934 2897 2010 2952; x_wconf 78' lang='lat' dir='ltr'>qui</span> <span class='ocrx_word' id='word_1_397' title='bbox 2039 2901 2107 2943; x_wconf 72' lang='lat' dir='ltr'>est</span> 
     </span>
     <span class='ocr_line' id='line_1_70' title="bbox 1234 2954 2106 3009; baseline 0.002 -13"><span class='ocrx_word' id='word_1_398' title='bbox 1234 2955 1357 2996; x_wconf 87' lang='lat' dir='ltr'>locus</span> <span class='ocrx_word' id='word_1_399' title='bbox 1405 2955 1459 2997; x_wconf 89' lang='lat' dir='ltr'>ad</span> <span class='ocrx_word' id='word_1_400' title='bbox 1507 2967 1704 3009; x_wconf 84' lang='lat' dir='ltr'>campum</span> <span class='ocrx_word' id='word_1_401' title='bbox 1737 2954 1958 2998; x_wconf 42' lang='lat' dir='ltr'>Martiums</span> <span class='ocrx_word' id='word_1_402' title='bbox 1982 2961 2106 2998; x_wconf 78' lang='lat' dir='ltr'>extra</span> 
     </span>
     <span class='ocr_line' id='line_1_71' title="bbox 1233 3013 2102 3062; baseline 0.001 -7"><span class='ocrx_word' id='word_1_403' title='bbox 1233 3014 1400 3056; x_wconf 89' lang='lat' dir='ltr'>urbem.</span> <span class='ocrx_word' id='word_1_404' title='bbox 1480 3015 1615 3056; x_wconf 87' lang='lat' dir='ltr'>Varro</span> <span class='ocrx_word' id='word_1_405' title='bbox 1661 3014 1714 3056; x_wconf 91' lang='lat' dir='ltr'>de</span> <span class='ocrx_word' id='word_1_406' title='bbox 1761 3013 1810 3056; x_wconf 83' lang='lat' dir='ltr'>R.</span> <span class='ocrx_word' id='word_1_407' title='bbox 1854 3014 1906 3056; x_wconf 91' lang='lat' dir='ltr'>R.</span> <span class='ocrx_word' id='word_1_408' title='bbox 1947 3014 2014 3060; x_wconf 80' lang='lat'>111</span> <span class='ocrx_word' id='word_1_409' title='bbox 2047 3017 2102 3062; x_wconf 77' lang='lat'>2:</span> 
     </span>
     <span class='ocr_line' id='line_1_72' title="bbox 1233 3072 2105 3127; baseline 0.002 -13"><span class='ocrx_word' id='word_1_410' title='bbox 1233 3087 1379 3115; x_wconf 87' lang='lat' dir='ltr'>eorum</span> <span class='ocrx_word' id='word_1_411' title='bbox 1411 3073 1609 3127; x_wconf 80' lang='lat' dir='ltr'>aedificia</span> <span class='ocrx_word' id='word_1_412' title='bbox 1653 3074 1724 3127; x_wconf 82' lang='lat' dir='ltr'>qui</span> <span class='ocrx_word' id='word_1_413' title='bbox 1752 3072 1947 3116; x_wconf 77' lang='lat' dir='ltr'>habitant</span> <span class='ocrx_word' id='word_1_414' title='bbox 1978 3081 2105 3123; x_wconf 74' lang='lat' dir='ltr'>extra</span> 
     </span>
     <span class='ocr_line' id='line_1_73' title="bbox 1226 3131 2103 3189; baseline 0.002 -16"><span class='ocrx_word' id='word_1_415' title='bbox 1226 3140 1399 3189; x_wconf 79' lang='lat' dir='ltr'>portam</span> <span class='ocrx_word' id='word_1_416' title='bbox 1421 3133 1748 3174; x_wconf 83' lang='lat' dir='ltr'>Flumentanam</span> <span class='ocrx_word' id='word_1_417' title='bbox 1780 3139 1855 3175; x_wconf 81' lang='lat' dir='ltr'>aut</span> <span class='ocrx_word' id='word_1_418' title='bbox 1887 3133 1936 3174; x_wconf 74' lang='lat' dir='ltr'>in</span> <span class='ocrx_word' id='word_1_419' title='bbox 1953 3131 2103 3175; x_wconf 79' lang='lat' dir='ltr'>Aemi-</span> 
     </span>
     <span class='ocr_line' id='line_1_74' title="bbox 1232 3189 2106 3236; baseline 0.001 -2"><span class='ocrx_word' id='word_1_420' title='bbox 1232 3193 1378 3234; x_wconf 85' lang='lat' dir='ltr'>lianis.</span> <span class='ocrx_word' id='word_1_421' title='bbox 1455 3193 1632 3234; x_wconf 84' lang='lat' dir='ltr'>Sueton.</span> <span class='ocrx_word' id='word_1_422' title='bbox 1677 3189 1828 3233; x_wconf 84' lang='lat' dir='ltr'>Claud.</span> <span class='ocrx_word' id='word_1_423' title='bbox 1872 3191 1961 3234; x_wconf 75' lang='lat'>18:</span> <span class='ocrx_word' id='word_1_424' title='bbox 2010 3207 2106 3236; x_wconf 76' lang='lat' dir='ltr'>cum</span> 
     </span>
     <span class='ocr_line' id='line_1_75' title="bbox 1232 3251 2104 3304; baseline 0.003 -12"><span class='ocrx_word' id='word_1_425' title='bbox 1232 3251 1481 3293; x_wconf 81' lang='lat' dir='ltr'>Aemiliana</span> <span class='ocrx_word' id='word_1_426' title='bbox 1508 3251 1636 3294; x_wconf 81' lang='lat' dir='ltr'>latius</span> <span class='ocrx_word' id='word_1_427' title='bbox 1661 3251 1879 3304; x_wconf 83' lang='lat' dir='ltr'>arderent,</span> <span class='ocrx_word' id='word_1_428' title='bbox 1911 3251 1959 3292; x_wconf 77' lang='lat' dir='ltr'>in</span> <span class='ocrx_word' id='word_1_429' title='bbox 1984 3251 2104 3295; x_wconf 71' lang='lat' dir='ltr'>Airi-</span> 
     </span>
     <span class='ocr_line' id='line_1_76' title="bbox 1232 3311 2005 3355; baseline 0.004 -3"><span class='ocrx_word' id='word_1_430' title='bbox 1232 3311 1384 3352; x_wconf 84' lang='lat' dir='ltr'>bitorio</span> <span class='ocrx_word' id='word_1_431' title='bbox 1419 3312 1579 3354; x_wconf 84' lang='lat' dir='ltr'>duabus</span> <span class='ocrx_word' id='word_1_432' title='bbox 1609 3311 1803 3352; x_wconf 80' lang='lat' dir='ltr'>noctibus</span> <span class='ocrx_word' id='word_1_433' title='bbox 1832 3312 2005 3355; x_wconf 72' lang='lat' dir='ltr'>mansit.</span> 
     </span>
    </p>

    <p class='ocr_par' dir='ltr' id='par_1_11' title="bbox 1227 3368 2109 3723">
     <span class='ocr_line' id='line_1_77' title="bbox 1302 3368 2103 3425; baseline -0.001 -13"><span class='ocrx_word' id='word_1_434' title='bbox 1302 3369 1407 3425; x_wconf 87' lang='lat' dir='ltr'>Cap.</span> <span class='ocrx_word' id='word_1_435' title='bbox 1429 3373 1502 3414; x_wconf 80' lang='lat'>41.</span> <span class='ocrx_word' id='word_1_436' title='bbox 1564 3371 1758 3412; x_wconf 83' lang='lat' dir='ltr'>domuum</span> <span class='ocrx_word' id='word_1_437' title='bbox 1779 3377 1819 3412; x_wconf 88' lang='lat' dir='ltr'>et</span> <span class='ocrx_word' id='word_1_438' title='bbox 1840 3368 2103 3422; x_wconf 75' lang='lat' dir='ltr'>insularum:</span> 
     </span>
     <span class='ocr_line' id='line_1_78' title="bbox 1234 3429 2103 3484; baseline 0 -13"><span class='ocrx_word' id='word_1_439' title='bbox 1234 3430 1289 3473; x_wconf 85' lang='lat' dir='ltr'>cf.</span> <span class='ocrx_word' id='word_1_440' title='bbox 1325 3437 1474 3473; x_wconf 85' lang='lat' dir='ltr'>annot.</span> <span class='ocrx_word' id='word_1_441' title='bbox 1515 3430 1568 3472; x_wconf 89' lang='lat' dir='ltr'>ad</span> <span class='ocrx_word' id='word_1_442' title='bbox 1604 3429 1660 3471; x_wconf 90' lang='lat' dir='ltr'>VI</span> <span class='ocrx_word' id='word_1_443' title='bbox 1690 3429 1762 3473; x_wconf 85' lang='lat'>45.</span> <span class='ocrx_word' id='word_1_444' title='bbox 1864 3431 1975 3484; x_wconf 79' lang='lat' dir='ltr'>quod</span> <span class='ocrx_word' id='word_1_445' title='bbox 1993 3430 2103 3471; x_wconf 84' lang='lat' dir='ltr'>Ser-</span> 
     </span>
     <span class='ocr_line' id='line_1_79' title="bbox 1230 3486 2101 3542; baseline -0.002 -11"><span class='ocrx_word' id='word_1_446' title='bbox 1230 3491 1322 3531; x_wconf 84' lang='lat' dir='ltr'>vius</span> <span class='ocrx_word' id='word_1_447' title='bbox 1350 3488 1506 3531; x_wconf 83' lang='lat' dir='ltr'>Tullius</span> <span class='ocrx_word' id='word_1_448' title='bbox 1528 3490 1704 3531; x_wconf 82' lang='lat' dir='ltr'>Lunae.-</span> <span class='ocrx_word' id='word_1_449' title='bbox 1725 3488 1872 3531; x_wconf 85' lang='lat' dir='ltr'>Lunae</span> <span class='ocrx_word' id='word_1_450' title='bbox 1893 3486 2101 3542; x_wconf 84' lang='lat' dir='ltr'>templum</span> 
     </span>
     <span class='ocr_line' id='line_1_80' title="bbox 1231 3547 2098 3602; baseline -0.001 -13"><span class='ocrx_word' id='word_1_451' title='bbox 1231 3550 1275 3592; x_wconf 88' lang='lat' dir='ltr'>in</span> <span class='ocrx_word' id='word_1_452' title='bbox 1306 3549 1554 3602; x_wconf 87' lang='lat' dir='ltr'>Aventin03</span> <span class='ocrx_word' id='word_1_453' title='bbox 1596 3548 1746 3591; x_wconf 86' lang='lat' dir='ltr'>Livius</span> <span class='ocrx_word' id='word_1_454' title='bbox 1787 3547 1858 3590; x_wconf 89' lang='lat' dir='ltr'>XL</span> <span class='ocrx_word' id='word_1_455' title='bbox 1889 3549 1944 3591; x_wconf 83' lang='lat'>2:</span> <span class='ocrx_word' id='word_1_456' title='bbox 1995 3553 2098 3588; x_wconf 84' lang='lat' dir='ltr'>tem-</span> 
     </span>
     <span class='ocr_line' id='line_1_81' title="bbox 1227 3604 2100 3664; baseline -0.002 -15"><span class='ocrx_word' id='word_1_457' title='bbox 1227 3614 1372 3664; x_wconf 78' lang='lat' dir='ltr'>pestas</span> <span class='ocrx_word' id='word_1_458' title='bbox 1416 3633 1472 3641; x_wconf 91' lang='lat'><em>-</em></span> <span class='ocrx_word' id='word_1_459' title='bbox 1515 3611 1653 3664; x_wconf 80' lang='lat' dir='ltr'>forem</span> <span class='ocrx_word' id='word_1_460' title='bbox 1706 3622 1760 3649; x_wconf 73' lang='lat' dir='ltr'>ecc</span> <span class='ocrx_word' id='word_1_461' title='bbox 1800 3605 1906 3648; x_wconf 81' lang='lat' dir='ltr'>aede</span> <span class='ocrx_word' id='word_1_462' title='bbox 1948 3604 2100 3648; x_wconf 75' lang='lat' dir='ltr'>Lunae</span> 
     </span>
     <span class='ocr_line' id='line_1_82' title="bbox 1230 3664 2109 3723; baseline 0 -14"><span class='ocrx_word' id='word_1_463' title='bbox 1230 3681 1339 3723; x_wconf 82' lang='lat' dir='ltr'>quae</span> <span class='ocrx_word' id='word_1_464' title='bbox 1379 3669 1427 3709; x_wconf 81' lang='lat' dir='ltr'>in</span> <span class='ocrx_word' id='word_1_465' title='bbox 1456 3667 1668 3710; x_wconf 81' lang='lat' dir='ltr'>Aventino</span> <span class='ocrx_word' id='word_1_466' title='bbox 1702 3673 1769 3710; x_wconf 69' lang='lat' dir='ltr'>est</span> <span class='ocrx_word' id='word_1_467' title='bbox 1801 3671 1972 3722; x_wconf 72' lang='lat' dir='ltr'>raptam</span> <span class='ocrx_word' id='word_1_468' title='bbox 2005 3664 2109 3709; x_wconf 71' lang='lat' dir='ltr'>tulit.</span> 
     </span>
    </p>
   </div>
   <div class='ocr_carea' id='block_1_10' title="bbox 2235 2392 2280 4004">
    <p class='ocr_par' dir='ltr' id='par_1_12' title="bbox 2235 2392 2280 4004">
     <span class='ocr_line' id='line_1_83' title="bbox 2235 2392 2280 4004; baseline 0 0"><span class='ocrx_word' id='word_1_469' title='bbox 2235 2392 2280 4004; x_wconf 95' lang='lat' dir='ltr'> </span> 
     </span>
    </p>
   </div>
  </div>
 </body>
</html>
