2222 4022
987 260 1134 305 CAPVT
1169 247 1355 306 18420.
1895 268 2032 311 xxxi

205 406 463 468 occidere,
501 405 572 455 ibi
606 410 858 470 appareat
884 405 1188 469 praeterire.
1263 405 1401 457 Idem
1436 410 1603 456 tamen
1643 406 1790 457 etiam
1825 406 2033 457 Plinium

206 498 287 550 vel
321 498 524 550 Fabium
561 498 817 550 Rusticum
857 503 1114 549 auctorem
1149 500 1316 563 potest
1361 497 1677 564 respexisse,
1735 514 1795 550 ac
1831 499 2031 550 Tacitus

205 592 334 643 haec
370 605 460 642 sua
498 590 606 654 ipse
644 605 708 640 ex
746 589 856 640 aliis
896 589 1188 640 auctoribus
1228 589 1467 640 narravit.

124 681 191 727 19
341 681 611 732 Interiecto
669 681 854 731 deinde
901 686 1127 746 tempore
1175 681 1266 732 sub
1301 681 1449 733 finem
1480 681 1641 734 seculi
1674 697 1700 732 a
1742 681 1940 733 Christo
1981 698 2030 733 n.

206 772 367 836 quarti
401 771 564 822 extitit
602 772 748 822 etiam
776 772 857 836 qui
887 772 1139 823 diversam
1174 772 1308 823 viam
1341 773 1713 840 ingrederetur,
1739 773 2033 824 Ammianus

202 862 540 914 Marcellinus.
615 864 660 914 Is
715 864 847 914 enim
901 879 1068 914 rerum
1119 869 1375 931 gestarum
1429 864 1588 916 libros
1639 865 1844 932 triginta
1882 880 2033 915 unum

203 953 432 1005 scribere
469 954 536 1005 ita
577 968 852 1020 aggressus
893 960 999 1019 est,
1053 960 1106 1005 ut
1155 956 1241 1005 ubi
1289 957 1489 1008 Tacitus
1540 939 1847 1008 narrationis
1889 957 2037 1007 telam

193 1044 494 1123 omisisset,
545 1045 654 1110 ipse
692 1061 801 1096 eam
840 1046 902 1096 ad
938 1047 1299 1110 pertexendum
1341 1047 1599 1112 exciperet
1644 1047 1785 1097 initio
1834 1048 1967 1098 facto
2009 1064 2036 1098 a

201 1135 401 1187 Nervae
454 1135 753 1201 principatu.
828 1136 940 1200 Ipse
993 1136 1044 1185 in
1099 1136 1197 1187 fine
1260 1136 1429 1201 operis
1483 1136 1547 1187 de
1600 1152 1692 1187 suo
1745 1138 2035 1203 proposito:

203 1226 329 1276 haec
375 1231 432 1275 ut
479 1226 621 1277 miles
674 1227 924 1291 quondam
963 1231 1009 1276 et
1045 1228 1306 1292 Graecae,
1363 1243 1397 1277 a
1443 1226 1740 1292 principatu
1796 1228 2038 1279 Caesaris

204 1316 408 1368 Nervae
445 1333 694 1378 exorsuS,
750 1317 976 1382 (adusque
1023 1316 1239 1368 Valentis
1277 1318 1529 1368 interitum
1569 1333 1669 1383 pro
1705 1319 1894 1371 virium
1942 1335 2038 1370 ex-

197 1408 392 1474 plicavi
425 1425 681 1473 mensura,
721 1424 848 1481 opus
886 1410 1147 1459 veritatem
1178 1410 1470 1475 professum
1495 1415 1509 1442 ¹
1553 1426 1823 1476 nunquam,
1862 1417 1919 1461 ut
1943 1427 2036 1462 ar-

203 1499 391 1565 bitror,
432 1500 599 1550 sciens
634 1500 832 1550 silentio
875 1516 1035 1550 ausus
1075 1516 1401 1565 corrumpere
1439 1501 1524 1551 vel
1558 1501 1835 1555 mendacio,
1909 1504 2035 1554 Am-

202 1592 397 1643 mianus
434 1593 563 1644 duce
603 1592 775 1643 Tacito
830 1608 950 1644 usus
998 1598 1225 1658 tempora
1277 1593 1506 1658 sequitur
1558 1599 1607 1644 et
1647 1594 1832 1644 seriem
1868 1610 2036 1646 rerum

201 1688 482 1751 gestarum,
520 1699 623 1734 non
661 1684 890 1749 specieS,
934 1685 985 1733 in
1024 1685 1122 1734 hoc
1162 1699 1286 1736 sane
1322 1685 1634 1748 laudandus;
1689 1686 1822 1736 idem
1863 1686 2035 1738 secula

203 1775 380 1842 quibus
438 1766 547 1841 ipse
587 1790 689 1825 non
728 1775 953 1826 interfuit
991 1781 1180 1838 (ann-os
1235 1793 1262 1827 a
1301 1776 1416 1827 Chr.
1454 1791 1503 1826 n.
1542 1775 1839 1843 96—352)
1890 1777 2032 1829 brevi

201 1867 449 1933 scriptura
506 1867 723 1918 absolvit
774 1868 824 1917 in
871 1869 1115 1919 tredecim
1149 1869 1322 1934 primis
1360 1870 1503 1921 libris
1544 1870 1627 1936 qui
1669 1870 1816 1920 nobis
1857 1870 2028 1934 perie-

200 1962 343 2023 runt,
395 1959 652 2023 proximos
691 1974 850 2009 annos
892 1964 941 2010 et
981 1975 1101 2010 suos
1140 1959 1501 2024 (353—378)
1554 1961 1764 2026 copiose
1805 1961 2029 2024 tradidit,

203 2048 352 2099 etiam
388 2048 441 2099 in
478 2049 575 2100 hac
610 2065 668 2100 re
695 2050 853 2100 Taciti
892 2051 1171 2115 exemplum
1201 2056 1248 2102 et
1274 2052 1623 2103 auctoritatem
1655 2052 2028 2117 quodammodo

203 2139 494 2190 aemulatus.
567 2140 705 2191 Idem
741 2155 866 2191 vero
905 2141 1019 2191 dum
1043 2142 1266 2192 Tacitum
1309 2142 1555 2208 grandem
1596 2143 1783 2206 verbiS,
1823 2147 2033 2193 senten-

201 2230 284 2281 tiis
316 2230 568 2294 crebrum,
614 2231 996 2296 compressione
1031 2247 1199 2283 rerum
1234 2233 1456 2297 brevem,
1502 2233 1790 2299 eloquentia
1829 2234 2031 2300 magni-

200 2319 347 2372 ficum
387 2321 554 2373 studet
586 2322 786 2386 imitari,
825 2322 978 2389 longe
1013 2324 1074 2374 ab
1107 2324 1380 2389 exemplari
1406 2339 1498 2375 suo
1533 2324 1750 2376 defecit:
1789 2324 2031 2390 ampullas

202 2411 334 2463 enim
373 2416 674 2478 aucupatur,
728 2413 813 2463 ubi
851 2415 1024 2480 gravis
1064 2430 1179 2466 esse
1218 2420 1267 2466 et
1301 2415 1643 2467 sententiosus
1693 2415 1917 2479 laborat,
1970 2415 2034 2466 de

139 2541 159 2561 „
202 2502 471 2554 humilibus
527 2508 576 2554 et
627 2506 975 2556 communibus
1033 2521 1206 2572 aeque*
1231 2522 1292 2556 ac
1334 2506 1652 2576 deinsolitis
1690 2512 1738 2557 et
1775 2506 2033 2557 atrocibus

203 2594 381 2646 eadem
411 2595 787 2662 magnificentia
828 2596 999 2648 inflate
1035 2602 1084 2648 et
1136 2597 1382 2664 obscure,
1439 2598 1712 2665 diligenter
1763 2603 1930 2649 tamen
1986 2602 2036 2648 et

203 2700 314 2737 cum
352 2687 580 2738 veritatis
619 2703 809 2751 amore,
850 2689 1098 2753 exposuit.

118 2778 188 2825 20
338 2777 528 2828 Eadem
567 2783 731 2829 aetate
770 2779 897 2830 vixit
933 2784 982 2829 et
1018 2794 1129 2829 cum
1168 2778 1266 2830 alia
1305 2780 1536 2845 scripsit,
1584 2784 1685 2830 tum
1720 2780 1925 2831 brevem
1970 2780 2033 2830 de

202 2867 506 2920 Caesaribus
556 2869 777 2919 libellum
826 2870 1110 2935 composuit
1161 2870 1341 2922 Sextus
1392 2870 1630 2923 Aurelius
1671 2871 1860 2923 Victor.
1937 2871 2032 2932 Qui

200 2971 515 3024 quamquam,
555 2965 607 3010 ut
644 2961 694 3010 in
728 2961 858 3011 libro
897 2961 960 3012 de
997 2962 1120 3013 viris
1157 2962 1432 3013 illustribus
1470 2962 1648 3014 ducem
1689 2967 1739 3014 et
1773 2967 2031 3013 auctorem

201 3050 427 3116 sequitur
455 3050 748 3103 Cornelium
783 3053 1052 3118 Nepotem,
1090 3053 1164 3105 sic
1200 3054 1251 3104 in
1288 3053 1628 3118 CaesaribuS,
1667 3054 1903 3120 quamdiu
1940 3068 2031 3118 po-

199 3141 306 3204 tuit,
342 3157 372 3192 a
394 3142 635 3194 Suetonio
662 3159 825 3209 paene
860 3149 993 3195 totus
1018 3145 1220 3210 pendet,
1244 3145 1467 3195 Tacitum
1494 3150 1660 3196 tamen
1697 3159 1800 3195 non
1826 3144 2029 3195 omnino

200 3230 441 3297 neglexit,
481 3237 534 3283 ut
572 3233 892 3285 observatum
930 3250 957 3285 a
996 3234 1144 3285 nobis
1175 3234 1238 3285 ad
1266 3235 1286 3286 1
1311 3236 1358 3299 2,
1398 3235 1546 3300 1152,
1586 3236 1653 3286 XI
1675 3234 1757 3298 29,
1786 3235 1875 3285 XV
1901 3233 1966 3284 37
1993 3237 2028 3282 2.

297 3433 335 3474 1.
381 3431 553 3473 'sa-citus
589 3432 638 3473 11.
674 3433 688 3473 l
728 3434 774 3474 1:
819 3433 893 3474 sed
922 3434 1072 3474 incor-
1247 3436 1289 3475 2,
1336 3433 1599 3474 Locutiones
1647 3431 1698 3474 ad
1737 3432 2026 3475 imitationem

198 3498 372 3546 ruptam
398 3492 524 3545 fidem
546 3493 749 3547 professis
773 3505 904 3546 neque
927 3506 1072 3533 amore
1158 3490 1293 3532 Tacit-i
1351 3505 1579 3545 expressas
1638 3492 1749 3546 apud
1801 3493 2026 3534 Aurelium

203 3550 422 3605 quisquam
480 3559 520 3593 et
573 3553 664 3592 sine
716 3550 810 3591 odio
868 3551 1072 3592 dicendus
1163 3551 1381 3592 Victorem
1441 3558 1668 3605 praeterea
1725 3551 2027 3605 deprehendas

203 3614 277 3651 est.
1159 3622 1252 3663 cap.
1310 3613 1340 3654 2
1389 3612 1435 3663 δ.
1487 3613 1537 3655 2:
1598 3611 1790 3667 Capreas
1841 3609 2028 3654 insulam
