2280 4004
215 282 243 331 a
267 268 325 314 C.
359 269 446 315 58..

218 412 271 465 in
321 418 579 480 posterum
625 413 909 466 adhiberet.

218 595 406 647 ferrum
441 601 585 649 veste
625 597 874 648 occultum
907 597 1074 649 infert.

773 270 939 315 LIBER
969 270 1079 315 XIII.
1143 269 1249 314 Car.
1281 270 1473 316 43—45.

1951 267 2040 316 15¹7

1007 414 1247 467 Statuitur
1293 428 1422 480 nox,
1486 417 1534 467 et
1580 412 1755 466 Pontia
1797 413 2038 467 consciae

219 504 436 557 ancillae
488 505 768 557 custodiam
821 505 1040 557 cubiculi
1083 506 1318 557 mandat.

1402 505 1490 558 Ille
1540 520 1641 557 uno
1696 521 1806 558 cum
1855 505 2036 557 liberto

1166 598 1315 663 Tum,
1367 602 1422 648 ut
1457 597 1655 650 adsolet
1681 594 1742 648 ‘in
1777 611 1951 650 amore
1990 601 2040 649 et

215 686 309 752 ira,
347 687 513 755 iurgia
539 703 735 754 preceS‚
778 689 1101 755 exprobratio
1141 688 1438 754 satisfactiO,
1478 695 1527 741 et
1563 705 1678 756 pars
1716 690 2038 741 tenebrarum

215 777 427 830 libidine
464 779 713 845 seposita3
769 794 866 845 qua
902 780 1141 831 incensus
1179 780 1302 830 nihil
1341 786 1643 832 metuentem
1695 781 1832 832 ferro
1867 785 2079 837 trans-⁵

215 870 470 935 verberat,
511 875 560 922 et
595 876 942 923 accurrentem
976 871 1207 923 ancillam
1242 872 1453 924 vulnere
1490 873 1738 924 absterret
1776 871 2042 923 cubiculo-

219 976 316 1028 que
337 957 646 1028 prorumpit.
718 962 924 1014 Postera
954 963 1038 1013 die
1066 963 1330 1015 manifesta
1369 964 1572 1029 caedeS,
1603 964 1737 1015 haud
1777 964 2042 1031 ambiguus

218 1067 491 1120 percussor
501 1071 515 1117 3
551 1053 732 1119 quippe
757 1055 1060 1105 mansitasse
1089 1070 1188 1106 una
1217 1055 1629 1106 convincebatur.
1705 1055 1804 1107 Sed
1830 1054 2042 1106 libertus

217 1159 362 1196 suum
411 1143 534 1194 illud
569 1143 765 1195 facinus
813 1144 1063 1210 profiteri,
1124 1160 1180 1196 se
1222 1145 1421 1211 patroni
1461 1145 1674 1197 iniurias
1715 1145 1869 1196 ultum
1909 1159 2040 1197 esse.

219 1234 672 1302 Commoveratque
708 1235 953 1301 quosdam
991 1235 1338 1304 magnitudine
1374 1236 1616 1302 exempli,
1656 1237 1821 1288 donec
1859 1236 2107 1292 ancillam

219 1342 284 1379 ex
318 1326 529 1378 vulnere
578 1326 772 1378 refecta
809 1342 985 1379 verum
1026 1327 1237 1394 aperuit.
1311 1328 1694 1394 Postulatusque
1745 1327 1874 1394 apud
1917 1341 2046 1379 con-

219 1417 355 1470 sules
382 1434 410 1470 a
445 1424 587 1485 patre
624 1418 940 1484 interfectae,
971 1424 1234 1486 postquam
1264 1419 1519 1472 tribunatu
1559 1419 1768 1486 abierat,
1795 1418 2046 1472 sententia

218 1515 414 1577 patrum
447 1515 496 1562 et
533 1510 650 1578 lege
682 1510 745 1562 de
781 1510 981 1563 sicariis
1020 1511 1400 1563 condemnatur.

135 1607 206 1659 45
359 1603 473 1655 Non
510 1602 674 1654 minus
726 1602 943 1670 insignis
986 1619 1048 1655 eo
1101 1618 1233 1655 anno
1285 1603 1596 1670 impudicitia
1634 1618 1933 1671 magnorum
1969 1602 2047 1655 rei

219 1692 452 1760 publicae
490 1693 734 1745 malorum
773 1694 967 1744 initium
1007 1694 1142 1745 fecit.
1215 1695 1337 1746 Erat
1373 1696 1425 1745 in
1462 1695 1664 1746 civitate
1692 1695 1878 1748 Sabina
1914 1694 2046 1761 Pop-
2061 1706 2111 1750 ιε

217 1799 371 1851 paea,
415 1784 524 1836 Tito
571 1785 702 1837 Ollio
745 1789 888 1851 patre
926 1786 1124 1852 genita,
1174 1786 1266 1837 sed
1306 1801 1493 1839 nomen
1532 1787 1614 1837 avi
1651 1787 1864 1838 materni
1906 1801 2048 1837 sum-

218 1880 420 1941 pserat,
458 1875 657 1927 inlustri
697 1876 941 1927 memoria
976 1875 1193 1941 Poppaei
1229 1875 1432 1943 Sabini,
1485 1876 1748 1928 consulari
1785 1881 1834 1928 et
1867 1877 2049 1927 trium-

219 1952 356 2032 phali
397 1965 585 2018 decore
636 1966 1030 2033 praefulgentis:
1089 1980 1204 2016 nam
1259 1967 1441 2019 Ollium
1492 1967 1772 2019 honoribus
1825 1967 2049 2018 nondum

222 2056 444 2108 functum
485 2055 704 2109 amicitia
745 2058 916 2109 Seiani
965 2058 1223 2121 pervertit.
1298 2059 1426 2110 Huic
1471 2059 1671 2111 mulieri
1719 2063 1899 2110 cuncta
1949 2057 2048 2109 alia

222 2148 366 2200 suere
398 2154 602 2215 praeter
641 2149 907 2201 honestum
944 2149 1178 2200 animum.
1255 2149 1448 2216 Quippe
1490 2155 1651 2202 mater
1687 2151 1826 2217 eiuS,
1869 2149 2048 2202 aetatis
2062 2169 2114 2209 20

346 2325 383 2365 1.
414 2330 672 2380 postremum
705 2321 832 2365 GMa:
879 2327 1123 2365 correctum
1156 2325 1200 2364 in
1234 2323 1346 2378 Spir.
1468 2326 1510 2368 4.
1547 2324 1653 2380 'foces
1683 2324 1764 2368 Ma.
1889 2327 1931 2369 5.
1965 2339 2050 2380 qua

222 2383 423 2425 incensus
455 2380 621 2424 editor:
653 2380 720 2424 Ma
739 2389 779 2424 et
810 2384 989 2437 quastim
1019 2396 1183 2436 census,
1217 2382 1250 2425 G
1280 2391 1320 2425 et
1352 2392 1498 2438 questu
1525 2385 1739 2428 incensus.
1809 2385 1946 2427 nichil
1964 2384 2047 2429 Ma.

224 2442 266 2485 6.
301 2449 573 2484 accurentem
604 2439 683 2484 Ma.
778 2442 818 2485 7.
853 2442 974 2484 cedes
1005 2441 1086 2485 Ma.
1177 2443 1245 2486 10.
1284 2451 1644 2498 commeveratque
1678 2444 1758 2487 Ma.
1857 2446 1924 2487 11.
1962 2459 2048 2488 cos.

226 2513 322 2542 cum
355 2501 432 2543 lin.
466 2500 547 2544 Ma.
691 2501 759 2543 13.
794 2501 1130 2559 condempnatur
1160 2500 1243 2545 Ma.
1371 2502 1438 2546 14.
1471 2504 1560 2559 inp.
1593 2501 1674 2545 Ma.
1792 2505 1860 2544 rei
1885 2519 1929 2560 p.
1965 2502 2046 2547 Ma.

228 2561 295 2604 15.
325 2574 493 2617 poppea
524 2560 603 2603 Ma.
698 2561 767 2604 16.
807 2561 848 2604 T.
886 2559 967 2603 Ma.
1075 2562 1141 2604 17.
1174 2561 1237 2603 ill.
1273 2561 1344 2604 Or.
1439 2563 1595 2619 poppei
1623 2560 1704 2604 Ma.
1808 2562 2051 2606 consularis

225 2627 265 2663 et
295 2619 564 2676 triumphalis
591 2617 671 2674 Ma,
710 2619 951 2662 consularis
983 2627 1023 2663 et
1055 2620 1304 2678 triumphali
1336 2619 1393 2663 G:
1427 2623 1619 2664 correxit
1649 2621 1929 2666 Puteolanus.

223 2763 421 2819 sequitur
474 2759 630 2803 Orellii
692 2767 732 2802 et
785 2761 907 2815 quasi
967 2761 1096 2803 istinc

225 2836 431 2873 cessurus,
453 2833 508 2861 ne
529 2820 632 2875 quid
652 2819 705 2861 de
729 2819 913 2862 audacia
928 2819 1093 2862 dicam:

224 2894 322 2923 nam
354 2882 399 2922 in
432 2878 508 2920 tali
543 2880 642 2921 loco
675 2879 851 2920 fortiter
875 2879 1094 2921 feliciter-

226 2953 311 2996 que
344 2939 519 2981 audenti
538 2940 668 2981 venia
690 2938 860 2980 dabitur
885 2939 1093 2992 aperitis.

224 3000 314 3042 Alii
340 3005 568 3041 tentavere
601 3011 684 3053 qua
713 2999 856 3040 statim
879 2999 1093 3051 incensus,

228 3073 281 3101 ex
314 3071 399 3113 qua
440 3059 584 3100 statim
613 3059 832 3111 incensus,
875 3063 999 3112 atquc
1031 3058 1096 3099 ita

226 3119 444 3172 infensus,
484 3124 610 3172 atque
639 3123 760 3158 aestu
798 3118 1015 3172 infensus,
1056 3118 1095 3158 ei

230 3177 352 3231 quasi
380 3177 566 3218 intentus
599 3176 906 3234 (Seyffertus).

316 3236 529 3276 sententia
554 3242 727 3290 patrum
759 3242 797 3276 et
828 3235 919 3290 leqe
952 3234 1002 3276 de
1033 3235 1096 3276 si·-

231 3294 363 3335 cartis
384 3293 705 3335 condemnatur.-
721 3293 954 3347 publicatis
970 3293 1096 3334 bonis

231 3353 275 3394 in
309 3351 485 3395 exilium
513 3358 634 3394 actus
669 3357 749 3394 est.
798 3350 999 3394 Cf.}1.1v
1022 3355 1096 3394 44.

322 3412 426 3465 Cap.
467 3412 540 3454 45.
602 3411 702 3452 huic
731 3410 929 3452 mulieri.-
980 3409 1096 3451 conf.

232 3470 514 3526 Semproniae
540 3469 774 3523 descriptio
807 3468 922 3523 apud
950 3468 1097 3512 Sallu-

232 3532 360 3573 stium
386 3532 429 3572 in
448 3527 576 3571 Catil.
599 3530 670 3582 25,
695 3529 930 3583 praecipue
949 3527 1098 3571 :thaec

231 3589 384 3632 mulier
423 3602 578 3646 genere
621 3595 747 3642 atque
790 3589 956 3642 forma,
1001 3587 1095 3628 viro

234 3647 378 3694 liberis
394 3650 499 3694 satis
517 3651 756 3709 fortunata,
776 3646 928 3691 litteris
954 3645 1095 3693 Grae-

1179 2762 1241 2803 cis
1301 2768 1426 2816 atquc
1485 2761 1655 2805 Latinis
1708 2762 1847 2806 docta.
1911 2764 2050 2806 Mater

1179 2820 1310 2862 huius
1334 2821 1564 2875 Poppaeae
1596 2822 1680 2863 fuit
1700 2822 1917 2877 Poppaea,
1944 2822 2049 2865 olim

1179 2879 1273 2920 'rito
1323 2879 1465 2934 Ollio,
1513 2879 1614 2922 dein
1671 2881 1867 2936 Scipioni
1915 2887 2050 2937 nupta

1181 2938 1261 2994 (XI
1282 2939 1439 2997 2—4)‚
1474 2952 1581 2981 avus
1604 2946 1824 2983 maternus
1847 2942 2046 2993 Sabinus,

1178 2999 1378 3053 principe
1409 2998 1583 3041 Tiberio
1618 3000 1791 3042 clarus:
1823 3001 1840 3042 1
1870 3000 1953 3054 80,
1988 3001 2048 3042 lv

1177 3057 1258 3110 46,
1305 3059 1340 3099 V
1377 3059 1452 3111 10,
1500 3058 1665 3113 v1393
1713 3060 1831 3103 conf.
1867 3060 2046 3103 Sueton.

1179 3117 1280 3159 Ner.
1315 3118 1387 3159 35.

1269 3174 1490 3217 consulari
1501 3200 1557 3208 —-
1572 3175 1885 3231 praesulyentis
1900 3189 1913 3215 .·
1939 3187 2049 3217 con-

1181 3233 1247 3274 sul
1304 3234 1386 3275 fuit
1440 3234 1519 3275 sub
1561 3235 1760 3291 Augusto
1808 3234 1918 3277 762:
1964 3234 2048 3275 Dio

1180 3291 1274 3333 LVI
1303 3294 1338 3333 1.
1387 3291 1605 3346 Triumphi
1639 3299 1892 3335 ornamenta
1913 3292 2050 3335 Thra-

1184 3352 1251 3392 cio
1295 3350 1414 3392 bello
1458 3354 1636 3393 meruit:
1689 3353 1824 3394 Tacit.
1874 3351 1932 3393 IV
1974 3351 2048 3395 46.

1184 3408 1308 3460 Quod
1347 3411 1392 3450 in
1435 3410 1497 3451 Ma
1537 3411 1777 3453 consularis
1814 3418 1852 3453 et
1896 3412 2050 3453 trium-

1177 3467 1346 3524 phalis,
1390 3469 1433 3509 in
1470 3467 1503 3509 G
1538 3470 1779 3512 consularis
1816 3477 1856 3512 et
1897 3471 2050 3512 trium-

1177 3527 1302 3582 phali
1341 3528 1547 3582 scriptum
1589 3535 1681 3583 est,
1725 3529 1778 3571 ad
1821 3528 1863 3570 id
1895 3530 2050 3571 vitium

1182 3587 1404 3642 genitivus
1439 3589 1635 3641 proxime
1666 3589 1866 3644 superior
1897 3587 2052 3635 ,Sabini

1179 3645 1366 3691 scribam
1396 3646 1582 3691 induxit.
