2280 4004
264 277 326 323 28
1025 276 1317 324 ANNALIVM

1828 295 1869 327 a.
1902 277 2085 332 1081)ss

259 421 306 475 si
342 420 583 473 memoria
622 433 796 470 eorum
835 423 1068 471 oreretur
1106 420 1206 487 qui,
1245 420 1558 486 inspectante
1595 421 1844 490 Capitolio
1880 428 2097 480 εει-πω

258 513 502 575 Romana,
545 510 774 562 manibus
815 510 1093 563 eorundem
1134 513 1373 578 prostrati
1411 513 1552 565 sint?
1619 515 1924 567 Fruerentur
1959 523 2091 570 sane
2137 584 2140 587 ἢ

257 601 507 654 vocabulo
547 600 790 651 civitatis:
840 601 1062 668 insignia
1096 607 1319 669 patrum,
1381 604 1570 657 decora
1606 605 2087 674 magistratuumne

256 691 542 759 vulgarent.
615 691 704 743 His
731 695 880 757 atque
904 692 1088 745 talibus
1119 693 1252 745 haud
1279 701 1536 761 permotus
1564 697 1802 763 princeps
1835 702 1885 749 et
1918 697 2171 750 statim24

217 787 436 835 scontra
474 782 714 835 disseruit
764 788 813 834 et
850 789 1036 836 vocato
1078 768 1259 847 s'enatu
1310 787 1379 839 ita
1432 802 1646 840 exorsus
1685 793 1792 841 est:
1840 783 2084 845 ‘maiores

253 873 386 940 mei,
448 889 658 940 quorum
708 875 1086 941 antiquissimus
1123 877 1335 930 Clausus
1383 879 1585 947 origine
1619 879 1807 933 Sabina
1844 879 1994 932 simul
2030 880 2084 932 in

252 966 510 1018 civitatem
548 967 826 1020 Romanam
878 973 927 1019 et
983 968 1035 1019 in
1081 969 1297 1022 familias
1345 971 1674 1037 patriciorum
1724 971 1949 1024 adscitus
1987 977 2081 1038 est,

250 1056 517 1112 hortantur
549 1058 619 1110 uti
660 1059 865 1125 paribus
913 1060 1140 1113 consiliis
1171 1077 1278 1113 rem
1304 1062 1554 1129 publicam
1593 1078 1872 1130 capessam,
1912 1068 2084 1116 trans-.-

251 1148 466 1204 ferendo
519 1149 617 1201 huc
676 1151 811 1217 quod
864 1166 1075 1218 usquam
1142 1154 1407 1221 egregium
1461 1154 1627 1207 fuerit.

1721 1155 1897 1222 Neque
1948 1155 2081 1208 enim

190 1239 436 1308 floignoro
476 1241 628 1293 Iulios
669 1242 826 1307 Alba,
885 1242 1235 1297 Coruncanios
1275 1245 1535 1311 Camerio,
1597 1247 1807 1299 Porcios
1844 1244 2079 1311 Tusculo,

252 1337 303 1385 et
335 1348 400 1385 ne
440 1338 614 1385 vetera
652 1339 952 1400 scrutemur,
991 1336 1191 1387 Etruria
1229 1338 1552 1404 Lucaniaque
1589 1343 1639 1390 et
1674 1338 1811 1390 omni
1848 1338 1990 1390 ltalia
2028 1340 2082 1390 in

250 1429 481 1477 senatum
520 1425 732 1490 accitOS,
774 1431 1033 1492 postremo
1071 1427 1231 1494 ipsam
1268 1428 1331 1479 ad
1358 1428 1515 1494 Alpes
1550 1434 1850 1495 promotam,
1886 1433 1943 1480 ut
1977 1443 2082 1498 non

250 1515 403 1567 modo
445 1515 633 1582 singuli
674 1516 888 1582 viritim,
944 1518 1036 1570 sed
1075 1523 1277 1584 terrae,
1327 1525 1508 1586 gentes
1547 1520 1599 1570 in
1634 1534 1823 1572 nomen
1855 1524 2083 1574 nostrum

250 1605 618 1658 coalescerent.

693 1608 831 1658 Tunc
869 1609 1032 1660 solida
1072 1610 1208 1662 domi
1264 1611 1435 1678 quies,
1490 1616 1539 1662 et
1589 1611 1835 1663 adversus
1873 1615 2082 1666 externa

191 1697 540 1763 ¹⁵flor11imus,
586 1714 698 1749 cum
733 1700 1079 1767 Transpadani
1117 1702 1168 1752 in
1210 1702 1463 1755 civitatem
1497 1704 1717 1769 recepti,
1758 1703 1870 1754 cum
1907 1701 2081 1769 specie

370 1833 407 1874 1.
443 1836 658 1890 oreretur]
680 1841 918 1875 moreretur
949 1833 1043 1876 Ma:
1085 1836 1376 1878 emendavere
1394 1836 1633 1890 Seyffertus
1667 1843 1711 1880 et
1728 1835 2080 1893 Bezzenberger.

245 1891 512 1949 inspectante
546 1892 712 1934 editor:
746 1907 771 1934 a
804 1894 928 1935 codd.
963 1895 1100 1937 abest.

240 1953 453 2009 prostrati
482 1952 567 1993 sint
599 1952 766 1993 editor:
800 1953 867 1994 Ma
901 1967 998 1995 cum
1033 1954 1193 1997 ceteris
1232 1970 1314 2012 per
1356 1970 1399 1997 se
1438 1957 1558 1997 satis.

246 2012 510 2068 capessenda
542 2010 632 2053 Ma:
679 2018 922 2054 correctum
954 2014 1069 2056 inest
1102 2014 1148 2056 G.

245 2071 315 2115 Ma
348 2074 455 2130 (non
490 2071 805 2127 Coruncanos).

354 2194 573 2228 oreretur:
626 2188 669 2228 in
718 2186 786 2229 Ma
832 2187 935 2229 huic
983 2188 1120 2230 verbo

248 2252 442 2289 extrema
483 2246 789 2300 praecedentis
824 2249 1009 2303 (eorum)
1042 2248 1121 2290 lit-

245 2311 339 2348 tera
372 2305 600 2358 adhaesit,
636 2306 750 2349 unde
783 2307 943 2348 factum
978 2322 1120 2350 more-

244 2373 389 2418 retur,
441 2371 487 2406 ut
530 2366 573 2406 in
617 2366 770 2407 eodem
804 2366 915 2408 libro
949 2367 1028 2409 XV
1064 2369 1122 2410 52

244 2426 304 2467 ad
334 2425 530 2467 libertate
553 2433 793 2467 moreretur
822 2427 1030 2485 scriptum
1056 2432 1121 2468 est·

248 2497 327 2540 pro
361 2485 419 2527 ad
448 2485 689 2527 libertatem
733 2493 952 2539 oreretur3
1005 2486 1119 2528 idem

244 2544 356 2586 vidit
403 2545 643 2597 Seyffertus
695 2546 768 2599 qui
816 2547 1026 2597 oriretur,
1077 2551 1120 2587 et

243 2603 584 2658 Bezzenberger
606 2603 679 2658 qui
713 2604 894 2645 formam
923 2611 1119 2645 oreretur

243 2667 366 2705 recte
388 2664 542 2703 tenuit.
590 2662 854 2704 Puteolanus
881 2664 1118 2704 inoriretur

246 2722 462 2775 expressit
484 2735 579 2762 cum
606 2722 829 2776 plerisque
861 2722 1115 2775 editoribus,

243 2782 427 2825 verbum
490 2794 575 2822 non
642 2780 896 2823 l'acitinum.
971 2781 1116 2823 Possis

245 2842 497 2884 coniectare
532 2853 627 2882 cum
660 2841 746 2883 lac.
771 2839 990 2882 Gronovio
1023 2855 1117 2882 mo-

243 2908 428 2953 veretur,
463 2906 506 2941 at
538 2901 699 2941 moveri
729 2913 817 2941 non
838 2900 996 2942 dicitur
1021 2914 1117 2942 me-

243 2961 383 3002 moria
440 2972 551 3014 quae
597 2961 839 3016 excitatur,
889 2961 965 3001 sed
1006 2973 1116 3014 quae

242 3019 440 3076 pellitur.
507 3033 651 3060 eorum
692 3019 806 3060 haud
849 3018 979 3060 dubie
1008 3021 1117 3072 'per-

242 3080 355 3122 tinet
395 3078 448 3119 ad
493 3091 568 3120 eos
613 3079 684 3134 qui
722 3092 747 3119 a
780 3078 914 3120 Gallis
961 3077 1117 3119 confli-

243 3139 347 3181 ctati
380 3144 495 3190 sunt,
533 3151 618 3178 non
652 3137 703 3179 ad
741 3137 888 3179 Gallos
922 3138 1056 3191 ipsos.

341 3198 607 3253 inspectante
649 3196 861 3253 Capitolio
920 3204 959 3238 ct
1014 3210 1117 3238 arce

243 3259 467 3301 Romana:
513 3262 716 3299 accurate
764 3270 881 3298 nunc
926 3257 1117 3312 loquitur

242 3316 351 3358 duos
389 3317 527 3359 colles
570 3315 807 3371 Capitolini
841 3322 1011 3358 montes
1045 3314 1114 3355 di-

242 3377 537 3433 stinguend0‚
574 3390 670 3416 eum
707 3377 750 3416 in
784 3388 870 3430 quo
907 3375 1115 3429 templum

240 3436 359 3477 lovis
407 3436 708 3492 (Capitolium)
752 3441 795 3476 et
840 3434 1024 3476 alterum
1073 3435 1114 3474 in

242 3507 329 3548 quo
364 3508 449 3535 arce
483 3495 616 3536 urbis„
685 3493 750 3536 Cf.
787 3500 936 3536 annot.
969 3494 1035 3535 ad.
1062 3493 1112 3534 Η.

239 3550 298 3593 111
340 3555 410 3596 71.
474 3553 602 3594 Arois
645 3566 720 3607 pro
766 3567 849 3594 ara
896 3554 1114 3595 restitutio

240 3613 348 3653 satis
393 3618 512 3654 certa
555 3612 648 3653 Nic.
685 3612 864 3654 Heinsio
914 3613 1111 3655 debetur.

241 3669 360 3720 ldem
394 3672 435 3712 in
466 3672 624 3714 ceteris
645 3670 830 3715 licenter
854 3673 959 3731 egit.
1000 3671 1111 3729 Ego,

1231 1910 1335 1937 arce
1367 1896 1600 1938 Heinsius:
1636 1897 1812 1939 codices
1844 1908 1943 1937 ara.
2036 1898 2079 1940 2.

1710 1957 1754 1999 8.
1790 1967 1881 1996 rem
1907 1954 2083 2012 publicu

1273 2014 1316 2058 9.
1349 2029 1484 2071 usqua
1509 2014 1590 2058 Ma.
1686 2016 1755 2059 10.
1785 2013 2083 2058 Coruncanios

1178 2195 1254 2230 ·ut
1286 2189 1431 2231 verbis
1452 2189 1631 2231 nimium
1658 2189 1883 2231 attentatis
1909 2188 2083 2232 tandem

1208 2251 1322 2290 iusta
1354 2251 1576 2290 sententia
1609 2249 1933 2301 conciliaretur,
1965 2261 2082 2290 nune

1180 2309 1293 2350 ·hoc
1326 2309 1432 2349 iuris
1465 2308 1573 2350 mihi
1605 2310 1784 2363 sumpsi,
1816 2313 1865 2349 ut
1890 2307 1945 2350 de
1971 2308 2080 2349 meis

1208 2367 1411 2410 adderem
1456 2369 1749 2424 inspectante,
1792 2370 1907 2410 inter
1945 2379 2080 2409 voees

1209 2427 1362 2468 eodem
1411 2439 1519 2468 sono
1572 2428 1837 2482 incipientes
1894 2427 1988 2484 (qui
2036 2432 2081 2468 et

1211 2486 1443 2543 Capitolio)
1478 2488 1702 2530 omissum.

1295 2547 1523 2587 Romana.-
1568 2552 1667 2600 post
1699 2545 1784 2587 hoc
1815 2543 2085 2588 vocabulum

1205 2605 1370 2646 hiatum
1433 2618 1530 2646 esse
1589 2604 1774 2647 credidit
1837 2604 2079 2658 Seyffertus

1205 2676 1393 2718 eumque
1428 2663 1608 2717 explere
1643 2663 1789 2705 addito
1831 2662 1968 2705 verbo
2000 2663 2079 2704 ob-

1203 2736 1322 2763 sessa
1354 2729 1535 2763 conatus
1570 2728 1650 2764 est.
1714 2722 1753 2764 A
1794 2735 1902 2765 vero
1946 2721 2079 2765 aber-

1202 2783 1340 2823 ravit:
1375 2795 1473 2823 nam
1509 2795 1605 2823 cum
1637 2782 1829 2824 seniores
1854 2782 2078 2824 Romano-

1202 2854 1296 2882 rum
1330 2841 1374 2881 in
1407 2841 1639 2883 vestibulis
1687 2841 1859 2883 aedium
1901 2853 2079 2884 suarum

1201 2900 1544 2953 trucidabantur,
1582 2900 1848 2955 Capitolium
1884 2899 2077 2942 nondum

1202 2959 1434 3001 obsidione
1473 2973 1497 3001 a
1544 2959 1680 3002 Gallis
1728 2962 1918 3002 cinctum
1970 2964 2078 3003 erat.

1204 3018 1271 3061 Cf.
1305 3018 1400 3060 Liv.
1439 3020 1475 3060 V
1499 3019 1572 3062 41.
1637 3019 1722 3061 Sed
1754 3020 1829 3074 qui
1862 3019 2079 3076 perfuge-

1200 3084 1296 3119 rant
1333 3078 1376 3118 in
1411 3078 1673 3132 Capitolium
1709 3084 1753 3120 et
1786 3091 1946 3131 arcem,
1978 3077 2079 3119 inde

1201 3150 1377 3178 suorum
1418 3139 1461 3178 in
1508 3137 1615 3178 urbe
1647 3137 1826 3179 caedem
1858 3137 2079 3194 inspecta-

1202 3197 1318 3238 bant.

1287 3256 1498 3311 prostrati
1535 3254 1648 3296 sint:
1707 3254 1773 3297 sic
1821 3268 1906 3312 ego
1951 3255 2078 3298 solvo

1201 3316 1394 3371 vestigia
1437 3313 1536 3356 libri
1570 3312 1636 3355 Ma
1664 3328 1744 3370 per
1775 3330 1820 3357 se
1851 3315 1982 3368 satis,
2032 3315 2076 3356 in

1202 3375 1359 3430 quibus
1397 3388 1477 3430 per
1514 3374 1610 3415 sive
1648 3389 1680 3432 p
1726 3387 1780 3415 ex
1809 3392 1873 3434 lp,
1917 3374 1960 3416 id
2011 3379 2077 3414 est

1197 3448 1293 3490 pro,
1318 3438 1583 3487 corruptum,
1599 3434 1813 3488 prosesati
1843 3438 1988 3474 autem
2021 3445 2075 3473 ex

1196 3494 1407 3549 prostrati
1438 3498 1601 3542 natum,
1633 3506 1653 3531 s
1685 3498 1787 3533 nota
1818 3490 1940 3532 verbi
1972 3491 2071 3532 sint.

1293 3551 1397 3606 Cap.
1433 3553 1505 3595 24.
1575 3551 1639 3591 ita
1671 3564 1845 3591 exorsus
1877 3556 1966 3591 est:
1999 3562 2073 3591 ar-

1201 3617 1455 3668 gumentum
1488 3610 1697 3651 orationis
1729 3622 1754 3650 a
1779 3607 1962 3650 Claudio
1989 3607 2070 3651 ha-

1199 3671 1317 3715 bitae
1351 3676 1394 3713 et
1422 3670 1713 3727 cogitat-iones
1738 3668 1949 3724 principis
1972 3679 2069 3712 sera
