2280 4004
189 280 215 317 a
244 267 295 316 0.
331 271 400 317 14.
434 306 436 308 ,
794 270 959 317 LIBER
987 270 1021 317 Ι.
1085 272 1416 318 onum—34.
1958 276 2017 318 39

188 415 476 469 excessisse
515 416 798 484 Augustum
843 416 1118 491 adfertur.
1178 419 1388 483 Neptem
1437 419 1546 471 eius
1583 418 1919 488 Agrippinam
1959 419 2014 471 in

186 505 506 560 matrimonio
542 508 813 575 pluresque
842 524 906 561 ex
933 524 993 561 ea
1028 491 1218 564 liberos
1243 509 1480 576 habebat,
1518 510 1629 578 ipse
1653 511 1820 562 Druso
1856 511 2014 563 fratre

93 590 97 640 ἑ
187 599 374 651 Tiberii
410 599 642 667 genituS,
693 601 956 668 Augustae
993 614 1184 667 nepos,
1243 600 1335 652 sed
1383 600 1562 653 anxius
1612 601 1826 652 occultis
1865 602 1918 653 in
1955 617 2014 655 se

186 690 350 757 patrui
385 691 630 757 aviaeque
670 691 832 757 odiis,
869 705 1081 758 quorum
1117 706 1303 744 causae
1340 693 1598 758 acriore8‚
1637 692 1753 760 quia
1789 693 2010 760 iniquae.

188 781 382 848 Quippe
417 781 570 832 Drusi
606 795 789 849 magna
825 783 957 849 apud
994 782 1232 850 populum
1267 783 1548 836 Romanum
1584 782 1853 849 memoria,
1896 798 2052 835 cre-5

186 873 514 941 debeturque,
547 873 590 924 si
619 887 788 925 rerum
825 874 1010 940 potitus
1039 875 1188 940 foret,
1214 874 1498 927 libertatem
1522 874 1811 926 redditurus
1822 892 1837 940 3
1876 874 2014 926 unde

182 964 236 1016 in
277 964 632 1017 Germanicum
668 961 817 1017 favor
855 971 904 1017 et
937 980 1054 1032 spes
1098 958 1293 1017 eadem.
1366 966 1493 1018 Nam
1534 966 1705 1018 iuveni
1743 966 1894 1019 civile
1930 966 2015 1017 in·-

33 1049 41 1058 .
182 1057 413 1125 genium,
467 1056 594 1108 mira
650 1056 862 1109 comitas
915 1062 966 1108 et
1012 1057 1224 1129 vdimersa
1271 1071 1300 1107 a
1340 1054 1527 1108 Tiberii
1578 1071 1817 1128 sermone
1874 1058 2015 1127 vultu
2064 1083 2124 1128 sk

115 1140 121 1228 'i
184 1146 563 1220 adrogantibus
587 1152 636 1199 et
676 1128 1335 1223 obscuris.⁸'*'Accedebant
1370 1146 1645 1198 muliebres
1682 1146 2013 1211 offensioneS,
2070 1133 2081 1142 ἆ

90 1229 117 1327 j
183 1230 541 1291 novercalibus
570 1223 744 1290 Liuiae
773 1223 826 1288 in
850 1237 1184 1305 Agrippinam
1217 1236 1432 1288 stimulis
1449 1255 1464 1302 3
1501 1242 1651 1304 atque
1686 1238 1797 1304 ipsa
1820 1237 2015 1307 Agrip·
2031 1250 2080 1287 ιο

85 1331 95 1394 ἱ
181 1330 299 1399 pina
336 1330 486 1398 paulo
527 1329 855 1394 commotior,
913 1329 1014 1380 nisi
1067 1328 1204 1396 quod
1263 1328 1493 1380 castitate
1532 1333 1582 1380 et
1617 1329 1784 1380 mariti
1840 1343 2014 1381 amore

92 1418 170 1491 34
185 1422 414 1489 quamvis
450 1421 746 1473 indomitum
778 1421 997 1473 animum
1036 1420 1089 1470 in
1122 1420 1311 1471 bonum
1349 1420 1597 1472 vertebat.
1674 1420 1775 1473 Sed
1800 1421 2016 1472 Germa-

184 1514 331 1565 nicus
370 1518 558 1580 quanto
594 1526 819 1565 summae
857 1512 968 1579 spei
1008 1511 1247 1580 propior,
1301 1515 1441 1562 tanto
1481 1511 1758 1577 impensius
1794 1526 1887 1578 pro
1928 1512 2016 1562 Ti-

115 1591 119 1612 *
185 1605 331 1657 herio
366 1605 475 1655 niti.
548 1604 813 1670 Sequanos
838 1603 1098 1669 proximos
1130 1608 1179 1654 et
1204 1602 1476 1669 Belgarum
1504 1598 1734 1654 civitates
1770 1602 1823 1653 in
1856 1602 2015 1654 verba

185 1696 295 1748 eius
332 1695 508 1763 adigit.
569 1695 768 1747 Dehinc
795 1693 967 1746 audito
991 1692 1263 1761 legionum
1293 1691 1504 1744 tumultu
1539 1693 1720 1759 raptim
1755 1692 2014 1759 profectus
2033 1709 2079 1747 15

185 1787 365 1839 obvias
401 1790 543 1838 extra
583 1790 750 1837 castra
801 1782 1002 1849 habuit,
1058 1782 1271 1836 deiectis
1315 1783 1368 1834 in
1414 1789 1601 1835 terram
1660 1783 1823 1835 oculis
1879 1783 2018 1835 velut

181 1877 505 1946 paenitentia.
580 1877 859 1942 'Postquam
903 1875 1088 1927 vallum
1137 1873 1273 1939 iniit,
1338 1875 1536 1927 dissoni
1588 1880 1794 1941 questus
1850 1874 2015 1926 audiri

184 1984 419 2036 coepere.
493 1968 555 2020 Et
594 1967 796 2035 quidam
831 1981 1017 2032 prensa
1054 1980 1205 2017 manu
1242 1965 1350 2017 eius
1398 1981 1490 2032 per
1529 1966 1753 2031 speciem
1791 1979 2016 2016 exoscu-

183 2055 320 2116 landi
355 2056 677 2111 inseruerunt
725 2055 934 2124 digitoS,
972 2057 1026 2107 ut
1060 2071 1223 2107 vacua
1265 2051 1500 2108 dentibus
1537 2071 1628 2108 ora
1667 2054 2014 2123 contingeret3

298 2234 340 2275 5.
375 2232 417 2274 h.
452 2233 480 2274 l.
515 2232 628 2288 apud
659 2231 713 2273 M.
777 2230 1044 2272 credebatur.
1079 2231 1160 2282 Qui
1189 2232 1228 2272 si
1250 2230 1305 2272 M.
1371 2230 1412 2273 6.
1443 2232 1584 2286 potius
1616 2228 1669 2271 M.
1733 2230 1777 2272 8.
1812 2229 2014 2271 adtiberii

187 2292 239 2347 (cl
269 2297 430 2346 puncto
463 2295 683 2347 notatum)
716 2289 773 2332 M.
866 2290 910 2333 9.
942 2288 1151 2330 accebant
1182 2290 1238 2331 M.
1320 2290 1388 2333 12.
1424 2290 1468 2331 h.
1501 2289 1531 2331 l.
1564 2289 1639 2331 sed
1668 2288 1722 2331 M.
1801 2289 1869 2331 13.
1898 2302 2007 2344 pro-

178 2352 303 2406 prior
334 2351 374 2392 M
407 2355 457 2406 (r
486 2355 647 2405 puncto
677 2354 900 2402 notatum,
938 2355 986 2390 ut
1017 2349 1217 2400 videtur,
1263 2347 1468 2392 Beroaldi
1499 2352 1670 2405 manu).
1778 2346 1847 2391 14.
1880 2341 2009 2404 sequ&

184 2410 251 2456 M:
282 2411 504 2466 Sequanos
534 2409 791 2453 Beroaldus.
886 2407 955 2451 18.
988 2410 1161 2466 spetiem
1192 2407 1247 2450 M.

184 2595 888 2654 turiarumsinguloscenturiones
908 2595 1050 2639 lector
1132 2595 1391 2639 stituendam
1420 2595 1659 2636 libertatem
1680 2592 1872 2650 Auqusto
1906 2607 2014 2650 ayc-

184 2658 405 2699 reminisci
437 2656 585 2699 debet.
634 2654 760 2697 Conf.
782 2652 960 2697 Cincius
977 2670 1046 2711 ap.
1137 2656 1222 2697 bat.
1292 2653 1418 2697 Conf.
1453 2653 1568 2695 idem
1586 2650 1742 2695 claud.
1769 2655 1809 2696 1.
1843 2652 2016 2695 Tacitus

187 2716 372 2758 Gellium
390 2715 488 2758 xv!
507 2719 552 2769 4,
583 2715 792 2770 Polybius
827 2714 884 2756 Vl
915 2714 974 2759 24
1009 2717 1048 2758 1.

274 2775 447 2817 Cassius
479 2775 751 2817 Chaerea-—
770 2774 973 2830 adeptus:
1005 2787 1048 2816 v.

187 2836 419 2877 Suetonius
452 2833 593 2890 Calig.
628 2833 684 2876 56
715 2844 781 2888 sq.
814 2832 899 2875 Dio
921 2833 1054 2875 LVIII

187 2893 244 2937 29
274 2906 338 2947 sq.
458 2892 629 2948 viqilias
657 2894 889 2934 stationes.-
933 2893 1051 2935 conf.

188 2952 241 2993 ad
264 2950 320 2992 Xl
340 2951 384 2994 6.
474 2965 554 2993 nec
570 2964 810 3007 paucorum
822 2951 1026 2994 instinctu
1041 2966 1056 2993 .·

189 3011 335 3065 recepi
377 3022 458 3052 nec
497 3024 522 3052 a
554 3010 704 3053 Grotio
743 3010 937 3052 oblatum
977 3023 1056 3066 pro

188 3069 278 3111 παι
313 3069 397 3111 hoc
428 3070 567 3124 ipsum
595 3069 834 3112 defendere
865 3083 1057 3126 nequeo,

189 3142 240 3171 ac
271 3139 435 3170 memor
468 3130 511 3170 in
538 3127 701 3170 talibus
715 3127 908 3171 Tacitum
939 3142 1056 3171 nova

190 3194 234 3230 et
265 3186 445 3230 insolita
475 3188 653 3230 minime
693 3190 853 3230 sectari
892 3189 1058 3230 codicis

189 3248 444 3299 scripturam
480 3247 670 3288 tolerare
701 3257 789 3288 non
821 3249 957 3302 potui.

277 3303 383 3357 Cap.
415 3305 488 3346 33.
551 3311 719 3360 neptem
741 3306 831 3347 cius
851 3305 1059 3361 Agrippi-

191 3376 318 3404 nam.-
353 3362 407 3404 M.
439 3363 635 3418 Agrippa
667 3368 711 3404 et
741 3363 852 3406 Iulia
868 3365 1058 3419 Augusti

191 3422 280 3464 iiiia
325 3422 473 3477 genita
512 3427 627 3462 eratt
667 3420 780 3464 141.
910 3423 1062 3463 crede-

192 3481 397 3534 baturque
429 3506 483 3512 —-
515 3480 753 3522 libertatem
790 3480 1061 3522 redditurus.-

193 3539 428 3582 Suetonius
450 3539 542 3581 Tib.
565 3540 648 3583 50:
680 3539 821 3580 odium
849 3540 898 3580 in
920 3539 1062 3581 Druso

194 3600 348 3641 detexit
374 3599 638 3656 (Tiberius),
653 3598 829 3656 prodita
852 3599 940 3640 eius
971 3600 1064 3655 epi-

194 3658 305 3701 stota
333 3672 417 3714 qua
452 3672 594 3703 secum
622 3659 673 3702 de
692 3658 880 3716 coyemlo
911 3658 971 3701 ad
989 3671 1064 3701 re-

1135 2713 1275 2758 1182.
1427 2713 1727 2755 novercalibus
1775 2712 1928 2755 liviae
1969 2713 2017 2754 in

1135 2775 1423 2831 Ayrippinam
1481 2772 1690 2814 stimulis.-
1768 2772 2017 2827 Agrippina

1136 2832 1289 2875 Liviae
1321 2844 1454 2873 nurus
1489 2837 1532 2873 et
1559 2831 1670 2873 haec
1687 2842 1883 2872 noverca
1915 2831 2011 2873 eius

1141 2898 1260 2944 erat,
1312 2893 1414 2947 quia
1460 2890 1659 2933 Tiberius
1710 2888 2014 2932 Germanicum

1139 2964 1218 3006 pro
1252 2951 1344 2993 tilio
1377 2951 1678 3005 adoptaverat.

1226 3011 1312 3052 nisi
1343 3010 1453 3066 quod
1485 3011 1682 3051 castitate
1705 3032 1761 3041 --
1786 3007 1834 3049 in
1865 3007 2018 3049 bonum

1139 3070 1354 3112 vertebat.-
1388 3069 1546 3111 mulier
1564 3071 1708 3110 animo
1743 3069 2015 3118 commotior,

1141 3135 1192 3170 ut
1221 3129 1274 3170 ad
1293 3135 1487 3170 extrema
1504 3128 1717 3169 bonorum
1742 3126 2017 3167 etmalorum
2054 3139 2055 3142 ¹

1141 3189 1263 3229 iuxta
1294 3188 1543 3238 inclinaret,
1577 3186 1630 3226 ab
1663 3185 1781 3225 omni
1816 3183 2017 3225 facinore

1143 3247 1369 3298 abstinuit,
1401 3258 1456 3286 ne
1475 3245 1628 3298 optimi
1648 3242 2017 3296 dilectissimique

1143 3305 1286 3345 mariti
1327 3304 1518 3345 animum
1558 3300 1821 3351 offenderet,
1885 3300 2016 3341 immo

1147 3365 1335 3416 impetus
1389 3362 1513 3403 ferox
1564 3366 1607 3400 et
1660 3358 1713 3400 ad
1770 3357 2017 3399 audendum

1147 3421 1334 3475 quodvis
1351 3426 1524 3473 paratus
1558 3419 1600 3458 in
1619 3419 1780 3459 bonum
1800 3417 2015 3469 vertebat,

1149 3482 1273 3520 cuius
1304 3481 1368 3520 rei
1395 3483 1649 3534 argumenta
1667 3481 1894 3518 narrantur
1924 3475 2017 3519 140

1149 3543 1194 3580 et
1225 3538 1296 3581 69.
1362 3535 1489 3578 Conf.
1522 3535 1648 3589 1172,
1682 3536 1741 3577 lV
1774 3536 1832 3578 52
1864 3541 1909 3577 et
1939 3536 2012 3578 53.

1150 3596 1406 3640 Reiicienda
1436 3595 1565 3639 Neuii
1605 3596 1857 3637 coniectura
1897 3593 2014 3650 (Oh-

1150 3663 1309 3701 servat.
1337 3656 1391 3700 ad
1411 3655 1544 3699 Tacit.
1571 3667 1690 3711 spec.
1709 3654 1749 3712 Ι)
1778 3653 2012 3698 vertebant.
