2280 4004
190 257 288 303 1⁹4
964 253 1257 302 ANNALIVM
1771 268 1812 300 a.
1847 266 1894 299 ιι.
1927 254 2027 301 774.

201 398 540 466 clamitando,
601 399 952 453 executionem
1005 399 1113 451 eius
1152 397 1347 464 negotii
1382 397 1551 450 libens
1589 398 1841 464 suscepit3
1892 399 2029 466 ,quod

197 490 332 543 haud
389 491 603 558 perinde
658 490 861 557 publice
908 489 1022 541 usui
1073 489 1293 541 habitum
1347 503 1494 554 quam
1540 488 1807 541 exitiosum
1842 489 2028 556 multis,

199 597 411 648 quorum
450 583 501 633 in
553 582 820 649 pecuniam
874 586 1032 647 atque
1075 580 1258 633 famam
1324 580 1731 633 damnationibus
1781 586 1832 633 et
1884 580 2030 632 hasta

198 674 476 727 saeviebat.
1796 723 1798 725 ,

160 788 183 823 5
361 765 538 831 Neque
586 763 739 814 multo
787 768 902 829 post
949 763 1119 815 missis
1174 763 1238 815 ad
1289 767 1519 818 senatum
1573 764 1756 817 litteris
1799 762 2115 817 Tiberius32

197 860 382 910 motam
419 870 619 907 rursum
655 854 886 906 Africam
926 854 1134 914 incursu
1175 855 1511 908 Tacfarinatis
1555 855 1755 929 docuit,
1809 855 2034 908 iudicio-

197 959 294 1011 que
329 949 527 1012 patrum
576 945 903 1013 deligendum
939 960 1034 1012 pro
1071 945 1281 998 consule
1307 960 1522 1013 gnarum
1550 947 1776 1012 militiae,
1814 961 2033 1014 corpore

196 1035 417 1089 validum
459 1040 508 1086 et
544 1035 679 1087 bello
718 1035 1063 1088 suffecturum.
1143 1037 1288 1099 Quod
1330 1037 1526 1089 initium
1557 1038 1740 1099 Sextus
1766 1037 2032 1104 Pompeius

198 1125 424 1193 agitandi
460 1125 706 1178 adversus
732 1125 951 1178 Manium
976 1126 1217 1193 Lepidum
1256 1127 1362 1179 odii
1401 1132 1632 1193 nanctuS‚
1670 1133 1725 1180 ut
1760 1127 2032 1180 socordem

135 1241 184 1279 ω
199 1218 400 1283 inopem
452 1223 501 1268 et
556 1218 834 1269 maioribus
886 1218 993 1271 suis
1050 1218 1386 1285 dedecorum,
1452 1234 1616 1286 eoque
1673 1220 1824 1272 etiam
1871 1219 2033 1275 Asiae

198 1317 338 1364 sorte
385 1311 738 1378 depellendum
783 1311 1066 1377 incusavit,
1131 1311 1350 1365 adverso
1399 1317 1606 1376 senatu,
1664 1311 1750 1378 qui
1785 1310 2028 1378 Lepidum

197 1402 367 1454 mitem
404 1402 568 1469 magis
605 1417 753 1468 quam
792 1402 1048 1469 ignavum,
1086 1407 1325 1468 paternas
1361 1402 1408 1454 ei
1449 1402 1712 1470 angustias
1749 1407 1799 1454 et
1832 1399 2029 1464 >nobiti-

197 1500 350 1547 tatem
391 1495 504 1547 sine
540 1494 731 1561 probro
777 1499 940 1548 actam
978 1495 1164 1547 honori
1215 1510 1363 1562 quam
1399 1494 1714 1562 ignominiae
1748 1491 2033 1552 hahendam

199 1587 433 1639 ducebat.
511 1587 669 1653 Igitur
719 1586 903 1638 missus
955 1587 1008 1640 in
1046 1586 1239 1660 Asiam.
1328 1587 1391 1640 Et
1440 1586 1504 1638 de
1539 1586 1718 1641 Africa
1774 1585 2034 1649 decretum

134 1696 181 1733 ιε.
196 1683 249 1729 ut
284 1678 475 1730 Caesar
509 1677 708 1744 legeret
760 1677 840 1730 cui
878 1677 1166 1730 mandanda
1215 1678 1364 1729 soret.
1472 1677 1607 1731 Inter
1651 1691 1781 1743 quae
1813 1676 2119 1732 Seven-uses

198 1770 419 1822 Caecina
460 1768 658 1821 censuit
692 1783 756 1820 ne
796 1783 943 1834 quem
991 1769 1365 1837 magistratum,
1432 1768 1513 1820 cui
1562 1759 2030 1835 provinciaobve-

320 1913 359 1954 1.
394 1924 531 1953 exsec.
567 1909 637 1953 Or.
761 1909 804 1952 8.
842 1910 944 1952 Sex.
978 1910 1031 1952 M.
1155 1910 1196 1953 9.
1233 1909 1431 1951 Manium
1462 1907 1657 1962 Ryckius
1698 1913 1742 1951 et
1781 1912 1884 1950 ante
1915 1905 2032 1949 hunc

196 1969 368 2025 Lipsius
402 1970 496 2013 adc.
529 1971 609 2013 35:
642 1969 683 2011 M
716 1969 930 2012 Marcum.
1019 1976 1204 2011 ‚canctus
1235 1969 1290 2022 M,
1323 1979 1411 2009 non
1441 1974 1608 2010 nactus.
1731 1969 1800 2010 11.
1833 1965 2031 2023 lepida-t.

200 2033 268 2076 12.
303 2031 409 2074 Item
441 2030 507 2072 M:
543 2030 733 2071 correxit
762 2027 1019 2072 Beroaldus.
1114 2028 1183 2072 16.
1219 2042 1324 2084 neq,·
1356 2028 1653 2085 maqistratum
1682 2026 1737 2070 M.

264 2173 441 2215 quorum
452 2160 499 2201 in
507 2160 739 2216 pecuniam
750 2165 874 2214 atque
888 2160 1053 2214 famam
1067 2171 1076 2198 ε

198 2221 423 2274 mancipes
466 2226 509 2261 et
551 2224 775 2261 curatores
806 2219 974 2259 viarum
1005 2219 1078 2259 in-

199 2279 446 2334 telligendi,
475 2280 547 2333 qui
568 2279 839 2331 interceptae
862 2278 1078 2331 pecuniae

199 2337 406 2392 publicae
451 2352 476 2378 a
514 2337 765 2378 Corbulone
805 2336 994 2378 damnati
1035 2341 1080 2376 et

199 2403 324 2451 parte
361 2398 574 2437 bonorum
618 2396 789 2437 multati
822 2401 944 2448 sunt,
990 2407 1078 2436 non

203 2468 480 2510 possessores
513 2457 587 2511 qui
609 2468 737 2512 agros
756 2454 970 2496 haberent
994 2454 1078 2495 viis

200 2517 397 2568 vicinos,
449 2522 496 2556 ut
545 2516 716 2569 accepit
760 2513 932 2568 Lipsius
983 2526 1078 2555 cum

203 2573 472 2628 pedisequis.
534 2573 697 2615 Eadem
730 2575 967 2614 severitate
998 2585 1078 2614 eo-

203 2633 389 2687 demque
401 2638 629 2686 praetextu
642 2632 849 2673 indecore
860 2638 1080 2687 grassatus

172 2690 271 2733 {cst
308 2694 377 2733 vir
416 2691 493 2733 ille
537 2691 702 2746 alioqui
741 2692 928 2746 insignis
973 2689 1078 2731 Gaio

205 2750 392 2793 Caesare
424 2751 649 2804 principe:
686 2749 769 2791 Dio
801 2749 894 2791 LIX
929 2750 996 2791 15.

309 2808 413 2863 Cap.
461 2811 532 2853 32.
597 2810 735 2851 missis
782 2809 840 2851 ad
888 2815 1080 2850 senatum

203 2869 379 2910 litteris:
431 2870 607 2909 miserat
656 2875 930 2923 quaestorem
985 2869 1080 2909 sive

205 2928 478 2970 candidatum
511 2928 721 2982 principis
765 2929 837 2983 qui
871 2940 971 2969 suas
1004 2927 1080 2968 lit-

203 2994 318 3030 teras
343 2988 387 3028 in
405 2993 560 3030 senatu
587 2988 814 3039 recitaret3
850 2987 906 3029 cf.
931 2993 1081 3031 annot.

203 3047 256 3088 ad
290 3046 388 3088 XVI
416 3046 488 3090 34.
635 3075 641 3080 -

316 3106 513 3148 Manium
573 3105 811 3161 Lepidum:
871 3103 1078 3159 Lepidum

204 3178 319 3207 nunc
365 3170 650 3206 memoratum
696 3176 783 3206 non
830 3177 930 3207 esse
971 3163 1080 3205 illud

205 3225 360 3267 aetatis
383 3237 489 3266 suae
506 3223 641 3266 decus
652 3224 841 3266 Marcum
855 3222 1080 3277 Lepidum,

204 3285 258 3325 de
296 3296 380 3339 quo
411 3283 428 3324 1
464 3285 541 3336 13,
589 3282 646 3326 ΙΙΙ
682 3285 733 3326 11
769 3288 812 3325 et
843 3284 900 3327 35
934 3288 977 3323 et
1009 3282 1080 3334 50,

203 3343 262 3384 IV
296 3344 353 3386 20
387 3349 429 3385 et
465 3342 535 3395 56,
570 3342 626 3383 VI
659 3342 684 3384 5
721 3349 764 3384 et
799 3343 882 3396 27,
924 3354 1002 3396 per
1033 3354 1082 3383 se

205 3402 365 3456 liquet,
414 3406 544 3455 atque
590 3402 667 3443 ille
716 3401 887 3443 demum
938 3414 978 3442 a.
1026 3400 1083 3444 26

199 3461 352 3502 Asiam
395 3463 573 3502 sortitus
627 3466 719 3502 est:
772 3460 861 3501 vid.
909 3459 971 3500 lv
1011 3459 1081 3501 56.

207 3520 293 3559 lam
349 3520 383 3559 si
437 3518 548 3559 alius
588 3519 643 3559 M.
692 3519 881 3572 Lepidus
929 3518 1105 3560 eodem·

206 3577 490 3630 praenomine
543 3582 587 3618 et
628 3577 870 3620 consularis
909 3577 1082 3629 suisset,

208 3634 261 3680 ab
278 3634 440 3679 illustri
462 3640 566 3679 nota
584 3635 728 3679 addita
748 3635 1081 3696 distinguendus

1162 2162 1278 2210 erat3
1321 2155 1437 2213 quod
1476 2170 1573 2198 cum
1620 2167 1749 2197 secus
1796 2155 1875 2206 sit,
1924 2151 2037 2195 nihil

1161 2218 1377 2273 reliquum
1407 2217 1491 2258 nisi
1524 2221 1571 2257 ut
1602 2215 1799 2258 Manium
1813 2213 2035 2271 Lepidum,

1161 2278 1337 2318 fratrem
1395 2275 1483 2330 (ΙΙΙ
1529 2276 1616 2332 22)
1671 2280 1714 2316 et
1758 2272 2035 2315 defensorem

1160 2335 1376 2377 Aemiliae
1408 2334 1624 2388 Lepidae,
1673 2347 1698 2374 a
1728 2332 1876 2374 Tacito
1914 2331 2035 2373 ‹tesi-

1162 2401 1340 2451 gnatum
1373 2399 1601 2447 putemus:
1656 2392 1709 2433 de
1751 2391 1881 2432 tertio
1920 2391 2034 2431 enim

1161 2454 1326 2508 Lepido
1345 2458 1549 2494 senatore
1573 2457 1616 2493 et
1643 2449 1861 2492 consulari
1878 2450 2034 2492 aetatis

1161 2513 1417 2554 Tiberianae
1449 2510 1559 2553 nihil
1594 2509 1898 2552 inaudivimus.

1247 2577 1455 2613 nanctus:
1502 2569 1717 2612 servanda
1747 2573 1840 2611 erat
1872 2566 2037 2610 codicis

1161 2631 1327 2683 sorma3
1374 2629 1484 2671 haec
1518 2631 1632 2671 enim
1666 2628 1906 2670 communis
1937 2625 2036 2678 fuit,

1161 2690 1299 2732 altera
1332 2688 1471 2730 doctis
1507 2688 1730 2730 nonnullis
1763 2686 1943 2741 placuit.
1982 2685 2034 2728 V.

1163 2750 1368 2791 Priscian.
1418 2748 1455 2790 X
1497 2747 1528 2790 4
1567 2750 1622 2792 21
1666 2744 1738 2803 (p.
1786 2746 1876 2790 888
1921 2744 2035 2802 P.):

1161 2809 1395 2851 nanciscor
1420 2808 1549 2849 etiam
1568 2814 1743 2849 nactum
1757 2807 1867 2862 facit
1882 2804 2037 2859 aesque

1162 2882 1216 2921 n,
1255 2874 1300 2909 ut
1341 2866 1475 2908 Probo
1516 2874 1555 2909 et
1599 2867 1742 2923 Capro
1782 2872 1823 2908 et
1853 2862 2039 2908 Pollioni

1162 2935 1201 2970 et
1234 2926 1372 2969 Plinio
1400 2925 1559 2982 placet.
2006 2951 2009 2953 -

1252 3000 1381 3040 eoque
1413 2986 1541 3027 etiam
1581 2984 1715 3027 Asiae
1746 2990 1861 3027 sorte
1891 2981 2037 3041 depel-

1162 3046 1358 3086 lendum.-
1412 3046 1456 3086 in
1506 3058 1559 3086 ea
1615 3043 1935 3086 consultatione
1983 3040 2037 3082 ab

1164 3104 1262 3145 aliis
1276 3103 1438 3144 dictum
1451 3102 1859 3157 videtui-Lepidum,
1881 3112 2036 3156 quam-

1162 3175 1290 3218 quam
1301 3163 1639 3204 vetustissimum
1655 3174 1710 3203 ex
1720 3159 2037 3211 consularibus,

1163 3221 1218 3263 ob
1251 3227 1438 3263 aetatem
1470 3227 1513 3263 et
1546 3233 1703 3275 eorpus
1734 3232 1822 3262 non
1845 3217 2037 3262 validum

1163 3281 1340 3323 Africae
1399 3280 1596 3322 turbatae
1652 3282 1859 3333 imparem
1921 3288 2035 3320 esse.

1164 3340 1257 3381 Hoc
1288 3341 1459 3382 initium
1489 3339 1683 3395 agitandi
1717 3339 1925 3380 adversus
1949 3334 2037 3378 Le-

1164 3398 1311 3453 pidum
1345 3398 1435 3440 odii
1461 3405 1613 3441 nactus
1630 3398 1861 3451 Pompeius
1893 3395 2036 3436 disse-

1164 3460 1251 3500 ruit
1305 3459 1432 3501 etiam
1481 3459 1614 3500 Asiae
1677 3462 1794 3499 sorte
1852 3451 2036 3495 eundem

1166 3517 1475 3572 depellendum
1507 3530 1620 3559 esse.
1683 3514 1884 3556 Ceterum
1904 3510 2038 3552 Asiae

1164 3590 1258 3621 sors
1290 3576 1333 3619 h.
1359 3576 1389 3619 l.
1409 3575 1559 3618 eadem
1580 3586 1692 3629 quae
1705 3569 2036 3614 administratio.

1166 3633 1294 3680 Conf.
1337 3634 1397 3680 ΙΙΙ
1430 3635 1512 3681 71:
1563 3645 1656 3677 sors
1695 3631 1828 3676 Asiae
1865 3629 1915 3673 in
1945 3641 2039 3673 em
