2280 4004
884 280 899 289 ·’
976 280 985 290 “
1007 272 1301 330 Aunfflw
1827 302 1868 334 a.
1896 283 1945 337 u:
1977 280 2084 339 807:

260 276 349 329 no

260 431 310 480 et
361 422 530 480 rarum
581 428 634 479 in
685 425 933 479 societate
971 424 1270 494 potentiae,
1334 425 1652 498 concordes,
1692 432 1925 487 diversa
1971 436 2087 490 arte

258 535 323 572 ex
370 525 532 585 aequo
590 517 878 585 pollebant,
935 519 1123 571 Burrus
1171 520 1470 574 militaribus
1528 524 1668 576 curis
1718 530 1771 577 et
1807 526 2086 580 severitate*

257 606 509 675 morum,
550 609 747 662 Seneca
783 611 1067 677 praeceptis
1109 611 1430 678 eloquentiae
1481 619 1532 666 et
1573 616 1811 669 comitate
1848 617 2081 686 honesta,

255 701 486 753 iuvantes
531 701 583 751 in
627 701 816 767 vicem,
872 717 970 768 quo
1011 702 1214 774 facilius
1257 703 1505 762 lubricam
1549 707 1793 775 principis
1846 713 2079 775 aetatem,

219 793 301 845 ssi
349 794 586 844 virtutem
642 792 1031 859 aspernaretur,
1082 795 1421 861 voluptatibus
1474 798 1737 850 concessis
1784 800 2080 854 retinerent.

258 880 525 936 Certamen
549 883 749 950 utrique
776 874 928 936 unum
965 890 1076 937 erat
1101 891 1277 938 contra
1308 887 1553 940 ferociam
1584 889 1916 957 Agrippinae,
1953 907 2084 959 quae

258 972 454 1029 cunctis
504 975 668 1028 malae
722 975 1082 1029 dominationis
1138 977 1458 1044 cupidinibus
1505 980 1730 1048 flagrans
1776 981 1994 1036 habebat
2030 983 2082 1034 in

254 1068 481 1137 partibus
515 1068 822 1134 Pallantem,
886 1083 984 1135 quo
1038 1074 1247 1122 auctore
1283 1070 1520 1124 Claudius
1563 1073 1748 1139 nuptiis
1783 1074 1994 1128 incestis
2033 1079 2084 1127 et

258 1159 533 1226 adoptione
590 1160 807 1212 exitiosa
867 1165 1028 1212 semet
1082 1166 1414 1227 perverterat.
1510 1163 1611 1216 Sed
1678 1179 1844 1231 neque
1889 1166 2083 1218 Neroni

193 1251 390 1303 wintra
445 1266 625 1303 servos
675 1251 961 1319 ingenium,
1027 1256 1076 1303 et
1125 1252 1287 1303 Pallas
1342 1253 1472 1305 tristi
1523 1254 1827 1323 adrogantia
1877 1257 2082 1309 modum

254 1343 423 1395 liberti
456 1357 696 1411 egressus
734 1343 955 1394 taedium
989 1343 1067 1394 sui
1103 1349 1348 1395 moverat.
1422 1345 1685 1411 Propalam
1710 1352 1878 1400 tamen
1903 1359 2081 1401 omnes·

252 1434 305 1486 in
340 1424 458 1487 eam
489 1435 714 1486 honores
753 1434 1160 1500 cumulabantur,
1219 1435 1518 1502 signumque
1561 1451 1706 1490 more
1744 1438 1952 1492 militiae
1986 1454 2083 1508 pe-

254 1527 382 1578 tenti
439 1526 643 1577 tribuno
695 1525 835 1577 dedit
875 1520 1116 1591 ‘optimae
1167 1525 1379 1577 matris?
1460 1527 1665 1580 Decreti
1719 1534 1769 1580 et
1820 1545 1848 1581 a
1899 1536 2081 1583 senatu

254 1618 354 1670 duo
392 1618 632 1684 lictores,
688 1618 963 1670 flaminium
1003 1617 1293 1683 Claudiale,
1359 1618 1505 1670 simul
1543 1619 1752 1672 Claudio
1789 1624 2080 1675 censorium

192 1710 403 1763 issimus
428 1716 476 1763 et
512 1726 632 1763 mox
657 1710 996 1762 consecratio.
1070 1709 1164 1760 Die
1195 1709 1388 1766 funeris
1423 1709 1763 1771 laudationem
1802 1713 1912 1770 eius
1939 1714 2132 1782 prin-3

255 1818 375 1869 ceps
416 1817 631 1855 exorsus
667 1806 747 1854 est
769 1820 783 1866 3
838 1801 953 1853 dum
1004 1801 1349 1867 antiquitatem
1390 1803 1628 1869 generis,
1692 1804 1983 1857 consulatus
2019 1821 2081 1857 ae

251 1894 532 1961 triumphos
587 1893 835 1946 maiorum
903 1892 1265 1959 enumerabat,
1345 1893 1566 1954 intentus
1619 1895 1730 1965 ipse
1779 1899 1830 1948 et
1891 1897 2080 1962 ceteri;

261 2082 264 2087 ,
375 2049 410 2090 1.
451 2061 602 2106 rarum
631 2049 680 2090 in
707 2047 912 2097 societate
939 2048 1183 2107 potentiae,
1227 2047 1461 2094 concordes
1489 2046 1792 2099 Boxhorm'usg
1834 2048 1900 2101 Ma
1925 2065 2084 2110 parum

251 2105 298 2149 in
333 2108 535 2150 societate
561 2109 758 2165 potentia
790 2114 829 2152 et
861 2108 1119 2163 concordes,
1164 2106 1197 2149 G
1225 2109 1329 2165 pari
1365 2109 1412 2157 in
1454 2123 1489 2150 s.
1518 2111 1792 2165 potentiaque
1824 2125 1946 2162 conc.
2037 2113 2080 2156 3.

253 2168 403 2219 comite
434 2167 515 2211 Ma.
607 2168 647 2212 7.
680 2167 822 2226 malae
855 2165 935 2220 Ma,
967 2167 1093 2212 malis
1125 2167 1175 2210 G.
1271 2170 1340 2211 11.
1373 2181 1475 2213 sutae
1507 2167 1596 2220 Ma:
1627 2168 1776 2227 fleui-
1864 2171 1932 2215 13.
1967 2172 2082 2228 opti-

249 2241 315 2268 me
347 2225 427 2270 Ma.
542 2235 582 2270 et
613 2241 641 2276 a
674 2225 732 2269 G:
764 2225 832 2271 Ma
860 2234 967 2275 etas.
1084 2226 1152 2274 14.
1185 2227 1433 2282 flamonium
1461 2226 1541 2278 Ma.
1639 2229 1707 2282 17.
1734 2230 1893 2283 *ueteris
1925 2229 2015 2274 Ma:
2045 2229 2083 2274 G

252 2287 429 2331 caeteri,

1214 2431 1470 2487 cuiusquam
1521 2431 1684 2474 iniuria
1733 2429 1938 2477 libidines
1985 2431 2080 2475 eius

248 2430 356 2487 Agr.
379 2429 454 2473 15:
488 2443 748 2483 recessuros,
783 2437 831 2472 ut
851 2429 972 2472 divus
993 2429 1128 2472 Iulius

1215 2490 1522 2545 explerentur3
1567 2491 1684 2535 conf.
1727 2504 1765 2534 c.
1811 2494 1878 2536 12.
1929 2492 2077 2536 Horat.

250 2490 510 2532 recessisset.
544 2490 729 2531 Nomina
751 2489 1023 2532 substantiva
1045 2503 1127 2534 eo-

251 2549 347 2591 dem
372 2549 499 2590 modo
518 2548 734 2590 interdum
759 2556 1032 2603 repetuntur,
1045 2564 1127 2591 ve-

251 2608 317 2649 lut
361 2608 460 2649 XIV
508 2608 588 2650 56:
638 2608 843 2661 rebusque
885 2616 923 2650 et
964 2611 1129 2664 fructui

250 2681 410 2709 rerum.
473 2667 552 2708 XV
590 2667 675 2710 29:
708 2667 844 2708 medio
877 2668 1068 2709 tribunal
1087 2676 1127 2710 et

251 2727 391 2768 sedem
439 2726 629 2768 curulem
685 2733 724 2767 et
772 2727 893 2768 >sedes
946 2727 1126 2782 effigiem

252 2786 439 2828 Neronis
471 2785 718 2827 sustinebat.
772 2786 821 2828 11.
843 2786 949 2828 114:
981 2801 1124 2841 quan-

252 2853 416 2900 tumque
458 2844 545 2886 illis
585 2845 751 2889 roboris
795 2845 1048 2888 discrimina
1086 2853 1124 2888 et

252 2905 389 2958 labo-r,
423 2911 586 2946 lantum
618 2904 683 2946 his
708 2907 869 2959 viqoris
897 2906 1125 2947 addiderat

250 2965 423 3020 integra
469 2965 585 3018 quies
634 2971 675 3005 ct
726 2965 973 3020 inexpertus
1027 2966 1125 3007 belli

251 3023 388 3067 labor.
507 3023 561 3066 6:
623 3030 824 3077 quantum
884 3024 1123 3066 insularum

249 3085 364 3125 mari
395 3083 605 3138 cinqitur,
647 3089 688 3123 et
716 3083 915 3138 parando
948 3084 1122 3126 interim

250 3143 357 3185 bello
371 3142 601 3184 secundum
611 3147 823 3196 tutumque
841 3143 976 3199 ipsum
984 3157 1119 3186 mare.

251 3202 428 3244 Obvia-m
459 3203 525 3243 ire
561 3200 713 3250 eadem
756 3203 801 3243 vi
834 3215 934 3243 mox
971 3206 1033 3259 (c.
1068 3204 1118 3261 5)

248 3264 438 3317 positum
474 3268 516 3303 et
550 3274 683 3314 saepe
716 3260 839 3303 alias.

348 3335 499 3363 rarum
540 3322 587 3362 in
632 3321 835 3362 societate
881 3323 1123 3378 polentiae-⁸

246 3381 401 3423 vitium
422 3381 485 3423 Ma
513 3394 671 3436 parum
690 3378 792 3422 hinc
812 3387 968 3435 ortum,
1005 3382 1120 3437 quod

247 3441 390 3482 scriba
423 3441 518 3482 eius
552 3440 595 3480 in
646 3439 898 3498 ἀρχετύπῳ
939 3443 1118 3495 primam

247 3501 371 3542 vocis
403 3514 553 3541 rarum
585 3499 774 3540 litteram
802 3499 837 3541 R
869 3512 946 3554 pro
974 3500 1004 3542 P
1038 3501 1119 3542 ha-

246 3558 355 3611 buit,
391 3565 465 3600 aut
497 3558 633 3599 altera
666 3559 709 3598 in
747 3558 782 3599 R
814 3559 977 3601 lineola
1011 3574 1119 3601 eva-

247 3624 416 3660 nuerat.
483 3617 550 3660 Cf.
584 3616 601 3657 Ι
634 3616 691 3659 39
723 3622 765 3658 et
794 3618 875 3671 56,
911 3619 968 3660 Vl
1003 3620 1071 3663 10.

334 3676 619 3736 voluptatibus
652 3678 883 3720 concessis:
918 3684 965 3720 ut
996 3678 1118 3721 nulla

1213 2550 1349 2591 Serm.
1385 2550 1402 2591 Ι
1434 2554 1463 2592 4
1503 2553 1612 2594 113:
1644 2565 1698 2592 ne
1730 2564 1931 2606 sequerer
1959 2565 2079 2594 moe-

1212 2609 1329 2662 chas,
1363 2623 1571 2651 concessa
1602 2625 1695 2652 cum
1717 2624 1873 2652 venere
1890 2612 1955 2653 uli
1975 2624 2078 2667 pos-

1210 2682 1309 2709 sem.
1354 2668 1420 2716 De
1452 2681 1499 2709 re
1531 2669 1590 2711 cf.
1624 2669 1708 2710 Dio
1741 2668 1833 2711 LXI
1868 2671 1912 2713 4.

1297 2727 1574 2782 signumque.-
1619 2728 1675 2778 cf,
1708 2727 1727 2770 Ι
1757 2729 1800 2771 7.

1298 2785 1402 2841 Cap.
1437 2788 1480 2830 3.
1536 2787 1778 2829 liberalium
1808 2800 1968 2843 quoque
1998 2802 2078 2830 ar-

1210 2845 1313 2886 tium
1329 2850 1700 2894 commemoratio:
1716 2848 1956 2902 specimina
1975 2861 2078 2890 eru-

1209 2904 1388 2946 ditionis
1423 2905 1591 2950 Giaudizi
1624 2906 1861 2964 diligenter
1893 2919 2078 2950 enume-

1208 2965 1322 3005 ravit
1354 2965 1591 3008 Suetonius
1625 2981 1662 3009 c.
1694 2966 1749 3010 41
1777 2972 1820 3009 et
1839 2968 1910 3010 42.
1956 2966 2078 3019 Quae

1208 3023 1322 3065 idem
1376 3025 1508 3079 (Ner.
1552 3026 1645 3084 33)
1694 3026 1748 3068 de
1796 3026 1981 3068 Neronis
2032 3026 2077 3068 in

1209 3081 1436 3124 Claudium
1459 3091 1711 3140 contemptu
1732 3085 1879 3128 verbis
1904 3086 2075 3140 prodito

1205 3141 1349 3195 tradit,
1384 3143 1438 3184 de
1474 3157 1676 3187 sermone
1707 3146 1878 3200 privato
1905 3143 2077 3188 intelli-

1206 3202 1349 3258 genda
1383 3209 1497 3250 sunt.
2069 3254 2074 3259 ,

1283 3266 1481 3317 temporis
1516 3264 1606 3304 eius
1634 3262 1811 3305 auo-ihus
1833 3276 2076 3305 accommo-

1206 3318 1377 3363 datum-⁸
1423 3322 1484 3367 ef.
1526 3322 1828 3374 Quintilianus
1863 3322 1902 3364 X
1939 3322 1956 3365 l
1994 3321 2075 3366 125

1288 3447 1488 3496 prompta
1519 3454 1573 3481 ac
1609 3441 1850 3496 profluens,
1887 3451 2074 3494 quaeque

1205 3498 1373 3540 deceret
1390 3501 1644 3555 principem,
1672 3499 1940 3555 eloquentia:
1970 3496 2074 3539 vul-

1205 3565 1305 3613 gata
1348 3562 1518 3617 (quae)
1560 3564 1680 3600 recte
1714 3572 1762 3601 se
1795 3557 2003 3610 haberet,
2036 3557 2073 3598 si

1203 3624 1401 3672 prompta
1454 3631 1505 3660 ac
1556 3616 1774 3672 profluens
1818 3615 2072 3671 eloquentia

1202 3689 1280 3733 per
1311 3691 1359 3721 se
1392 3679 1476 3719 iam
1497 3677 1737 3734 principem
1761 3675 1964 3733 deceret3
1994 3673 2073 3721 sed
