2280 4004
146 1375 216 1424 46

227 331 255 365 a
286 320 336 367 0.
369 321 444 369 64.

793 318 958 363 LIBER
988 317 1082 361 XV.
1146 315 1254 360 CAP-
1287 314 1478 363 44-F46.

230 459 526 527 cuicumque
559 457 752 527 flagitio
789 461 1076 525 promptus3
1133 456 1217 507 hic
1254 455 1452 508 Graeca
1505 453 1740 507 doctrina
1778 467 1868 507 ore
1904 457 2050 506 tenus

230 551 519 615 exercitus,
580 550 797 601 animum
847 549 995 600 bonis
1055 547 1246 599 artibus
1303 561 1408 598 non
1457 546 1706 599 induerat.
1777 544 2054 597 Ferebatur

229 643 447 707 Seneca,
482 656 582 709 quo
613 643 855 695 invidiam
891 642 1175 710 sacrilegii·
1196 657 1224 694 a
1259 647 1423 695 semet
1459 646 1740 708 averteret,
1785 641 2052 710 longinqui

229 735 364 788 ruris
399 749 659 788 secessum
700 736 947 800 oravisse,
987 739 1039 787 et
1065 739 1330 801 postquam
1365 749 1470 785 non
1506 734 1900 798 concedebatur,
1937 732 2052 784 ficta

229 826 547 891 valetudine,
610 827 755 894 quasi
809 839 967 894 aeger
1021 826 1222 890 nervis,
1292 825 1576 877 cubiculum
1634 840 1737 877 non
1790 837 2090 893 egressus,s

230 918 507 971 'tradidere
536 918 737 986 quidam
771 934 1020 971 venenum
1059 918 1107 969 ei
1143 930 1235 984 per
1268 917 1501 969 libertum
1538 917 1714 983 ipsius,
1753 918 1833 968 cui
1867 931 2074 968 nomen.

229 1009 521 1074 Cleonicus,
554 1014 782 1076 paratum
818 1010 960 1061 iussu
996 1010 1248 1074 NeroniS‚
1287 1009 1595 1075 vitatumque
1633 1024 1662 1059 a
1702 1007 1897 1061 Seneca
1931 1022 2057 1074 pro-

233 1101 426 1153 ditione
463 1101 630 1153 liberti
672 1117 764 1153 seu
798 1102 1004 1168 propria
1044 1101 1346 1166 formidine,
1407 1100 1524 1151 dum
1576 1099 1884 1167 persimplici
1918 1100 2056 1152 victu

231 1197 283 1244 et
322 1192 609 1260 agrestibus
645 1193 839 1258 pomis,
891 1208 952 1243 ac
998 1192 1042 1244 si
1078 1193 1188 1247 sitis
1229 1192 1555 1259 admoneret,
1609 1191 1892 1260 profluente
1927 1206 2054 1257 aqua

230 1283 383 1336 vitam
418 1282 618 1337 tolerat.

367 1374 462 1426 Per
518 1374 653 1427 idem
700 1379 895 1442 tempus
951 1375 1266 1444 gladiatores
1317 1373 1447 1442 apud
1500 1373 1737 1443 oppidum
1784 1374 2055 1427 Praeneste

229 1469 466 1532 temptata
504 1467 768 1533 eruptione
806 1467 1063 1534 praesidio
1100 1467 1271 1518 militis
1311 1466 1394 1533 qui
1434 1471 1605 1518 custos
1641 1466 1861 1532 adesset,
1905 1468 2058 1516 coer-

231 1557 317 1609 citi
357 1562 497 1624 sunt‚
555 1558 653 1610 iam
683 1559 978 1627 Spartacum
1029 1563 1080 1612 et
1125 1563 1301 1613 vetera
1349 1557 1480 1611 mala
1526 1556 1812 1611 rumoribus
1860 1556 2057 1609 ferente

273 1767 298 1799 ⁸
351 1713 390 1756 1.
423 1711 626 1769 cuieuque
657 1711 738 1757 Ma.

226 1769 310 1889 giro.
340 1831 524 1888 simplici
559 1831 606 1885 G,
642 1831 827 1890 simplici
855 1831 905 1876 B.

232 1890 374 1934 tarum
406 1891 592 1934 moribus
622 1890 703 1936 Ma.

233 2037 393 2088 uisset,
431 2036 583 2090 iussit3
624 2036 684 2079 ib.
730 2049 767 2080 c.
805 2039 883 2082 14:
939 2046 1024 2081 tum
1055 2037 1101 2082 P.

233 2096 448 2152 Sulpicius
488 2096 718 2138 secundum
760 2104 860 2139 vota
886 2099 934 2139 in
968 2099 1104 2155 Capi-

234 2155 334 2197 tolio
366 2162 617 2212 nuncupata
658 2156 889 2212 paludatus
922 2173 1015 2199 cum
1047 2159 1105 2200 li-

233 2215 419 2256 ctoribus
445 2219 693 2271 profectus,⁴
738 2222 781 2258 et
825 2218 1025 2273 exempla
1058 2219 1103 2259 in

230 2274 356 2318 Livio
386 2275 598 2329 sparsim'.
662 2275 853 2319 Lipsius.

317 2334 555 2376 simulacra
585 2336 805 2376 numinum
823 2336 1103 2392 abripieban-

231 2401 326 2436 ture
394 2392 559 2434 Plinius
607 2394 781 2436 XXXIV
826 2395 879 2438 19
928 2398 972 2448 δ.
1019 2399 1102 2439 24:

229 2459 354 2507 atque
386 2466 441 2493 em
472 2453 662 2494 omnibus
693 2468 801 2508 quae
833 2455 979 2496 rettuli
1008 2456 1104 2497 cla·-

229 2513 404 2554 rissima
446 2523 635 2567 quaeque
675 2514 764 2555 iam
809 2521 908 2556 sunt
957 2515 1105 2557 dicata

239 2571 501 2627 Vespasiano
519 2573 720 2629 principe
734 2575 783 2616 iu
805 2573 956 2629 templo
978 2574 1104 2617 Pacis

230 2630 411 2686 aliisque
428 2632 518 2673 eius
539 2632 750 2688 operssus,
783 2633 989 2675 violentia
1013 2634 1103 2676 Ne·-

228 2691 349 2732 rom's
382 2691 431 2731 in
463 2691 611 2733 urbem
633 2700 838 2735 convecta
869 2698 910 2735 et
938 2694 985 2735 in
1017 2695 1102 2736 sel-

229 2749 354 2792 lariis
375 2749 520 2793 domus
539 2765 701 2793 aureae
723 2752 941 2809 disposita.
986 2752 1103 2795 Pau-

229 2822 323 2852 san.
346 2810 383 2851 X
415 2810 439 2853 7
474 2810 519 2862 §-
555 2812 602 2852 12
637 2813 796 2871 ἔμελλε
825 2811 866 2855 δ’
901 2810 992 2885 ἄρα
1025 2813 1101 2868 (τὸ

231 2862 359 2928 ἱερὸν
378 2863 430 2912 τὸ
451 2871 501 2914 ἐν
526 2871 755 2944 Δελφοῖς)
783 2871 890 2915 οὐδὲ
908 2876 984 2925 τῆς
1008 2875 1102 2916 Νέ-

232 2943 384 2986 ρωνος
416 2930 460 2976 ἐς
497 2928 653 2972 πάντα
686 2928 938 2998 ὀλιγωρίας
965 2931 1103 2974 α’πει-

229 2987 380 3047 ράΐως
419 2987 557 3038 ἕξειν·
613 2985 663 3037 ὃς
708 2983 788 3033 τὸν
830 2989 1102 3035 Ἀπόλλωνα

229 3051 545 3097 πενιανοσίας
568 3047 697 3092 θεῶν
726 3063 774 3093 τε
806 3047 981 3110 ἀναμὶξ
999 3050 1101 3123 οἰφ-

229 3109 372 3152 είλετο
433 3110 512 3151 καὶ
578 3104 854 3167 ἀνθρώπων
915 3109 1101 3159 εἰκόνας

227 3166 417 3223 χαλκᾶς.

318 3225 508 3267 Acratoe
539 3225 623 3268 Dio
651 3223 876 3279 chrysost
910 3226 955 3267 in
977 3226 1100 3269 Rho-

229 3284 358 3326 diam
387 3285 432 3336 δ.
470 3284 576 3328 1:49
622 3287 719 3328 ἴστε
750 3301 845 3343 γαρ
868 3283 1100 3342 Ἄκρατον

229 3346 428 3397 ἐκεῖνον,
455 3339 510 3393 οξ
527 3339 609 3398 τὴν
628 3347 904 3412 οἰκουμένην
928 3343 1098 3402 σχεδὸν

228 3401 425 3448 ἅπασαν
457 3397 717 3476 περιελθών
747 3400 913 3448 τούτου
937 3403 1098 3461 χάριν,

227 3466 306 3507 καὶ
325 3464 442 3538 μηδὲ
468 3463 629 3516 κώμην
657 3467 825 3520 παρεὶς
846 3463 1097 3522 μηδεμίαν,

229 3523 290 3569 ως
313 3522 544 3597 υκανθαδε
576 3518 678 3577 ἧκε,
711 3523 1021 3592 λυπουμένων
1057 3523 1097 3567 ‹5’

226 3581 375 3642 ὑμῶν,
407 3580 525 3640 ὅπερ
552 3582 686 3652 εἰκός,
716 3575 834 3625 κατὰ
858 3584 976 3626 θέαν
1006 3583 1096 3640 ἔφη

228 3649 470 3696 παρεῖναι
489 3642 605 3700 μηδὲ
625 3635 720 3700 γὰρ
740 3642 862 3699 ἔχειν
879 3643 1098 3692 ἐξουσίαν

226 3697 426 3760 μηδενὸς
458 3699 683 3759 ἅψασθαι
712 3702 807 3750 nur
837 3697 1023 3749 ἐνθάδέ.

830 1714 872 1756 5.
904 1713 1148 1756 valetudine
1175 1712 1256 1766 Ma,

1288 1712 1408 1756 valit.
1438 1712 1485 1755 G.
1587 1725 1688 1768 ερον
1716 1712 1795 1756 Ma.
1882 1713 2058 1769 eqressu'

402 1771 444 1814 8.
476 1768 740 1829 persimplici
770 1770 836 1815 Ma
879 1772 994 1826 (scil.
1039 1745 1256 1829 psimplici
1296 1785 1392 1815 cum
1434 1771 1511 1814 lin.
1545 1777 1741 1814 traversa
1772 1773 1817 1813 in
1849 1772 1931 1814 litt.
1961 1787 2005 1828 p.

1015 1834 1083 1879 12.
1120 1833 1285 1877 adesset
1319 1830 1452 1878 GMa·
1442 1863 1452 1876 .
1493 1831 1647 1876 aderat
1677 1830 1766 1875 AC.

1867 1833 1935 1875 13.
1961 1845 2057 1873 ma-

1308 2038 1504 2080 Seeundo
1540 2036 1776 2080 Carinate:
1820 2050 1908 2080 non
1945 2038 2060 2080 bene

1191 2097 1305 2140 hunc
1325 2098 1547 2141 hominem
1582 2098 1856 2140 commiscuit
1887 2097 2060 2153 Lipsius

1190 2171 1285 2200 cum
1317 2158 1513 2200 Secundo
1549 2158 1787 2211 Carinate,
1843 2171 1972 2214 quem
2016 2159 2061 2199 in

1189 2223 1396 2272 tyrannos
1429 2217 1747 2260 declamantem
1781 2216 1912 2259 Gaius
1946 2216 2061 2259 Cae-

1188 2290 1258 2318 sar
1290 2278 1423 2320 exilio
1469 2277 1642 2332 punivit
1675 2277 1782 2332 (Dio
1817 2276 1937 2320 Cass,
1972 2276 2062 2318 LIX

1188 2339 1268 2394 20)
1308 2343 1352 2379 et
1385 2350 1480 2379 cum
1514 2336 1682 2379 honore
1714 2337 1910 2379 nominat
1928 2336 2062 2379 Iuve-

1188 2396 1300 2438 nalis
1335 2396 1411 2438 Vll
1456 2398 1569 2448 204,
1621 2409 1707 2437 non
1752 2396 1973 2449 facturus,
2025 2396 2062 2437 si

1187 2455 1266 2497 ille
1299 2455 1411 2497 hanc
1457 2467 1632 2511 operam
1663 2455 1869 2497 infamem
1901 2455 2064 2498 Neroni

1189 2517 1496 2570 praestitisset.
1558 2515 1623 2557 Ac
1654 2514 1790 2557 verba
1823 2514 2060 2569 luvenalis,

1183 2576 1398 2631 paenituit
1439 2573 1590 2616 multos
1633 2588 1774 2616 vanae
1824 2575 2063 2630 sterilisque

1189 2635 1437 2687 cathedrae,
1471 2635 1579 2676 sicut
1618 2633 1926 2689 Thrasymachi
1952 2646 2061 2691 pro-

1189 2693 1260 2735 bat
1291 2696 1426 2736 exitus
1459 2701 1583 2749 atque
1614 2694 1803 2736 Secundi
1823 2694 2060 2748 Carinatis,

1187 2754 1392 2795 videntur
1433 2753 1684 2810 significare
1715 2753 1936 2797 rhetorem
1974 2752 2061 2796 Ca-

1186 2815 1373 2855 rinatem
1415 2814 1459 2854 in
1511 2813 1644 2854 exilio
1685 2819 1902 2856 mortuum
1947 2826 2059 2867 esse,

1187 2878 1234 2913 ut
1253 2878 1448 2913 mortuus
1476 2878 1542 2914 est
1557 2871 1918 2927 Thrasymachus.
1969 2872 2061 2916 lta-

1187 2944 1274 2987 que
1304 2931 1491 2974 Neronis
1521 2933 1685 2974 amicus
1714 2932 1940 2975 Secundus
1974 2931 2061 2975 Ca-

1185 2992 1303 3032 rinas
1338 2991 1458 3033 illius
1493 2991 1608 3033 filius
1642 2992 1817 3034 videtur
1849 2992 2000 3034 fuisse.

1282 3051 1550 3107 persimplici
1588 3052 1729 3094 victu:
1779 3065 1886 3094 vera
1929 3063 2061 3093 causa

1187 3110 1329 3152 celata
1361 3111 1444 3152 hoc
1464 3111 1604 3164 ipsum
1636 3111 1690 3153 de
1723 3123 1770 3152 se
1797 3115 1982 3155 testatur
2013 3111 2057 3154 in

1183 3170 1323 3224 Epist.
1357 3170 1415 3212 83
1454 3175 1496 3210 et
1532 3169 1630 3212 108.

1275 3227 1378 3282 Cap.
1412 3227 1484 3271 46.
1555 3228 1775 3284 praesidio
1808 3229 1953 3271 militis
1986 3231 2058 3286 qui

1185 3294 1322 3329 custos
1363 3287 1553 3328 adesset.-
1602 3287 1819 3341 praesidio
1870 3288 2055 3332 militiae

1183 3347 1228 3387 in
1262 3346 1423 3400 oppido
1448 3346 1684 3388 Praeneste
1717 3345 1937 3390 tendentis
1970 3360 2054 3403 op-

1184 3418 1377 3460 pressam
1421 3418 1519 3447 esse
1560 3407 1835 3460 eruptionem
1879 3406 2055 3464 gladia..

1182 3470 1325 3506 torum
1356 3464 1527 3506 'l'acitus
1560 3465 1762 3507 traditum
1793 3472 2053 3522 acceperat:

1182 3525 1278 3578 ipse
1315 3524 1514 3580 adiungit
1556 3527 1818 3567 sententiam
1866 3532 1910 3569 et
1943 3537 2054 3570 con-

1182 3584 1392 3625 iacturam
1441 3594 1517 3625 cur
1548 3583 1709 3626 milites
1740 3590 1844 3627 tunc
1875 3591 2054 3641 praesto

1182 3647 1343 3685 essent.
1406 3641 1646 3686 'l'heodisce
1675 3643 1812 3687 durch
1843 3643 1910 3688 die
1934 3646 2053 3689 mitt-

1182 3701 1369 3745 tariwhe
1399 3702 1652 3761 Bentiany,
1686 3702 1753 3747 dte
1788 3701 1853 3749 als
1896 3703 2053 3753 Wacho

2072 1301 2121 1339 10
