2280 4004
193 296 225 340 a:
249 295 297 341 G.
331 298 402 342 64.
792 297 956 341 LIBER
988 297 1082 342 XV.
1145 296 1250 342 CAP.
1284 298 1474 343 37—38.
1926 304 2015 346 2⁵73

108 453 179 502 38
211 455 216 457 ·
332 439 566 506 Sequitur
600 439 808 505 'cladeS,
865 440 996 492 forte
1037 455 1101 491 an
1139 440 1257 491 dolo
1309 440 1550 507 principis
1588 440 1833 492 incertum
1873 447 2015 503 (nam

193 535 458 596 utrumque
495 535 728 582 auctores
771 531 1099 597 prodidere),
1153 532 1243 582 sed
1291 532 1523 583 omnibus
1571 547 1699 598 quae
1747 532 1865 582 huic
1901 532 2016 583 urbi

191 636 283 686 per
333 621 624 672 violentiam
699 622 892 688 ignium
952 621 1247 672 acciderunt
1300 623 1510 689 gravior
1566 628 1714 688 atque
1775 623 2014 673 atrocior;

192 711 388 762 Initium
425 712 476 761 in
515 727 574 762 ea
610 716 753 777 parte
792 713 915 763 circi
950 717 1112 763 ortum
1151 727 1279 778 quae
1306 713 1527 764 Palatino
1559 713 1831 779 Caelioque
1868 729 2019 764 mon-

189 802 322 854 tibus
364 803 600 870 contigua
639 807 747 868 est,
779 803 864 853 ubi
901 819 992 869 per
1029 804 1283 868 tabernaS,
1328 805 1506 870 quibus
1544 805 1597 855 id
1633 805 2054 859 mercimoniums

191 894 356 946 inerat
384 909 482 960 quo
514 894 710 956 flamma
751 894 914 959 alitur,
952 895 1099 947 simul
1129 900 1335 961 coeptus
1370 895 1503 962 ignis
1547 901 1595 946 et
1620 898 1785 948 statim
1819 897 2017 948 validus

191 990 252 1036 ac
302 990 454 1036 vento
516 985 642 1036 citus
699 985 1068 1052 longitudinem
1122 987 1247 1036 circi
1300 987 1558 1052 corripuit.
1655 988 1829 1052 Neque
1886 988 2019 1039 enim

194 1076 373 1137 domus
412 1076 732 1128 munimentis
769 1082 975 1142 saeptae
1022 1077 1106 1129 vel
1141 1077 1322 1143 templa
1368 1078 1522 1128 muris
1573 1078 1738 1130 cincta
1778 1085 1862 1130 aut
1898 1079 2018 1145 quid

192 1165 331 1217 aliud.
390 1181 565 1218 morae
619 1166 967 1217 interiacebat.
1051 1168 1270 1232 ‘Impetu
1331 1174 1660 1235 pervagatum
1727 1170 2017 1220 incendium

189 1257 336 1323 plana
371 1258 600 1323 primum,
644 1258 829 1308 deinde
867 1258 919 1307 in
957 1258 1091 1308 edita
1131 1259 1433 1325 adsurgenS,
1476 1265 1524 1311 et
1563 1275 1738 1311 rursus
1772 1262 2016 1314 inferiora
2036 1282 2081 1317 ιο

188 1347 507 1415 populando,
571 1349 746 1399 anteiit
793 1348 1020 1399 remedia
1074 1348 1346 1400 velocitate
1383 1350 1500 1400 mali
1541 1355 1589 1402 et
1630 1351 1850 1402 obnoxia
1890 1353 2016 1403 urbe

191 1441 313 1491 artis
351 1439 616 1491 itineribus
651 1440 850 1506 hucque
888 1446 938 1491 et
973 1440 1091 1490 illuc
1124 1441 1297 1506 flexiS,
1356 1447 1504 1507 atque
1544 1443 1835 1494 enormibus
1869 1444 2014 1508 vicis,

192 1530 352 1596 qualis
389 1535 534 1582 vetus
567 1532 726 1583 Roma
765 1531 874 1582 fuit.
947 1530 1029 1582 Ad
1067 1531 1166 1582 hoc
1209 1531 1426 1583 lamenta
1477 1534 1763 1599 paventium
1803 1534 2020 1586 femina-

190 1637 316 1687 rum,
357 1605 487 1674 fessi
524 1637 651 1674 aevo
691 1627 776 1672 aut
812 1622 954 1673 rudis
991 1623 1239 1689 pueritiae
1278 1629 1434 1688 aetaS,
1478 1624 1661 1690 quique
1699 1625 1795 1676 sibi
1834 1626 2018 1692 quique

307 1832 349 1874 3.
385 1829 642 1873 occiderunt
665 1829 753 1872 Ma:
798 1830 832 1873 G
864 1831 1131 1873 acciderunt.
1252 1832 1295 1874 4.
1332 1833 1448 1887 circy
1482 1830 1561 1874 Ma.
1685 1833 1727 1875 6.
1763 1841 1903 1889 ceptus
1939 1832 2019 1875 Ma.

192 1890 236 1933 8.
269 1897 383 1946 septe
414 1889 494 1932 Ma.
574 1922 578 1925 -
651 1891 718 1934 10.
753 1904 920 1947 assury.
957 1890 1027 1933 Or.
1154 1893 1223 1934 12.
1258 1891 1409 1945 hicque
1442 1890 1534 1933 Ma:
1585 1890 1617 1933 G
1649 1891 1731 1933 huc
1762 1907 1853 1947 que.
1951 1892 2019 1935 14.

190 1950 303 2006 fessi
325 1963 429 1992 aevo
463 1956 538 1992 aut
572 1950 735 1992 editor:
771 1949 873 1992 GMa
906 1953 1023 2006 fessa
1055 1957 1196 1992 aetate
1228 1958 1316 2003 aut,
1349 1950 1388 1992 A
1418 1953 1535 2006 fessa
1566 1965 1712 1993 senum
1744 1966 1811 1993 ac.

193 2142 240 2185 id
269 2148 432 2184 tantum
453 2142 680 2184 adnotasse
709 2150 928 2185 contentus
959 2157 1065 2195 sum,

193 2202 307 2244 hunc
335 2215 414 2257 per
437 2203 582 2243 omnia
611 2203 860 2257 foedissima
893 2210 931 2244 et
963 2217 1066 2244 cru-

191 2261 410 2304 delissima
445 2276 492 2302 eo
522 2263 781 2317 processisse
813 2270 858 2303 ut
887 2269 1067 2303 matrem

191 2321 474 2374 interficeret,
506 2328 600 2376 post
633 2323 761 2362 etiam
796 2321 1066 2376 Pythagorae

193 2380 364 2422 cuidam
393 2381 440 2420 in
468 2381 635 2421 modum
659 2380 925 2422 sollemnium
960 2394 1067 2421 con-

191 2440 404 2494 iuyiorum
434 2440 637 2491 nuberet,·
689 2440 948 2493 inditumque
984 2440 1066 2479 im-

188 2499 386 2554 peratori
410 2498 673 2552 flammeum3
708 2499 781 2539 (los
814 2506 851 2539 et
882 2498 1067 2554 yenialis

194 2557 340 2598 thorus
382 2563 421 2597 et
463 2559 584 2612 faces
619 2558 861 2613 nuptiales3
912 2564 1068 2599 cuncta

195 2616 373 2670 denique
422 2629 528 2670 quae
568 2616 636 2657 vel
679 2618 726 2658 in
768 2618 940 2671 feminis
979 2630 1067 2656 non

193 2677 286 2717 sine
313 2675 574 2717 verecundia
610 2677 932 2731 conspiciuntur
966 2690 1067 2731 spe-

195 2741 326 2777 ctata.
391 2734 535 2776 Verba
579 2735 853 2789 transcripsi,
902 2741 950 2775 ut
980 2735 1068 2776 sint

194 2799 451 2850 argumento
471 2793 549 2835 sub
580 2794 743 2834 exitum
765 2794 901 2835 seculi
925 2795 1067 2849 quarti

196 2859 240 2895 et
272 2853 445 2893 initium
478 2853 616 2907 quinti
638 2853 771 2894 Taciti
797 2853 990 2894 Annales
1023 2854 1066 2893 in

197 2911 397 2954 manibus
436 2911 660 2952 doctorum
708 2911 930 2952 hominum
962 2925 1067 2953 ver-

195 2977 313 3013 satos
347 2982 460 3012 esse.
526 2969 594 3012 cf.
629 2969 682 3011 ad
714 2984 751 3012 c.
785 2974 858 3013 44.

293 3029 474 3071 inditum
514 3030 766 3085 imperatori
805 3030 1066 3084 flammeum:

194 3089 466 3145 imperatoris
497 3100 655 3130 nomen
685 3089 876 3130 additum
910 3088 963 3130 ad
995 3089 1067 3129 in-

197 3148 453 3204 dignitatem
486 3149 550 3189 rei
586 3147 921 3203 depingendam.

286 3207 367 3248 visi
398 3209 617 3262 auspices:
650 3207 900 3260 auspicibus
924 3219 1067 3247 coram

197 3265 274 3307 dos
307 3266 564 3320 consignata
598 3272 678 3308 est.
743 3265 809 3306 cf.
844 3265 901 3306 Xt
936 3267 1006 3309 27.

287 3331 444 3365 cuncta
482 3324 660 3378 denique
705 3331 920 3380 spectata:
965 3337 1070 3377 spe-

199 3383 305 3425 ctari
333 3381 535 3424 dicuntur
556 3396 669 3438 quae
689 3384 864 3436 saepius
898 3388 941 3423 et
973 3395 1070 3423 cnm

199 3441 495 3484 delectatione
529 3443 870 3496 conspiciuntur.

286 3499 392 3554 Cap.
419 3499 491 3545 38.
552 3514 654 3541 nam
675 3508 895 3554 utrumque
917 3504 1070 3539 aucto.-

199 3572 269 3601 res
301 3560 558 3615 prodidere.-
598 3559 652 3600 ad
683 3559 828 3600 dolum
860 3558 1070 3611 principis

199 3619 336 3660 refert
367 3619 600 3661 Suetonius
633 3618 716 3669 38,
771 3623 922 3672 aperte
963 3628 1070 3669 pro-

201 3677 371 3720 nuntiat
405 3678 490 3720 Dio
523 3690 593 3733 ap.
615 3676 780 3731 Xiphil.
812 3674 923 3719 LXII
958 3674 1066 3718 16-

286 3774 436 3812 Tacitus
461 3776 508 3811 11.

1154 2142 1207 2184 18
1242 2148 1284 2183 et
1316 2148 1468 2183 auctor
1503 2143 1770 2200 (Maternus)
1809 2142 2020 2185 Octaviae

1149 2215 1191 2243 v.
1211 2201 1461 2254 831-833,
1484 2204 1613 2243 etiam
1634 2203 1800 2244 Plinius
1826 2201 1943 2244 XVII
1971 2206 2020 2245 1:

1150 2261 1495 2315 duraveruntque
1544 2262 1646 2317 (loti
1693 2261 1770 2303 Cn.
1813 2262 2018 2318 Domitii)

1150 2346 1204 2353 —
1239 2321 1296 2360 ad
1340 2321 1524 2362 Neronis
1563 2322 1776 2376 principis
1818 2321 2022 2363 incendia

1150 2379 1296 2433 quibus
1346 2381 1549 2420 cremavit
1595 2381 1754 2421 urbem.
1843 2380 2021 2422 Orosius

1153 2438 1228 2480 Vll
1263 2439 1286 2480 7
1333 2439 1588 2480 Suetonium
1633 2442 1676 2480 in
1721 2439 1786 2480 his
1844 2446 2021 2481 secutus

1153 2503 1242 2548 cst,
1277 2510 1363 2538 non
1398 2499 1604 2540 Tacitum.
1688 2498 1806 2540 Unus
1851 2498 2022 2541 Tacitus

1150 2559 1307 2597 iustam
1343 2559 1591 2598 cautionem
1625 2557 1835 2599 adhibuit.

1235 2630 1314 2671 per
1334 2616 1581 2658 violentiam
1601 2617 1764 2672 ignium
1778 2631 1791 2657 .·
1817 2629 2023 2659 numerus

1151 2674 1332 2728 pluralis
1364 2689 1416 2717 ex
1450 2682 1675 2730 poetarum
1716 2688 1916 2717 sermone
1948 2690 2023 2718 re-

1152 2737 1314 2788 petitus
1367 2741 1432 2776 est
1477 2741 1520 2777 et
1563 2735 1811 2791 elegantius
1855 2734 2023 2777 electus

1153 2806 1277 2848 quam
1315 2795 1350 2834 si
1386 2795 1685 2835 incendiorum
1717 2796 1950 2848 posuisset.

1241 2853 1285 2893 id
1318 2854 1639 2895 mercimonium
1658 2878 1710 2884 -
1737 2854 1898 2894 alitur:
1925 2854 2025 2896 ‘de-

1153 2911 1261 2951 vitat
1293 2913 1466 2965 propria
1492 2913 1663 2954 illarum
1684 2914 1908 2965 mercium,
1941 2927 2025 2955 ve-

1152 2969 1231 3010 luti
1265 2970 1379 3023 olei,
1416 2973 1554 3025 picis,
1605 2972 1804 3024 resinae,
1845 2972 2024 3013 sulfuris

1151 3030 1341 3080 nomina,
1376 3037 1529 3084 utpote
1563 3030 1745 3072 historia
1779 3032 1921 3072 minus
1954 3031 2025 3072 di-

1152 3087 1265 3144 gna'.
1330 3089 1448 3131 Haec
1479 3091 1620 3144 perite
1654 3088 1858 3131 Orellius.

1244 3147 1382 3200 qualis
1429 3157 1544 3189 cetus
1586 3149 1725 3189 Roma
1765 3149 1881 3201 fuit:
1923 3147 2024 3188 urbs

1152 3206 1287 3246 Roma
1321 3219 1344 3246 a
1369 3206 1535 3248 Gallico
1570 3206 1772 3247 incendio
1805 3206 2024 3247 festinan-

1153 3270 1220 3305 ter
1251 3265 1474 3316 restituta3
1509 3265 1602 3307 Liv.
1634 3265 1667 3305 V
1702 3266 1754 3307 5:
1803 3266 2022 3318 festinatio

1155 3337 1303 3364 curam
1335 3325 1490 3365 eaeemit
1519 3325 1634 3365 vicos
1665 3323 1891 3378 diriyendi‚
1927 3323 2024 3364 dum

1154 3383 1304 3423 omisso
1336 3385 1401 3424 sui
1444 3382 1658 3436 alienique
1702 3382 1946 3424 discrimine
1977 3383 2025 3423 in

1153 3453 1287 3482 vacuo
1321 3442 1564 3494 aedificant.

1254 3501 1359 3553 fessi
1404 3514 1507 3541 aevo
1551 3506 1625 3541 aut
1665 3499 1784 3541 rudis
1811 3500 2025 3555 pueritiae

1154 3564 1300 3598 aetas.-
1344 3571 1459 3601 nove
1494 3564 1536 3600 et
1569 3560 1787 3613 exquisite
1819 3571 1948 3599 senes
1982 3564 2026 3600 et

1154 3628 1314 3670 pueros
1341 3618 1600 3673 puellasque
1626 3619 1763 3671 prima
1783 3623 1927 3659 aetate
1958 3618 2026 3659 si-

1156 3675 1396 3731 gnificavit.
1474 3676 1598 3729 Quod
1638 3677 1753 3728 inest
1797 3676 1871 3720 Ma
1907 3678 2025 3732 fessa

1628 3757 1692 3810 18
