2222 4022
0 3712 21 3958 affe-'‘tffflf'ffi-
0 3688 2 3693 ⁴
0 3601 2 3604 ⁷
0 3575 1 3578 Α

104 1066 110 1071 ,
192 1041 288 1111 mel
322 1040 410 1090 tibi
444 1047 743 1090 reservatur
787 1041 840 1089 in
873 1040 1160 1104 postremis,

937 263 1083 306 CArvr
1113 263 1302 308 26-27.
1836 260 2013 305 XXXIX

202 407 370 474 coepit
414 423 475 459 ac
516 407 655 459 visus
709 413 786 459 esl
839 424 867 459 a
920 406 1171 457 monacho
1212 405 1431 471 quodam
1465 402 1815 469 Hersfeldensi
1854 408 1938 454 aut
1973 406 2026 454 in

195 498 339 550 libris
380 500 676 550 monasterii
711 499 1004 562 Fuldensis,
1058 502 1111 547 ut
1150 512 1247 564 ego
1288 497 1474 561 credO,
1531 501 1614 547 aut
1654 497 1706 546 in
1747 496 1857 562 ipso
1903 510 2030 548 coe-

197 591 352 642 nobIo
387 589 738 642 Hersfeldensi
775 604 878 640 non
914 588 1089 655 procul
1127 589 1190 639 ad
1230 588 1438 639 Fuldam
1473 587 1676 638 fluvium
1713 588 1844 651 sito,
1884 587 2026 638 cuius

196 681 273 732 rei
338 680 479 731 lestis
551 684 627 730 est
687 680 911 746 Poggius
965 679 1016 729 in
1073 678 1314 744 Epistolis
1362 693 1390 728 a
1449 678 1637 729 Thoma
1691 678 1755 728 de
1805 677 2026 728 Tonellis

193 770 389 836 plenius
446 784 592 835 quam
640 774 756 820 ante
805 770 1032 820 collectis
1074 774 1124 821 et
1154 769 1358 820 editis¹.
1433 769 1479 819 Is
1525 782 1698 820 mense
1750 769 2026 820 Novembri

195 861 312 911 anni
356 859 487 911 1425
526 860 705 911 scribit
748 861 799 910 in
836 860 1073 926 epistola,
1118 862 1274 912 Roma
1328 860 1391 911 ad
1432 861 1646 911 amicum
1684 859 2025 911 Florentinum

191 950 452 1002 Nicolaum
500 940 783 1002 Nicholium
833 951 925 1012 (de
960 951 1180 1016 NicolIS)
1235 950 1419 1014 missa,
1474 951 1602 1012 (vol.
1654 951 1825 1017 Ipag.
1870 950 2023 1014 168J:

1237 1038 1452 1100 Quidam
1503 1040 1779 1090 monachus
1833 1041 2025 1092 amicus

189 1146 355 1194 meus,
407 1145 473 1181 ex
518 1131 734 1196 quodam
784 1130 1089 1181 monasterio
1144 1130 1444 1180 Germaniae
1479 1131 1900 1196 (Hersfeldensi)‚
1941 1132 2027 1197 qui

190 1222 306 1272 olim
342 1237 376 1272 a
409 1220 552 1271 uobis
588 1221 815 1283 recessit,
855 1222 924 1272 ad
960 1237 1036 1271 me
1070 1220 1202 1271 misit
1239 1220 1452 1282 litteras,
1487 1235 1616 1286 quas
1642 1221 1825 1271 nudius
1864 1236 2027 1285 quar-

189 1317 269 1362 tus
306 1313 505 1376 accepi,
554 1328 654 1377 per
687 1327 815 1377 quas
849 1312 1026 1362 scribit
1061 1328 1117 1362 se
1156 1312 1412 1376 reperisse
1461 1311 1634 1376 aliqua
1673 1313 1930 1363 volumina
1966 1314 2025 1364 de

189 1404 395 1466 nostris,
445 1418 575 1468 quae
605 1409 898 1468 permutare
936 1405 1086 1454 vellet
1121 1419 1232 1453 cum
1273 1402 1487 1454 Novella
1521 1403 1731 1454 Ioannis
1766 1403 2025 1469 Andreae,

190 1495 271 1544 vel
310 1500 411 1545 tum
452 1495 667 1560 Speculo
710 1500 811 1547 tum
847 1495 1212 1559 additionibus,
1265 1500 1313 1545 et
1361 1494 1566 1545 nomina
1604 1494 1847 1546 librorum
1882 1496 2028 1546 mittit

189 1587 477 1637 interclusa.
510 1617 564 1625 -—
591 1586 730 1636 Inter
772 1602 834 1637 ea
870 1587 1127 1637 volumina
1154 1592 1240 1636 „est
1278 1586 1438 1636 Iulius
1465 1585 1737 1636 Frontinus
1777 1593 1823 1636 et
1846 1587 2019 1652 aliqua

189 1692 350 1742 opera
373 1678 592 1728 Cornelii
623 1677 782 1728 Taciti
817 1677 962 1728 nobis
999 1678 1202 1744 iqnota:
1238 1676 1431 1728 videbis
1469 1677 1822 1732 inventarium.
1886 1678 2023 1729 Idem

188 1770 252 1820 ad
289 1770 503 1821 eundem
538 1786 601 1820 m.
641 1770 917 1822 Februario
953 1786 998 1821 a.
1046 1767 1179 1820 1426
1215 1774 1288 1835 (p.
1335 1770 1486 1830 175J:
1524 1784 1590 1818 ex
1618 1769 1890 1820 Germania
1931 1785 2022 1820 re-

185 1876 425 1926 sponsum
460 1867 536 1911 est
568 1861 702 1923 milti,
737 1861 933 1912 litteras
971 1861 1087 1911 illas
1126 1875 1238 1911 esse
1272 1860 1511 1911 redditas.
1572 1859 1737 1925 Spero
1775 1861 1926 1927 iyitur
1947 1877 2025 1913 me

185 1951 469 2002 habiturum
494 1953 789 2017 propediem
823 1952 1018 2002 litteras
1059 1967 1093 2002 a
1129 1951 1392 2015 monacho,
1430 1957 1480 2001 et
1517 1957 1616 2001 tum
1653 1957 1813 2002 tecum
1850 1956 2020 2003 omnia

187 2043 573 2094 communicabo.
648 2044 786 2094 Idem
823 2045 996 2095 XVIII.
1054 2043 1299 2094 kalendas
1347 2024 1597 2094 Octobres
1653 2059 1698 2093 a.
1763 2042 1896 2095 1426
1956 2045 2019 2095 ad

187 2134 399 2186 eundem
445 2141 517 2200 (p.
563 2135 712 2197 187):
754 2134 814 2184 de
850 2133 992 2184 libris
1032 2133 1298 2184 Germanis
1348 2132 1421 2183 nil
1458 2133 1621 2184 dicam
1667 2134 1883 2198 amplius
1920 2134 2021 2184 nisi

183 2241 261 2275 me
314 2241 415 2275 non
466 2225 686 2275 dormire
731 2240 870 2275 more
922 2231 1038 2289 tuo,
1093 2225 1185 2275 sed
1236 2225 1464 2291 viyilare.
1538 2223 1687 2286 Quod
1718 2226 1765 2275 si
1801 2225 2020 2290 quidam,

180 2321 336 2381 prout
367 2322 548 2381 spera,
599 2316 744 2381 fidem
778 2316 1029 2380 servarit,
1075 2316 1202 2366 liber
1254 2316 1322 2366 ad
1365 2331 1459 2366 nos
1507 2316 1674 2366 veniet
1726 2318 1807 2367 vel
1855 2317 1909 2366 vi
1944 2319 2025 2368 vel

179 2407 355 2473 qratis.
432 2406 564 2469 Quin
602 2407 750 2458 etiam
786 2407 898 2458 dedi
934 2422 1171 2473 operam,
1213 2411 1267 2457 ut
1302 2406 1515 2458 habeam
1552 2408 1892 2459 inventarium
1930 2423 2025 2459 cu-

181 2499 380 2550 iusdam
417 2498 744 2549 vetustissimi
777 2499 1072 2549 monasterii
1089 2504 1108 2532 2
1159 2499 1211 2548 in
1267 2498 1565 2563 Germania,
1603 2499 1689 2549 ubi
1725 2505 1801 2551 est
1848 2500 2022 2565 inqens

184 2591 426 2641 librorum
464 2590 613 2655 copia
626 2606 644 2650 3
701 2590 794 2641 sed
837 2605 900 2640 ne
952 2595 1004 2639 tu
1050 2606 1128 2640 me
1176 2591 1406 2640 molestes
1453 2591 1555 2640 ista
1599 2595 1688 2641 tua
1735 2590 2019 2656 dicacitate,

182 2681 255 2732 nil
290 2681 505 2746 amplius
544 2681 692 2732 scies.
748 2681 885 2732 Idem
923 2696 1096 2732 mense
1131 2681 1274 2732 Iunio
1313 2697 1358 2732 a.
1403 2679 1535 2733 1427
1559 2686 1646 2746 (p.
1674 2682 1832 2741 207J:
1871 2682 2022 2732 dicce-

184 2787 296 2824 ram
333 2773 512 2824 Cosmo
548 2778 748 2835 nostro,
799 2772 1210 2837 quemadmodum
1257 2771 1440 2822 scribis
1460 2811 1473 2835 ,
1532 2772 1829 2822 monachum
1882 2773 2021 2823 illum

184 2862 596 2932 Hersfeldensem
632 2863 824 2914 dixisse
860 2863 1058 2914 cuidam
1094 2879 1150 2913 se
1184 2864 1413 2914 attulisse
1448 2863 1814 2928 inventarium,
1871 2863 2022 2914 sicuti

307 3072 346 3115 l.
397 3073 546 3130 Poqyii
596 3073 834 3130 Epistolae.
899 3073 1055 3116 Editus

185 3131 354 3189 collegit
385 3140 424 3175 el
454 3133 715 3184 emendavit,
745 3133 972 3189 plerasque
1005 3148 1058 3175 esc

1141 3073 1278 3116 verba
1310 3073 1362 3115 ad
1382 3070 1610 3115 Nicolaum
1643 3085 1682 3115 a.
1721 3073 1835 3117 1420
1855 3075 2019 3129 scripta

1141 3146 1183 3187 p.
1203 3133 1288 3176 43:
1323 3133 1374 3174 de
1405 3133 1666 3174 monasterio
1692 3132 1889 3186 Corbejo,
1911 3134 2021 3188 quod

186 3191 306 3232 codd.
339 3207 436 3234 mss.
472 3193 607 3245 eruit,
639 3193 790 3234 ordine
824 3192 1056 3234 chronolo-

184 3250 280 3305 9ico
324 3250 527 3306 disposuit
577 3253 769 3306 notisque
826 3251 1058 3294 illustravit

186 3321 277 3363 equ.
317 3309 493 3351 Thomas
526 3311 575 3351 de
614 3310 794 3352 Tonellis
828 3311 901 3353 10.
950 3310 1057 3352 Flo-

186 3368 355 3409 rentiae
388 3367 751 3410 MDCCCxxxu.
800 3369 842 3411 8.

276 3489 317 3528 2.
351 3484 570 3527 Fuldense
599 3487 925 3537 monasterium,
958 3487 1059 3539 opi-

186 3557 281 3598 nor,
325 3543 566 3601 significat:
599 3543 653 3586 de
687 3543 942 3586 Corbeiensi
975 3556 1059 3599 quo

190 3577 333 3646 min'us
356 3604 616 3660 cogitemuS,
647 3600 889 3659 impediunt
906 3601 1061 3660 Poggii

1143 3199 1204 3233 est
1258 3193 1304 3233 in
1358 3192 1614 3244 Germania,
1667 3205 1754 3232 non
1805 3201 1865 3234 est
1912 3192 2021 3246 quod

1142 3265 1313 3306 speres:
1356 3251 1514 3292 dicitur
1551 3245 1704 3291 mullos
1743 3264 1832 3292 esse
1877 3252 1925 3292 in
1969 3265 2017 3292 eo

1142 3310 1295 3360 libros3
1344 3324 1432 3351 non
1470 3310 1596 3351 credo
1639 3310 1879 3351 rumoribus
1908 3309 2018 3351 stul-

1145 3377 1303 3420 torum3
1351 3376 1396 3409 at
1450 3370 1487 3410 si
1535 3381 1639 3409 vera
1694 3370 1822 3411 etiam
1881 3376 2017 3412 essent

1145 3441 1251 3482 quae
1287 3428 1500 3478 dicuntur,
1529 3427 1677 3482 patria
1708 3428 1842 3470 omnis
1879 3426 2017 3470 latro-

1146 3488 1306 3527 cinium
1338 3493 1422 3527 est.-
1459 3487 1585 3527 etiam
1615 3487 1698 3542 ipsi
1724 3487 1912 3539 tribules,
1947 3489 2018 3542 qui

1145 3546 1192 3586 in
1233 3545 1368 3586 Curia
1414 3552 1657 3597 morantur,
1704 3560 1792 3588 non
1839 3547 2017 3588 redeunt

1148 3605 1225 3646 tuti
1256 3604 1313 3645 ad
1341 3605 1529 3661 patriam
1559 3619 1692 3647 suam.
