2280 4004
217 305 323 363 Aac.
356 306 462 359 64„
533 369 535 371 p
733 267 736 270 ⁴
791 306 954 349 LIBER
984 306 1080 352 ΧΨ
1107 311 1114 316 ·
1142 304 1472 349 omn-44.
1946 300 2040 345 eei

219 464 280 500 ac
319 447 587 516 pervigilia
628 447 956 507 celebravere
1007 445 1226 504 feminae
1278 445 1456 511 quibus
1498 443 1665 496 mariti
1703 444 1874 496 erant.
1937 443 2039 496 Sed

178 598 189 608 δ
219 555 324 593 non
361 554 458 606 ope
493 540 737 604 humana,
797 554 900 590 non
934 538 1289 605 largitionibus
1326 537 1568 603 principis
1626 541 1711 588 aut
1750 536 1899 588 deum
1921 534 2047 602 ‘pla-⁴-

223 631 465 682 camentis
497 630 780 681 decedebat
803 630 1027 693 infamia,
1053 629 1171 694 quin
1199 629 1389 679 iussum
1415 627 1704 680 incendium
1733 628 2043 679 crederetur.

220 722 357 790 Ergo
396 721 649 772 abolendo
698 722 889 772 rumori
924 721 1060 772 Nero
1107 719 1329 770 subdidit
1366 734 1517 785 reos,
1576 725 1626 770 et
1661 717 2046 786 quaesitissimis

179 803 194 886 ξ
219 813 399 881 poenis
437 813 651 877 adfecit,
714 827 840 878 quos
881 827 974 878 per
1021 811 1213 879 flagitia
1262 810 1459 862 invisos
1511 810 1692 877 vulgus
1731 810 2084 862 Christianoss

223 904 520 971 appellabat.
594 905 789 955 Auctor
826 904 1046 955 nominis
1085 903 1194 955 eius
1230 902 1456 954 Christus
1491 902 1695 954 Tiberio
1731 902 2047 968 imperitante

168 998 178 1031 ἓ
223 1000 744 1063 per‘procuratorem
781 996 1008 1058 Pontium
1054 995 1262 1046 Pilatum
1314 994 1561 1060 supplicio
1619 993 1849 1046 adfectus
1907 994 2050 1058 erat‘3

175 1085 181 1100 ‘
223 1103 560 1155 repressaque
599 1088 651 1138 in
687 1102 931 1154 praesens
973 1086 1245 1139 exitiabilis
1298 1086 1587 1152 superstitio
1642 1100 1841 1137 rursum
1881 1101 2053 1137 erum-

168 1206 173 1237 ;
221 1180 402 1246 pebat,
442 1194 545 1231 non
583 1180 736 1230 modo
772 1194 864 1245 per
901 1179 1167 1242 Iudaeam,
1208 1177 1458 1245 originem
1496 1178 1603 1229 eius
1647 1177 1794 1242 mali,
1834 1177 1927 1230 sed
1962 1178 2054 1246 per

159 1274 167 1321 ί
223 1272 402 1324 urbem
441 1271 624 1336 etiam,
673 1285 770 1337 quo
813 1276 992 1321 cuncta
1027 1270 1251 1336 undique
1288 1270 1481 1321 atrocia
1525 1274 1607 1320 aut
1643 1269 1880 1335 pudenda
1924 1280 2116 1321 con-io

224 1364 384 1415 tluunt
423 1363 859 1429 celebranturque.
936 1362 1094 1430 Igitur
1129 1361 1340 1428 primum
1376 1361 1594 1428 correpti
1633 1361 1718 1428 qui
1751 1361 2051 1426 fatebantur,

163 1468 167 1471 ’
227 1454 412 1508 deinde
452 1454 644 1505 indicio
684 1469 858 1506 eorum
898 1454 1160 1505 multitudo
1194 1455 1396 1521 ingens,
1440 1452 1574 1504 haud
1611 1452 1824 1518 perinde
1860 1452 1913 1503 in
1951 1452 2057 1504 cri-

226 1546 362 1598 mine
400 1546 624 1597 incendii
661 1561 808 1612 quam
855 1546 974 1598 odio
1011 1546 1216 1597 humani
1271 1544 1478 1612 generis
1530 1544 1750 1595 convicti
1788 1549 1917 1611 sunt.
1993 1545 2054 1595 Et

224 1638 550 1703 pereuntibus
589 1637 758 1688 addita
795 1638 1029 1702 ludibria,
1070 1643 1123 1687 ut
1161 1637 1383 1688 ferarum
1410 1636 1569 1703 tergis
1610 1636 1829 1687 contecti
1867 1636 2057 1687 laniatu

227 1742 404 1779 canum
442 1727 736 1792 interirent,
777 1734 860 1779 aut
896 1729 1131 1780 crucibus
1171 1727 1346 1793 adfixi,
1396 1732 1480 1779 aut
1512 1723 1805 1779 ‘flammandi
1828 1766 1842 1792 ,
1903 1732 2053 1794 atque
2074 1741 2119 1777 ¹⁵

951 1899 994 1938 4.
1034 1908 1146 1950 ques.
1184 1893 1264 1938 Ma.
1374 1895 1415 1937 5.
1446 1895 1598 1949 paenis
1630 1892 1708 1936 Ma.
1801 1894 1948 1950 affecit
1981 1893 2056 1936 Or.

193 1984 203 1993 .
226 1954 339 1995 idem
374 1955 414 1996 7.
451 1955 642 2010 affectus.
778 1955 820 1998 6.
857 1955 1038 1997 christus
1084 1955 1244 2010 tyberio
1280 1952 1371 1995 Ma:
1413 1953 1595 1994 christus
1634 1955 1705 2008 qui
1743 1953 1902 2008 tyberio
1952 1953 1986 1995 G
2018 1959 2062 1996 et

225 2012 316 2056 alii.
408 2013 451 2056 8.
486 2013 695 2056 emitiabili
723 2013 804 2057 Ma.
895 2016 1024 2056 rursii
1050 2014 1130 2057 Ma.
1210 2014 1251 2057 9.
1284 2013 1455 2054 iudeam
1487 2012 1564 2054 Ma.
1652 2015 1717 2055 ll.
1752 2014 1935 2068 primum
1967 2012 2059 2054 Ma:

221 2073 361 2130 primo
395 2071 443 2114 G.
539 2075 606 2116 12.
636 2075 767 2130 pinde
801 2087 896 2115 cum
924 2090 951 2130 p
985 2074 1166 2116 caudato
1201 2073 1420 2129 (proinde)
1455 2071 1544 2114 Ma:
1564 2073 1702 2130 pinde
1736 2072 1783 2114 G.
1851 2074 1918 2116 13.
1953 2086 2061 2114 con-

226 2133 362 2174 iuncti
391 2131 481 2174 Ma:
516 2133 790 2175 emendatum
821 2135 904 2175 iam
937 2135 980 2175 in
1015 2133 1061 2176 G.

346 1896 387 1938 2.
423 1895 491 1935 dm
523 1907 618 1936 cum
650 1894 728 1938 lin.
763 1894 842 1938 Ma.

1907 2146 2038 2162 ,ae———X

248 2208 440 2226 ...ἰ-ν’·

226 2280 398 2328 santur,
447 2276 511 2317 sic
543 2277 673 2318 etiam
715 2278 762 2318 in
794 2278 889 2319 odio
923 2277 1100 2319 humani

224 2335 395 2392 generis
428 2334 607 2377 denotat
651 2348 726 2377 eos
770 2339 843 2391 qui
884 2336 961 2378 tali
995 2337 1095 2378 odio

226 2400 494 2449 premuntur.
570 2395 811 2437 'l'heodisce
859 2403 1097 2438 converto:

227 2454 348 2495 nicht
377 2454 423 2494 in
453 2454 661 2509 yleichem
687 2455 829 2496 Masse
862 2457 953 2497 clem
994 2456 1099 2498 Ver-

230 2512 414 2554 trecken
447 2513 523 2554 der
554 2515 882 2571 Brandstiftuny
914 2515 979 2556 als
1010 2516 1101 2556 dem

229 2572 363 2614 Hasse
391 2571 462 2615 des
485 2573 803 2615 menschlichen
829 2574 1101 2616 Geschlechts

227 2630 440 2687 versallen
465 2632 611 2687 yalten
633 2634 695 2674 sie
721 2636 796 2688 fiir
819 2634 1097 2676 iiberwiesen.

228 2692 300 2734 Sic
321 2697 442 2733 recte
465 2691 579 2746 Zyro
602 2693 826 2746 professor
848 2693 1098 2736 Bernensis.

227 2750 315 2793 Alii
339 2763 446 2807 quos
465 2753 662 2807 sequitur
686 2751 876 2795 Orellius
910 2754 964 2794 de
998 2753 1098 2795 odio

229 2809 571 2852 Christianorum
593 2812 802 2854 adversus
819 2819 991 2854 ceteros
1017 2813 1102 2853 ho-

228 2870 368 2911 mines
413 2871 610 2926 cogitare
651 2872 818 2913 malunt
864 2872 1100 2924 eiusmodi,

230 2934 276 2969 ut
325 2927 497 2970 Iudaeis
552 2930 756 2972 adversus
811 2945 955 2972 omnes
993 2932 1102 2972 alios

230 2987 382 3030 hostile
425 2988 566 3030 odium
612 2990 655 3030 in
699 2989 901 3031 Historiis
938 2990 975 3030 V
1008 2991 1034 3033 5
1078 3003 1103 3031 a

229 3047 375 3089 Tacito
423 3048 652 3089 tribuitur:
702 3049 780 3091 sed
822 3049 910 3091 tale
956 3048 1101 3090 odium

231 3108 360 3149 etiam
417 3105 675 3149 Christianis
740 3108 878 3151 fuisse
929 3109 1102 3150 Tacitus

230 3166 500 3208 indicaturus
541 3174 658 3219 erat,
717 3169 754 3209 si
806 3168 850 3210 id
893 3168 1100 3220 dixisset,

232 3238 375 3280 neque
408 3226 583 3268 aliunde
618 3241 669 3269 ea
702 3226 755 3268 de
787 3240 834 3269 re
867 3228 1101 3283 quidquam

232 3285 434 3325 traditum
469 3291 550 3327 est.
615 3286 774 3327 Verum
797 3288 987 3341 priorem
1021 3300 1102 3328 ex-

232 3344 514 3399 plicationem
557 3357 683 3399 quam
736 3347 924 3387 maxime
980 3358 1102 3386 com-

234 3403 438 3444 mendant
502 3417 614 3458 quae
674 3416 774 3444 mox
836 3410 1101 3459 sequuntur:

232 3462 360 3514 avide,
393 3475 644 3516 quamquam
665 3463 867 3504 adversus
899 3470 1039 3504 sontes
1065 3470 1104 3504 et

233 3522 463 3563 novissima
486 3523 679 3577 exempla
701 3525 887 3574 meritos,
918 3523 1102 3564 misera-

235 3582 291 3622 tio
324 3580 568 3622 oriebatur:
615 3585 763 3622 sontes
797 3582 910 3622 enim
945 3587 988 3622 et
1021 3595 1101 3624 ex-

234 3644 392 3682 tremas
437 3652 602 3694 poenas
634 3640 774 3682 meriti
816 3641 910 3681 iure
943 3642 1101 3682 ceteris

236 3697 484 3743 hominibus
511 3697 642 3742 invisi
661 3703 774 3742 sunt.
825 3697 1102 3743 Conveniunt

1159 2134 1225 2178 15.
1259 2133 1334 2189 aff.
1370 2130 1439 2174 Or.

1184 2277 1380 2331 proxime
1412 2276 1640 2331 superiora
1683 2288 1783 2329 quos
1826 2289 1906 2331 per
1933 2274 2060 2331 flaqi-

1185 2339 1247 2378 tia
1285 2337 1443 2378 invisos
1485 2335 1632 2391 vulyus
1667 2334 1937 2376 Christianos
1979 2348 2062 2391 ap..

1180 2395 1387 2452 pellabat.

1272 2461 1346 2495 aut
1373 2453 1648 2510 {lammandit
1684 2451 1971 2508 subintellige
2006 2465 2060 2493 ex

1184 2516 1454 2570 praegressis
1474 2513 1718 2555 interirent.
1755 2513 1793 2553 F
1795 2509 2061 2553 lammandos

1186 2573 1294 2614 dixit
1351 2573 1467 2616 clara
1518 2571 1686 2614 flamma
1741 2570 2059 2625 absumendos,

1185 2645 1341 2674 novam
1362 2646 1452 2675 rem
1487 2644 1603 2673 novo
1625 2630 1762 2673 verbo
1791 2630 2058 2674 describens.

1184 2692 1289 2734 Nam
1336 2698 1384 2733 ut
1427 2693 1569 2734 Latini
1615 2691 1731 2746 quod
1784 2697 1850 2732 est
1895 2689 2060 2733 Graece

1186 2752 1495 2811 ἑλισσόμενος
1538 2764 1616 2805 per
1648 2750 1877 2792 volveradus
1911 2750 2061 2804 expri-

1185 2818 1306 2852 munt
1340 2813 1488 2867 (Virg.
1510 2811 1662 2852 Aen.1
1697 2810 1816 2867 269),
1849 2811 1911 2850 ita
1945 2812 2063 2868 φλε-

1186 2875 1421 2929 γομένους
1461 2869 1738 2925 flammandos
1772 2874 1955 2924 possunt
1988 2868 2058 2909 di-

1187 2943 1302 2971 cere.
1367 2929 1547 2973 Scilicet
1567 2928 1803 2970 Christiani
1828 2928 1881 2971 ad
1912 2928 2059 2983 palum

1185 2990 1360 3046 religati
1395 2996 1438 3032 et
1461 2990 1607 3030 tunica
1639 2987 1860 3030 alimentis
1892 2989 2059 3045 ignium

1186 3048 1300 3090 illita
1333 3050 1470 3091 induti
1506 3048 1718 3090 combusti
1752 3054 1865 3090 sunt.
1929 3046 2057 3087 Conf.

1185 3108 1383 3151 Iuvenal.
1405 3108 1502 3149 Vlll
1535 3108 1645 3151 235:
1680 3109 1777 3148 ausi
1799 3107 1909 3161 quod
1933 3105 2062 3147 liceat

1187 3169 1334 3208 tunica
1371 3169 1527 3223 punire
1560 3165 1750 3207 molesta.
1816 3166 1881 3206 lbi
1916 3164 2058 3206 Scho-

1187 3226 1339 3267 liasta:
1372 3227 1497 3267 vestis
1530 3240 1582 3266 esc
1615 3225 1769 3266 charta
1799 3226 1934 3279 sacta,
1963 3226 2061 3279 pice

1186 3285 1322 3338 illita,
1365 3287 1411 3326 in
1449 3299 1532 3339 qua
1573 3285 1739 3338 ignibus
1778 3298 1944 3340 poenae
1977 3283 2060 3324 ad..

1188 3345 1291 3386 dicti
1311 3345 1466 3386 ardere
1494 3343 1643 3384 solent.
1692 3342 1887 3384 Iuvenal.
1910 3343 1927 3384 1
1951 3343 2059 3384 155:

1189 3405 1316 3445 taeda
1348 3403 1504 3445 lucebis
1548 3404 1594 3443 in
1625 3402 1728 3454 illa,
1776 3416 1859 3456 qua
1899 3408 2060 3444 stantes

1187 3464 1341 3504 ardent
1405 3464 1475 3516 qui
1523 3463 1608 3515 fixo
1662 3468 1829 3517 yutture
1875 3464 2057 3518 fumant.

1188 3522 1432 3564 Scholiasta
1453 3535 1463 3562 z
1499 3521 1613 3563 Nero
1637 3521 1849 3575 maleficos
1870 3521 2060 3564 homines

1188 3582 1315 3623 taeda
1354 3587 1391 3622 et
1419 3594 1584 3637 papyro
1631 3587 1669 3622 et
1713 3593 1816 3622 cera
1856 3593 2059 3638 superve-

1187 3641 1338 3682 stiebat
1373 3646 1412 3682 et
1457 3642 1520 3681 sic
1564 3639 1621 3681 ad
1659 3640 1800 3694 iynem
1841 3639 2060 3682 admoveri

1188 3695 1370 3755 iubebat,
1390 3705 1435 3744 nt
1456 3699 1672 3741 arderent.
1736 3698 1902 3742 Seneca
1918 3698 2056 3754 Epist.
