2280 4004
811 275 976 321 LIBER
1005 271 1120 321 XIV.
1182 272 1289 320 on.
1327 276 1512 320 15-17.
1942 266 2030 320 191

203 267 236 323 α’
260 275 310 324 G.
343 276 415 323 59.

207 420 388 487 docet,
440 435 544 473 non
596 420 783 488 impetu
824 424 873 473 et
907 420 1148 472 instinctu
1193 431 1291 472 nec
1338 434 1430 472 ore
1473 432 1575 471 uno
1614 417 1792 471 fluens.
1866 416 2032 470 Etiam

203 512 487 579 sapientiae
525 512 822 564 doctoribus
860 516 1054 578 tempus
1092 511 1412 576 impertiebat
1447 514 1563 577 post
1599 509 1797 576 epulaS,
1856 513 1909 560 ut
1946 497 2031 575 qui

207 603 467 655 contraria
493 593 900 655 adseverantium
929 602 1189 654 discordia
1224 601 1491 653 frueretur.
1563 602 1669 653 Nec
1703 601 1912 653 deerant
1947 599 2032 667 qui

206 709 298 747 ore
326 695 565 762 vultuque
600 694 732 746 tristi
769 694 902 747 inter
938 693 1309 745 oblectamenta
1337 693 1483 760 regia
1520 692 1739 759 spectari
1774 696 2031 759 cuperent.

347 786 449 839 Sub
484 785 619 837 idem
657 790 850 851 tempus
885 784 986 836 levi
1025 784 1171 834 initio
1208 788 1356 835 atrox
1395 783 1581 836 caedes
1619 788 1728 835 orta
1767 783 1902 835 inter
1939 783 2073 837 co-s

204 875 352 929 lonos
388 877 672 929 Nucerinos
708 875 1158 942 Pompeianosque,
1198 874 1507 942 gladiatorio
1540 874 1855 941 spectaculo,
1895 873 2033 941 quod

123 965 125 967 ’
204 950 462 1020 Livineius
485 965 727 1035 Regulus,
768 981 915 1033 quem
942 971 1130 1018 motum
1153 971 1333 1018 senatu
1353 965 1540 1031 rettuli,
1579 965 1776 1018 edebat.
1841 966 2035 1033 Quippe

205 1058 456 1125 oppidana
504 1057 716 1109 lascivia
763 1057 817 1107 in
867 1057 1036 1109 vicem
1089 1057 1408 1109 incessentes
1455 1056 1674 1122 probra,
1727 1056 1845 1108 dein
1890 1071 2032 1123 saxa,

201 1153 460 1215 postremo
512 1149 702 1200 ferrum
747 1161 1036 1214 sumpsere,
1099 1146 1352 1199 validiore
1404 1147 1820 1214 Pompeianorum
1866 1147 2033 1214 plebe,

205 1238 336 1305 apud
395 1252 523 1305 quos
592 1237 934 1305 spectaculum
989 1235 1248 1289 edebatur.
1321 1237 1460 1305 Ergo
1516 1237 1764 1304 deportati
1817 1243 1932 1290 sunt
1981 1238 2034 1290 in
2050 1243 2098 1288 to

203 1329 381 1383 urbem
416 1329 557 1382 multi
593 1345 624 1382 e
646 1326 914 1382 Nucerinis
952 1333 1136 1380 trunco
1174 1343 1270 1395 per
1300 1328 1511 1382 vulnera
1547 1343 1791 1396 corpore,
1829 1344 1889 1381 ac
1922 1329 2037 1397 ple-

122 786 190 835 1⁷

318 1523 362 1567 2.
393 1522 661 1579 impertiebat
690 1520 783 1565 Ma·
806 1522 1081 1579 impartiebat
1109 1521 1185 1565 BG
1215 1521 1305 1565 alii.
1396 1525 1443 1565 ut
1474 1520 1548 1579 qui
1577 1523 1741 1566 editor·
1771 1524 1966 1580 utqueM³
1990 1528 2035 1567 et

203 1580 295 1635 alii,
327 1589 452 1637 atque
411 1537 532 1625 ’,ΨΘ
617 1583 660 1625 3.
694 1582 952 1624 adseverant
983 1589 1069 1624 tum
1102 1582 1347 1625 discordiae
1375 1590 1574 1626 rueretur
1604 1583 1687 1636 Ma,
1716 1590 2036 1626 asseverantum

205 1641 448 1683 discordiae
481 1641 743 1684 eruebantur
775 1641 833 1683 G.
866 1643 1204 1683 asseverantium
1234 1641 1531 1695 Puteolanus,
1567 1643 1784 1685 discordia
1813 1647 2036 1699 frueretur

205 1698 561 1758 Bezzenberger.
654 1702 696 1743 5.
729 1701 853 1742 initio
874 1700 1128 1742 Ernestius·
1149 1700 1217 1743 Ma
1246 1703 1425 1743 intentio
1462 1705 1572 1758 (non
1593 1704 1822 1759 incendo),
1858 1702 1891 1744 G
1923 1716 2033 1744 con-

203 1761 405 1803 tentione.
498 1761 538 1803 7.
578 1759 822 1804 libidineias
851 1758 917 1802 Ma

202 1820 396 1861 correxit
422 1819 611 1874 Lipsius,
733 1819 777 1862 8³.
812 1820 1050 1862 incessente
1084 1818 1212 1862 GMa.
1263 1822 1453 1863 correxit
1484 1821 1614 1863 idem.

201 1876 295 1921 Ma:
325 1878 497 1935 Lipsius
528 1880 753 1936 reportati.
850 1880 919 1923 ss.
952 1879 1075 1922 multi
1103 1883 1145 1938 e]
1180 1879 1339 1923 multae
1369 1893 1419 1935 pr
1451 1879 1532 1924 Ma.

949 1761 1061 1816 (non
1083 1759 1242 1803 Furiae
1274 1760 1451 1803 libidine
1483 1763 1612 1819 eius),
1649 1762 1682 1804 G
1719 1763 1889 1804 libidini
1919 1763 2031 1803 eius.

1711 1823 1780 1866 120.
1815 1821 2029 1879 deportati

201 2049 242 2085 et
268 2041 407 2084 deleta
441 2049 481 2084 et
502 2041 681 2085 inducta
714 2050 755 2086 et
784 2047 1075 2101 superscripta

199 2102 389 2145 inerant.
460 2100 526 2143 De
567 2102 713 2144 studio
746 2102 931 2145 Neronis
975 2117 1073 2146 car-

200 2162 363 2202 minum
396 2160 453 2203 cf.
486 2161 720 2204 Suetonius
751 2162 851 2205 Ner.
885 2162 965 2217 38,
998 2163 1074 2205 ubi

192 2218 400 2265 ’Ἀλωσιν
430 2220 568 2264 Ἰλίου
598 2228 834 2276 memorat,
883 2222 968 2264 Dio
1002 2235 1070 2277 ap.

200 2278 367 2334 Xiphil.
411 2278 526 2321 an·
575 2279 631 2322 18
677 2286 721 2322 et
761 2281 833 2326 29.
905 2281 1072 2323 Plinius

199 2337 400 2381 XXXVII
444 2340 512 2381 12.
580 2339 750 2382 Seneca
795 2340 845 2393 Q.
878 2340 930 2384 N.
975 2341 1068 2384 15.

199 2397 410 2439 Martialis
444 2396 542 2439 vul
571 2399 629 2442 70
658 2399 702 2452 8,
733 2398 791 2441 IX
821 2399 877 2444 27
909 2400 1072 2444 9-—10.

200 2456 422 2499 Iuvenalis
447 2456 543 2498 VIII
573 2459 674 2501 221.
718 2457 963 2501 Scholiasta
981 2459 1073 2500 Lu-

201 2517 298 2558 cani
329 2515 385 2557 111
416 2516 517 2569 261,
550 2516 688 2559 Persii
721 2518 738 2559 1
770 2518 841 2560 93.

271 2582 318 2617 ut
363 2575 435 2630 qui
465 2577 693 2618 cona-arta
726 2576 1071 2618 adseverantium

200 2634 419 2677 discordia
447 2637 668 2690 frueretur
683 2649 696 2676 .·
727 2634 794 2678 Ma
816 2636 1072 2677 adseverant

201 2701 287 2736 tum
315 2692 473 2735 menda
517 2693 572 2735 ad
601 2695 891 2738 amovendum
924 2694 1070 2737 facilis

200 2753 363 2808 prodiit
395 2766 451 2794 ex
484 2753 850 2808 adseverantium,
895 2760 967 2807 ut,
1006 2755 1071 2796 si-

201 2812 339 2854 lentio
372 2813 408 2852 si
441 2811 546 2867 quid
578 2813 854 2855 tribuendum
887 2819 978 2866 est,
1003 2813 1071 2862 ,in

200 2870 425 2911 nonnullis
460 2870 583 2912 libris
608 2878 850 2914 correctum
882 2871 1070 2914 videtur.

200 2929 304 2970 'I'um
327 2942 381 2971 ex
399 2928 584 2971 Medicei
605 2932 807 2987 vestigiis
831 2931 1073 2972 discordiae

201 2995 399 3030 rueretur
419 2987 683 3030 eliciendum
704 2989 921 3031 discordia
947 2993 1073 3046 frue-

201 3054 336 3101 retur,
367 3052 415 3088 ut
444 3052 637 3090 extrema
666 3049 872 3091 vocabuli
905 3050 1073 3091 discor-

204 3108 301 3149 diae
360 3105 507 3148 littera
563 3108 758 3150 resoluta
809 3108 1073 3164 paulumque

202 3170 365 3207 mutata
396 3165 454 3220 (F
485 3177 563 3219 pro
587 3165 648 3223 E)
680 3167 966 3223 subsequenti
998 3180 1071 3209 re-

202 3226 420 3267 stituatur.
480 3223 638 3266 Probat
683 3225 768 3268 boc
798 3227 953 3269 vitium
991 3239 1071 3268 ex-

204 3283 369 3339 emplar
398 3282 583 3326 Medicei
625 3284 783 3326 litteris
824 3285 1071 3326 uncialibus

201 3345 409 3398 scriptum
442 3342 594 3395 fuisse,
626 3343 682 3385 de
714 3355 800 3399 quo
833 3343 995 3385 dictum
1026 3345 1071 3384 in

202 3403 455 3455 Prooemi0,
489 3408 533 3444 et
564 3401 645 3444 hac
676 3404 749 3444 via
781 3402 1070 3457 corruptelam

203 3474 287 3518 ego
333 3461 499 3516 pridem
553 3461 598 3501 in
646 3461 907 3504 adversariis
962 3462 1071 3502 meis

201 3533 487 3572 removeram,
519 3519 597 3562 sed
627 3532 728 3561 mox
757 3520 848 3563 vidi
867 3520 1071 3562 Bezzen-

202 3579 433 3637 bergcrum
465 3579 580 3622 idem
604 3580 867 3635 repperisse.
929 3578 970 3622 Is
1000 3585 1071 3621 ta-

202 3651 303 3687 men
331 3640 482 3686 minus
497 3639 714 3686 concinne
736 3646 862 3701 utque
874 3663 930 3676 —
944 3641 1070 3701 frue-

1159 2051 1293 2087 retur.
1356 2044 1528 2087 Tacitus
1572 2045 1671 2087 dum
1702 2046 1853 2088 scribit
1882 2054 1928 2089 ut
1959 2047 2031 2103 qui

1159 2106 1386 2146 contraria
1426 2105 1770 2147 adseverantium
1813 2107 2031 2149 discordia

1156 2166 1400 2218 frueretur,
1450 2176 1536 2205 non
1569 2164 1828 2218 simplici-ter
1860 2179 1952 2207 rem
1982 2167 2028 2207 in

1156 2223 1275 2264 facto
1323 2224 1510 2277 positam
1561 2224 1724 2277 refert,
1779 2225 1857 2267 sed
1899 2224 2029 2267 simul

1156 2294 1277 2323 suam
1310 2282 1365 2324 de
1398 2296 1450 2325 ea
1471 2284 1633 2337 promit
1658 2285 1954 2326 coniecturam
1984 2290 2030 2327 et

1156 2343 1430 2384 sententiam.
1495 2342 1566 2384 Sic
1594 2343 1649 2386 Η.
1669 2342 1703 2383 II
1740 2344 1819 2384 12:
1853 2351 1903 2386 ut
1931 2345 2028 2400 qui..

1157 2401 1230 2442 bus
1251 2408 1408 2443 temere
1429 2400 1632 2455 collectis,
1664 2415 1752 2442 non
1772 2410 1922 2444 castra
1940 2417 2029 2445 non

1156 2460 1303 2501 ducem
1335 2461 1669 2514 noscitantibus,
1718 2475 1858 2516 neque
1881 2464 1929 2504 in
1958 2463 2027 2504 vi..

1157 2520 1297 2561 ctoria
1340 2520 1467 2562 decus
1508 2527 1618 2562 esset
1659 2534 1794 2575 neque
1833 2522 1881 2562 in
1922 2524 2029 2578 fuya

1153 2579 1375 2635 {laqitium
1449 2577 1531 2620 Ubi
1563 2579 1674 2621 nihil
1708 2585 1773 2621 est
1804 2580 1888 2622 nisi
1920 2580 2028 2623 facti

1155 2638 1373 2691 narratio,
1419 2638 1687 2681 indicativus
1724 2639 1881 2681 modus
1919 2640 2027 2682 sub-

1155 2699 1367 2752 sequitur,
1399 2697 1543 2739 veluti
1564 2699 1670 2755 Agr.
1696 2698 1773 2742 18:
1802 2706 1850 2742 ut
1879 2700 2028 2756 quibus

1156 2757 1310 2799 bellum
1341 2756 1576 2799 volentibus
1608 2763 1716 2799 erat.

1257 2873 1364 2929 Cap.
1401 2875 1470 2917 17.
1551 2874 1634 2917 tevi
1674 2874 1824 2917 initio:
1870 2877 2026 2919 vitium

1155 2934 1334 2975 intentio
1379 2940 1453 2975 aut
1502 2946 1557 2975 ex
1603 2934 1862 2989 compendio
1911 2936 2026 2978 male

1155 2992 1305 3035 soluto·
1343 2998 1417 3033 aut
1462 2999 1626 3035 mutata
1658 2993 1805 3036 littera
1836 3002 1851 3037 t
1883 3008 1978 3036 cum
2010 2996 2028 3036 i

1156 3052 1278 3093 duxit
1309 3053 1542 3108 orig-inem.
1619 3053 1795 3094 Initium
1824 3054 2027 3095 similiter

1156 3123 1237 3165 pro
1278 3124 1410 3152 eausa
1456 3111 1530 3153 vel
1581 3113 1815 3153 occasione
1863 3112 2025 3154 dictum

1155 3169 1214 3211 lv
1237 3171 1308 3221 52,
1334 3170 1413 3210 XV
1442 3171 1495 3211 51
1517 3169 1617 3227 (tali
1645 3170 1804 3224 initio),
1823 3170 1923 3213 XVI
1953 3172 2023 3215 10.

1155 3229 1206 3270 H.
1244 3227 1262 3268 1
1292 3227 1352 3270 80
1382 3230 1535 3284 (parvo
1567 3229 1738 3269 interim
1767 3229 1942 3285 initio),
1986 3229 2027 3271 11

1156 3287 1214 3329 68
1247 3286 1432 3340 (ludicro
1463 3287 1634 3342 initio),·
1682 3287 1738 3328 cf.
1772 3287 1823 3330 H.
1868 3287 1926 3330 lv
1967 3288 2026 3332 50

1157 3345 1352 3401 (modicis
1364 3346 1625 3403 principiis).
1705 3346 1872 3389 rettuli:
1897 3347 2025 3388 nobis

1157 3417 1209 3446 ea
1238 3404 1395 3446 relatio
1428 3404 1666 3447 intercidit.

1243 3463 1457 3519 deportati
1477 3471 1575 3506 sunt
1596 3465 1643 3505 in
1660 3465 1828 3507 urbem·
1862 3464 2023 3519 depor-

1154 3522 1233 3562 tati
1265 3527 1364 3563 sunt
1395 3523 1575 3564 Romam
1615 3524 1862 3566 incitandae
1900 3525 2023 3567 invi-

1155 3579 1252 3623 diae
1285 3587 1328 3623 et
1348 3581 1587 3625 deferendo
1614 3583 1784 3627 crimini
1814 3582 2023 3667 adversus

1152 3639 1457 3701 Pompeianos.
