2280 4004
268 264 331 307 82
1046 262 1339 309 ANNALIVM

1839 284 1879 316 a.
1907 268 1958 317 u.
1987 267 2098 319 801.

269 407 509 474 consilia,
564 408 771 474 flagitiis
810 407 1091 459 manifestis
1130 408 1410 461 subsidium
1449 410 1512 460 ab
1555 411 1769 465 audacia
1803 415 2094 479 petendum.

265 498 468 550 Adesse
497 498 735 549 conscios
763 497 905 564 paria
942 503 1236 551 metuentes.

1311 500 1378 553 Se
1406 500 1654 553 caelibem
1679 503 1873 569 orbum,
1908 505 2094 572 nuptiis

268 594 318 641 et
347 589 636 655 adoptando
673 589 964 641 Britannico
1002 597 1245 657 paratum.
1319 591 1606 645 Mansuram
1644 595 1858 648 eandem
1890 596 2092 649 Messa-

264 678 399 731 linae
433 680 739 746 potentiam,
791 681 962 732 addita
996 682 1293 748 securitate,
1345 683 1388 734 si
1424 686 1784 750 praevenirent
1813 686 2091 754 Claudium,

228 775 318 822 sut
351 770 551 823 insidiis
587 772 867 838 incautum,
920 773 988 824 ita
1025 768 1133 825 irae
1172 789 1458 840 properum.
1532 777 1768 844 Segniter
1803 793 1897 831 eae
1932 793 2091 832 voces

265 867 532 929 acceptae,
575 878 678 915 non
715 879 889 916 amore
925 865 978 915 in
1016 865 1274 932 maritum,
1311 867 1403 918 sed
1440 882 1505 919 ne
1543 868 1696 921 Silius
1734 884 1926 923 summa
1963 870 2095 922 ade-

261 958 373 1020 ptus
409 960 674 1021 sperneret
726 955 1031 1022 adulteram,
1072 956 1342 1024 scelusque
1383 958 1517 1011 inter
1553 960 1792 1027 ancipitia
1824 960 2090 1027 probatum

261 1045 399 1097 veris
437 1061 555 1098 mox
584 1048 761 1114 pretiis
805 1048 1110 1100 aestimaret.

1183 1049 1379 1101 Nomen
1417 1055 1586 1103 tamen
1617 1052 1923 1104 matrimonii
1962 1067 2092 1105 con-

263 1136 451 1203 cupivit
486 1138 550 1189 ob
591 1139 987 1206 magnitudinem
1034 1139 1304 1206 infamiae,
1363 1141 1503 1193 cuius
1542 1143 1672 1209 apud
1708 1144 1956 1212 prodigos
1989 1159 2091 1196 no-

199 1228 468 1285 novissima
494 1230 724 1297 voluptas
758 1236 849 1284 est.

922 1232 1029 1284 Nec
1064 1232 1193 1284 ultra
1223 1238 1487 1299 expectato
1521 1249 1669 1301 quam
1703 1235 1819 1287 dum
1850 1235 2091 1288 sacrificii

259 1321 422 1388 gratia
451 1321 688 1374 Claudius
716 1323 907 1376 Ostiam
939 1323 1367 1390 proficisceretur,
1398 1331 1578 1377 cuncta
1615 1327 1896 1393 nuptiarum
1928 1327 2103 1380 solle-.

261 1414 392 1466 mnia
424 1415 664 1467 celebrat.

375 1568 417 1611 2.
447 1570 597 1624 patrici
632 1566 713 1612 Ma.

256 1623 434 1669 incauta
466 1627 546 1670 Ma.
639 1629 681 1672 6.
714 1630 874 1671 marita
904 1629 985 1672 Ma.

208 1688 473 1730 -·estimaret
503 1687 584 1730 Ma.
654 1689 695 1732 9.
732 1689 1024 1745 maqnitudine
1056 1688 1134 1732 Ma.

258 1748 327 1790 11.
361 1748 542 1790 hostiam
559 1746 639 1789 Ma.

254 1868 435 1922 vitium,
482 1869 666 1911 alterum
708 1869 817 1911 illud
860 1872 1131 1926 opperiretur

255 1930 531 1982 procreavit:
595 1929 800 1971 librarius
865 1931 981 1971 enim
1044 1929 1129 1972 hoc

255 1987 436 2029 verbum
481 1989 656 2043 passiva
698 1988 1025 2044 significatione
1058 1989 1127 2030 di-

257 2052 372 2088 ctum
439 2061 538 2089 esse
608 2049 792 2102 putavit.
856 2047 952 2089 Non
1014 2048 1128 2090 bene

256 2107 526 2163 opperiretur
557 2109 699 2149 tenuit
718 2107 1058 2164 Bezzenberger
1086 2114 1130 2150 et

257 2165 310 2207 de
345 2179 429 2207 uno
452 2166 561 2209 Silio
595 2168 781 2221 accepit.
842 2167 975 2208 lmmo
995 2167 1126 2210 Silius

256 2223 404 2267 dicere
441 2225 583 2267 voluit
617 2239 845 2268 commune
884 2226 1127 2280 periculum

258 2284 584 2327 immineretam
609 2286 691 2327 sibi
711 2299 836 2341 quam
850 2285 1125 2328 Messalinae.

347 2346 462 2413 apud
488 2346 717 2401 procliyos:
751 2359 804 2387 ex
833 2345 1127 2400 praecedente

254 2405 431 2446 nomine
463 2405 672 2460 infamiae
715 2399 808 2449 ἀπὸ
856 2408 1021 2450 κοινοῦ
1051 2408 1126 2460 fa-

252 2476 347 2504 mae
380 2465 475 2506 sive
510 2465 644 2506 bonae
675 2467 821 2519 famae
854 2465 1126 2521 cogitatione

253 2522 542 2576 supplendum
608 2531 702 2566 est.
767 2524 868 2565 vide
937 2524 1124 2566 similem

253 2587 494 2623 structurae
528 2583 748 2624 licentiam
784 2582 860 2624 XlI
891 2583 962 2625 64.

339 2642 547 2695 sacrificii
576 2644 748 2696 qratia:
781 2642 909 2683 aliter
941 2642 1023 2683 Dio
1053 2641 1125 2683 LX

251 2697 336 2741 31:
369 2703 416 2749 ἐς
447 2696 497 2743 τά
523 2699 691 2743 'Dorice
723 2697 843 2757 πρὸς
872 2702 1125 2755 ἐπίσκεψιν

254 2763 387 2801 σίτου
421 2765 596 2815 κατέβη.
653 2760 859 2802 Aurelius
895 2760 1046 2801 Victor
1070 2760 1123 2801 de

252 2815 512 2860 Caesaribus
552 2820 581 2862 4
621 2821 664 2871 ς.
711 2822 761 2862 11
812 2818 942 2861 tradit
987 2820 1124 2861 animi

251 2890 306 2917 ac
333 2878 536 2933 pellicum
570 2892 699 2920 causa
733 2880 976 2933 profectum
1024 2891 1122 2920 esse

251 2934 429 2990 Ostiam,
468 2951 598 2979 causa
634 2939 802 2979 itineris
839 2952 892 2980 ex
915 2938 1121 2980 'facitinis

248 2994 305 3036 XI
337 2996 512 3039 29—30
545 2999 731 3052 repetita
764 3004 807 3039 et
839 2997 952 3039 ficta.

338 3053 442 3109 Cap.
466 3057 538 3099 27.
586 3058 806 3114 auspicum
827 3058 984 3098 verba:
1007 3058 1121 3100 Sue-

249 3117 340 3155 ton.
382 3114 534 3157 Claud.
579 3116 663 3160 26:
716 3130 840 3171 quam
876 3130 969 3158 cum
1002 3130 1118 3158 com-

242 3174 426 3229 perisset
445 3199 500 3206 -—
528 3174 575 3217 C.
611 3175 718 3216 Silio
754 3176 881 3217 etiam
912 3178 1117 3232 nupsisse,

250 3233 344 3274 dote
367 3234 481 3275 inter
505 3236 699 3291 auspices
722 3236 991 3291 consignata.
1043 3235 1118 3276 lu-

247 3292 377 3343 venal
412 3293 448 3334 X
479 3294 589 3336 335:
627 3295 766 3336 veniet
799 3309 892 3337 cum
923 3296 1118 3351 siynato-

247 3351 364 3393 ribus
401 3366 576 3408 auspex.

335 3410 500 3453 domum
533 3413 719 3455 subisse:
755 3419 969 3469 tamquam
1002 3426 1117 3455 nove

247 3476 381 3523 nupta
414 3473 457 3512 in
491 3470 661 3512 domum
693 3474 834 3514 mariti
855 3473 949 3515 Silii
973 3479 1117 3515 trans-

248 3541 397 3584 gressa
430 3535 496 3571 est
527 3543 647 3572 mone
690 3532 920 3586 sollemni,
955 3558 1011 3565 —-
1055 3532 1116 3573 ibi

246 3600 370 3629 sacra
401 3588 507 3630 fecit
539 3590 652 3644 apud
683 3598 890 3645 penates;
937 3592 1021 3633 hoc
1054 3595 1120 3633 est

247 3644 356 3689 illud
380 3647 495 3706 quod
518 3649 813 3709 subsequitur,
847 3652 1118 3711 sacrificasse

835 1570 877 1613 3.
913 1569 1174 1613 brittannico
1206 1567 1287 1613 Ma.

1088 1645 1252 1673 summa
1282 1628 1372 1672 Ma:
1406 1646 1612 1673 summam
1642 1631 1727 1675 BG.
1801 1632 1845 1675 8.

738 1415 883 1466 Haud
913 1430 1021 1468 sum
1049 1416 1259 1484 ignarus
1297 1417 1580 1470 fabulosum
1605 1418 1768 1494 visum
1803 1419 1867 1471 iri
1897 1423 2087 1472 tantum
2102 1427 2174 1477 27

1396 1571 1623 1614 messaline
1650 1573 1843 1629 potentia
1873 1573 1954 1617 Ma.
2042 1574 2084 1619 5.

1879 1618 1986 1690 ptiis
2003 1632 2086 1678 Ma.

1222 1691 1289 1734 10.
1323 1691 1387 1732 ult
1419 1705 1513 1747 exp.
1548 1691 1738 1748 (syllaba
1770 1706 1824 1735 ex
1855 1690 2086 1752 corr..)M³

750 1751 816 1793 12.
852 1756 970 1791 tanto
1000 1748 1131 1791 nullis
1161 1748 1243 1792 Ma.

1213 1871 1328 1926 apud
1359 1871 1471 1914 deos.
1535 1871 1720 1914 Tabulas
1753 1872 1973 1928 nuptiales
2012 1874 2085 1917 Si-

1214 1929 1297 1971 lius
1331 1930 1445 1985 apud
1477 1930 1752 1973 Messalinam
1793 1935 1890 1975 sive
1921 1934 1967 1975 in
1998 1933 2085 1976 Pa-

1212 1988 1319 2030 latio
1371 1991 1465 2031 sive
1522 1991 1567 2031 in
1621 1990 1759 2033 hortis
1814 1991 2085 2035 Lucullianis

1213 2048 1395 2102 fecer,at
1429 2054 1477 2089 ut
1509 2063 1564 2091 ex
1596 2049 1685 2091 illis
1720 2050 1935 2093 consulem
1967 2051 2085 2094 desi-

1210 2116 1389 2162 qnatum
1434 2134 1491 2141 —
1546 2111 1793 2152 convenisse
1842 2110 2082 2167 colligitur.

1210 2166 1297 2208 Iam
1331 2181 1428 2209 cum
1449 2169 1494 2209 in
1518 2169 1803 2225 sequentibus
1820 2169 2083 2218 sacrificium

1210 2227 1472 2269 Messalinae
1520 2228 1634 2285 apud
1665 2228 1764 2270 deos
1815 2242 2082 2272 commemo-

1210 2292 1331 2328 rctui
1363 2285 1494 2342 idque
1525 2300 1646 2329 more
1676 2288 1871 2330 Romano
1903 2290 2081 2344 penati-

1210 2346 1290 2387 bus
1338 2346 1381 2386 in
1433 2346 1560 2387 domo
1605 2348 1747 2389 mariti
1802 2348 1965 2390 factum
2007 2349 2079 2402 sit,

1209 2411 1310 2446 ante
1341 2406 1599 2447 narrandum
1644 2413 1758 2460 erat,
1803 2407 2080 2450 Messalinam

1211 2464 1262 2505 ad
1297 2464 1391 2507 Silii
1425 2464 1558 2507 aedes
1578 2468 1769 2509 venisse.
1803 2465 1921 2508 Nihil
1945 2468 2082 2524 igitur

1210 2530 1311 2565 ante
1355 2524 1512 2566 subisse
1563 2525 1832 2579 probabilius
1883 2525 2080 2582 suppleri

1208 2588 1354 2637 potest
1387 2597 1512 2637 quam
1546 2596 1705 2626 nomen
1739 2585 1927 2638 domum,
1962 2585 2079 2641 quod

1208 2654 1286 2695 per
1316 2648 1462 2682 notam
1509 2643 1716 2697 scriptum
1763 2642 1903 2686 omitti
1943 2643 2077 2687 facile

1207 2707 1391 2755 poterat.

1298 2761 1568 2802 discubitum.-
1608 2761 1672 2803 ‘et
1710 2761 1885 2817 quidem
1937 2763 2077 2805 somna

1206 2819 1413 2874 nuptiali,
1468 2833 1579 2875 quae
1634 2821 1812 2863 volebat
1867 2827 1915 2862 ut
1958 2833 2075 2863 nova

1206 2885 1339 2933 nupta
1385 2880 1427 2920 in
1479 2882 1647 2936 gremio
1701 2881 1844 2923 mariti
1891 2882 2073 2924 iaceret.

1206 2939 1366 2980 Morem
1400 2952 1497 2979 eum
1542 2935 1744 2994 exprimit
1783 2939 2004 2983 Iuvenalis
2035 2939 2073 2982 ll

1208 2998 1316 3040 119.
1353 2999 1504 3053 inqens
1537 3013 1686 3052 coena,
1719 2999 1794 3041 secl
1824 3006 1864 3041 et
1898 2999 2072 3070 gremio:

1207 3059 1378 3113 [ingens
1405 3071 1540 3098 coena
1556 3059 1700 3111 sedet‚·
1729 3059 1912 3117 gremio]
1938 3059 2074 3101 iacuit

1202 3129 1316 3157 nova
1346 3123 1479 3171 nupta
1509 3118 1670 3159 mariti.
1735 3117 1868 3168 Quasi
1902 3131 2009 3160 ecce
2029 3117 2074 3159 id

1204 3176 1317 3216 inter
1348 3175 1549 3217 solennia
1590 3177 1853 3231 nuptiarum.
1915 3177 2073 3233 Appu-

1203 3233 1316 3276 leius
1350 3234 1402 3275 de
1433 3237 1596 3290 nuptiis
1635 3235 1829 3290 Psyches
1869 3235 1974 3279 Met.
2015 3236 2070 3279 6:

1202 3294 1476 3336 accumbebat
1506 3308 1709 3337 summum
1740 3295 1908 3338 thorum
1931 3297 2071 3338 mari-

1202 3360 1280 3406 tus,
1312 3353 1502 3409 Psychen
1532 3356 1693 3410 yremio
1715 3368 1789 3397 suo
1814 3355 2066 3411 complex-215.

1201 3412 1304 3454 ldeo
1348 3419 1468 3454 recte
1513 3415 1557 3454 in
1606 3413 1779 3456 Catullo
1823 3414 1913 3455 LXI
1958 3414 2067 3456 171:

1200 3473 1373 3527 adspice
1423 3473 1550 3514 inlus’
1607 3473 1803 3530 [codices
1847 3485 1980 3524 unus,
2025 3476 2069 3514 et

1202 3535 1343 3589 recte]
1385 3540 1432 3574 ut
1469 3533 1686 3574 accubans
1717 3534 1784 3574 vir
1813 3538 1907 3573 tuus
1943 3530 2065 3587 Tyrio

1201 3592 1248 3632 in
1291 3591 1412 3633 thoro
1457 3599 1564 3633 totus
1594 3592 1810 3633 immineat
1845 3589 1945 3631 tibi?
1980 3595 2064 3633 cet.

1200 3650 1390 3698 Lipsius.
1452 3651 1614 3697 Morem
1674 3648 1798 3693 illum
1847 3648 2064 3697 interdum
