2280 4004
215 310 242 341 a
273 296 325 343 G.
355 298 428 344 20.
786 299 951 344 LIBER
981 299 1054 346 m.
1119 300 1226 348 Cu.
1262 302 1448 346 16-17.
1949 307 2041 349 1¹70

220 455 340 507 cor,
403 456 468 494 ne
504 457 648 494 meae
682 442 945 509 pravitatis
980 457 1172 509 poenas
1207 442 1446 495 innoxius
1481 442 1600 495 luat.
1688 442 1782 496 Per
1818 446 2039 511 quinque

220 537 270 585 et
306 532 639 602 quadraginta
675 548 920 585 annorum
958 533 1272 600 obsequium,
1311 550 1404 600 per
1439 533 1711 602 collegium
1747 535 2040 588 consulatus

221 626 475 692 quondam
512 626 630 678 divo
667 626 900 692 Augusto
937 626 1135 692 parenti
1189 631 1276 678 tuo
1321 627 1563 692 probatus
1606 630 1655 678 et
1701 627 1793 678 tibi
1828 628 2039 692 amicuS,

219 734 316 771 nec
350 719 616 786 quicquam
649 720 764 781 post
797 715 923 767 haec
947 721 1235 783 rogaturus,
1267 716 1478 769 salutem
1506 716 1727 769 infelicis
1763 718 1849 770 filii
1876 713 2041 786 rogo.²

137 818 204 865 17
220 810 295 862 De
329 809 565 861 Plancina
608 806 732 858 nihil
769 807 977 859 addidit.
1073 807 1190 859 Post
1237 822 1366 874 quae
1399 808 1631 861 Tiberius.
1665 809 2081 869 adulescentem5

223 901 433 955 crimine
470 898 633 950 civilis
672 898 791 950 belli
816 899 1052 966 purgavit
1079 899 1263 965 (patris
1302 900 1483 966 quippe
1519 902 1658 954 iussa
1683 917 1780 954 nec
1814 903 2048 968 potuisse

220 991 371 1062 filium
399 990 731 1053 detrectare),
772 989 920 1041 simul
954 990 1266 1042 nobilitatem
1306 991 1502 1057 domUS,
1531 993 1682 1044 etiam
1719 993 1877 1059 ipsius
1913 1009 2046 1061 quo-

222 1096 319 1147 quo
377 1080 529 1131 modo
583 1080 748 1131 meriti
798 1095 1007 1147 gravem
1068 1096 1240 1133 casum
1289 1081 1574 1133 miseratus.
1672 1083 1766 1134 Pro
1806 1084 2051 1137 Plancina·

221 1186 332 1246 eum
369 1171 564 1237 pudore
599 1175 663 1238 §³1
703 1170 899 1238 flagitio
949 1170 1218 1242 disseruit,
1279 1171 1455 1222 matris
1512 1186 1694 1237 preces
1743 1172 2043 1239 obtendens,
2074 1172 2280 1243 tapsus&

216 1262 270 1314 in
302 1276 450 1329 quam
486 1262 658 1328 optimi
705 1263 946 1328 cuiusque
998 1263 1185 1314 secreti
1226 1267 1430 1329 questus
1476 1264 1642 1331 magis
1689 1264 2112 1317 ardescebant.1o

218 1351 273 1404 ld
309 1366 434 1419 ergo
477 1352 554 1403 fas
592 1352 764 1416 aviae,
820 1353 1217 1406 interfectricem
1278 1355 1476 1420 nepotis
1538 1355 1770 1420 aspicere
1818 1356 2042 1422 adloqui,

218 1442 417 1509 eripere
453 1443 666 1494 senatui.
742 1443 889 1504 Quod
924 1459 1016 1510 pro
1054 1445 1285 1496 omnibus
1336 1445 1532 1496 civibus
1583 1445 1728 1513 leges
1767 1447 2042 1512 obtineant,

217 1534 304 1584 uni
343 1534 645 1586 Germanico
682 1550 785 1586 non
810 1535 1105 1603 contigisse.
1180 1536 1368 1588 Vitellii
1398 1541 1447 1589 et
1476 1538 1682 1590 Veranii
1715 1553 1845 1590 voce
1884 1538 2046 1591 defle-

217 1630 319 1678 tum
343 1626 630 1692 Caesarem,
671 1627 732 1678 ab
770 1627 1076 1693 imperatore
1106 1632 1156 1680 et
1179 1628 1410 1695 Augusta
1447 1628 1708 1682 defensam
1738 1631 2042 1683 Plancinam.

217 1716 434 1769 Proinde
481 1732 678 1770 venena
717 1722 767 1770 et
814 1723 947 1770 artes
1003 1723 1104 1770 tam
1161 1719 1382 1770 feliciter
1433 1725 1668 1786 expertas
1721 1727 1950 1774 verteret⁴
1994 1723 2113 1774 inis

216 1807 575 1877 Agrippinam,
612 1809 663 1860 in
702 1809 894 1862 liberos
933 1810 1072 1877 eiUS,
1113 1811 1478 1879 egregiamque
1517 1812 1681 1865 aviam
1719 1829 1780 1865 ac
1817 1819 2046 1880 patruum

338 1983 381 2028 3.
417 1984 531 2041 divo]
566 1984 646 2026 duo
679 1985 734 2028 M.
826 1985 986 2027 amicos
1019 1985 1075 2027 M.
1165 1985 1233 2029 15.
1266 1985 1451 2042 proinde
1481 1986 1743 2031 Rhenanus:
1783 1988 1825 2034 Μ
1851 1988 2047 2046 perinde.

309 2123 413 2178 Cap.
451 2125 517 2166 17.
573 2125 765 2180 aspicere
782 2123 967 2179 adloqui,
1001 2127 1092 2168 eri-

216 2197 320 2239 pere
351 2184 542 2224 senatui:
585 2184 640 2225 cf.
675 2183 728 2224 ad
759 2183 816 2225 XI
853 2185 895 2227 6.

304 2243 488 2299 proinde
518 2256 684 2283 venena
715 2250 754 2285 et
784 2250 970 2285 artes—
991 2258 1093 2285 ver-

223 2308 330 2343 teret
382 2302 429 2342 in
485 2301 770 2358 Aqrippinam
790 2317 804 2343 .·
862 2309 1093 2345 contextus

223 2363 432 2402 sennonis
465 2360 508 2402 h.
542 2360 571 2403 l.
610 2361 865 2415 particulam
909 2363 1093 2405 conclu-

223 2420 336 2461 sioni
370 2420 628 2462 destinatam
673 2422 974 2477 (demqemdss,
1012 2436 1093 2478 pro

223 2478 305 2520 hoc
336 2481 504 2535 eventu)
538 2480 728 2534 postulat
750 2487 881 2535 atque
905 2481 1004 2522 talis
1029 2487 1094 2522 est

217 2539 415 2594 proinde.
435 2538 652 2580 Particula
665 2541 977 2594 comparationi
998 2554 1094 2582 ser-

224 2598 348 2643 viens
383 2604 426 2640 et
460 2598 562 2640 huic
592 2597 732 2640 forma
764 2599 998 2653 persimilis
1031 2606 1096 2642 est

219 2657 400 2713 perinde
449 2657 575 2713 (eben
626 2671 698 2711 su,
741 2658 885 2700 eodem
935 2659 1093 2717 modo).

225 2712 345 2768 Quae
362 2729 458 2758 cum
478 2717 522 2758 in
545 2715 666 2758 libris
685 2730 764 2772 per
791 2719 1095 2772 compendium

221 2774 368 2834 pinde,
395 2775 471 2817 sed
492 2776 676 2833 proinde
692 2789 770 2831 per
791 2783 936 2819 notam
954 2778 1096 2838 ‘pindo

226 2835 545 2888 exprimantur,
588 2847 612 2876 a
652 2835 840 2878 librariis
885 2849 1096 2891 persaepe

227 2899 558 2935 commutantur.
591 2893 783 2936 Tacitum
798 2901 980 2952 utraque
993 2908 1096 2950 par-

227 2951 362 2993 ticula
393 2964 480 2993 non
502 2954 622 2994 iuxta
636 2965 758 2995 usum
785 2967 896 3007 esse,
920 2954 997 2997 sed
1019 2967 1095 3008 pro

227 3010 475 3053 discrimine
508 3013 700 3054 notionis
719 3012 846 3055 modo
877 3013 1098 3056 declarato

227 3068 477 3112 alterutram
535 3070 726 3127 elegisse
744 3103 755 3124 ‚
809 3071 853 3114 id
902 3085 986 3129 ego
1044 3086 1098 3114 ex

228 3128 420 3185 benigno
452 3142 633 3172 numero
666 3130 862 3173 locorum
890 3130 993 3174 huic
1024 3145 1098 3173 ra-

227 3189 336 3229 tioni
395 3188 635 3231 faventium
699 3190 879 3246 colligo.
955 3190 1098 3232 Habes

230 3246 363 3300 igitur
377 3248 559 3301 proinde
590 3249 633 3289 vi
657 3248 947 3291 concludendi
968 3262 1099 3303 prae-

230 3302 364 3345 ditum
405 3303 424 3346 1
467 3307 542 3346 11:
589 3307 771 3361 proinde
811 3332 867 3340 —
908 3322 995 3348 non
1044 3308 1102 3348 ad

229 3376 360 3404 unum
381 3364 525 3404 omnia
545 3362 775 3418 deferrent.
829 3365 962 3408 1165:
991 3379 1100 3421 pro-

230 3421 330 3463 inde
361 3421 519 3463 tradito
552 3421 680 3477 Cotye
711 3425 888 3465 veniret.
952 3422 1010 3466 111
1043 3425 1099 3466 6:

227 3482 356 3538 proin
387 3488 624 3537 repeterent
654 3480 894 3525 sollemnia.
936 3481 995 3525 IV
1018 3481 1102 3524 38:

227 3539 410 3595 proinde
440 3541 598 3591 socios,
644 3541 755 3582 cives
791 3547 829 3582 et
864 3541 962 3582 deos
991 3541 1104 3597 ipsos

229 3612 400 3653 precor.
463 3598 539 3643 XII
581 3600 663 3642 22:
708 3600 838 3656 proin
873 3598 1103 3656 publicatis

237 3655 354 3702 bonis
385 3658 552 3704 cederet
569 3658 716 3703 Italia.
768 3658 847 3703 XV
864 3657 1102 3704 49:800ae

1175 2127 1274 2168 vino
1308 2126 1512 2169 dissoluta
1533 2126 1636 2169 luxu
1652 2141 1782 2182 mens,
1815 2135 1854 2170 et
1867 2129 2052 2184 proinde

1175 2187 1265 2227 vita
1318 2183 1462 2227 somno
1518 2186 1740 2243 lanqnida.
1803 2187 1902 2230 XVI
1958 2187 2015 2231 26
2040 2202 2051 2228 :

1171 2245 1356 2302 proinde
1388 2271 1445 2278 -—-
1472 2253 1636 2302 peteret
1662 2248 1804 2300 finem.
1856 2248 1907 2289 H.
1932 2248 2051 2290 121:

1172 2304 1355 2361 proinde
1387 2305 1611 2361 ayendum.
1653 2306 1737 2349 33:
1765 2306 1948 2361 proinde
1978 2307 2053 2346 in·-

1179 2371 1269 2406 tnta
1301 2377 1408 2417 quae
1445 2364 1670 2406 indecora.
1742 2364 1832 2407 56.-
1869 2365 2053 2420 proinde

1178 2430 1254 2464 aut
1285 2422 1526 2464 bellandum
1558 2430 1643 2465 cet.
1686 2423 1738 2465 Η.
1763 2423 1801 2465 II
1826 2424 1914 2466 48:
1946 2438 2053 2480 pro-

1176 2483 1276 2524 inde
1309 2489 1448 2524 erecto
1481 2485 1625 2524 animo
1645 2490 1884 2538 capesseret
1907 2485 2051 2526 vitam.

1178 2541 1245 2583 Ad
1284 2541 1398 2583 hanc
1439 2554 1634 2584 normam
1675 2543 1859 2598 proinde
1890 2544 2054 2584 rescri-

1178 2601 1382 2654 bendum,
1417 2602 1614 2656 quamvis
1636 2613 1723 2642 non
1752 2601 2055 2644 addicentibus

1180 2659 1406 2702 codicibus
1438 2660 1634 2702 melioris
1668 2666 1824 2714 notae,
1866 2673 1943 2715 pro
1972 2675 2054 2716 pe-

1178 2719 1303 2760 rinde
1334 2718 1413 2761 XV
1444 2719 1522 2762 27:
1560 2720 1744 2775 proinde
1794 2727 1833 2761 et
1877 2720 2057 2762 Tiridati

1180 2778 1419 2821 conducere
1436 2804 1492 2811 --
1510 2792 1689 2834 reynum
1705 2779 1814 2820 dono
1832 2780 2029 2834 accipere
2038 2794 2055 2831 ,-

1179 2837 1240 2878 ibi
1272 2838 1317 2878 in
1348 2838 1415 2879 Ma
1450 2838 1656 2893 perinde,
1706 2839 1751 2879 in
1793 2837 1826 2879 G
1853 2839 2052 2894 proinde.

1180 2895 1363 2938 Perinde
1422 2896 1680 2950 particulam
1740 2898 2055 2939 inservientem

1183 2956 1496 3008 comparationi
1515 2955 1644 3012 legis,
1673 2960 1716 2997 et
1738 2955 1912 3010 quidem
1939 2956 2056 2998 haud

1181 3017 1306 3071 (non)
1342 3015 1525 3071 perinde
1573 3028 1698 3070 qnam
1739 3014 1778 3056 11
1826 3016 1851 3057 5
1895 3020 1938 3056 et
1983 3016 2051 3067 19,

1180 3071 1239 3114 111
1270 3074 1343 3126 31,
1377 3073 1437 3116 IV
1468 3074 1541 3126 61,
1577 3073 1635 3115 VI
1666 3074 1725 3116 30
1758 3080 1801 3115 et
1832 3075 1887 3116 31
1922 3079 1965 3114 et
1981 3074 2054 3125 46,

1181 3131 1239 3174 XI
1275 3133 1342 3184 10,
1375 3131 1473 3173 ΧΙΙῙ
1502 3132 1588 3183 49,
1623 3132 1721 3173 XIV
1753 3131 1825 3182 48,
1860 3131 1938 3172 XV
1969 3134 2056 3182 423

1182 3191 1299 3232 haud
1323 3192 1503 3247 perinde
1539 3190 1595 3231 XI
1632 3191 1700 3240 10,
1733 3189 1809 3230 XII
1833 3191 1888 3232 12
1926 3195 1969 3229 et
1998 3190 2055 3231 41

1183 3249 1234 3290 H.
1279 3249 1296 3290 I
1335 3250 1422 3301 893
1483 3262 1570 3288 non
1605 3247 1787 3304 perinde
1839 3247 1937 3288 XIV
1983 3247 2054 3299 58,

1183 3307 1261 3348 XV
1302 3308 1383 3360 43;
1426 3306 1607 3361 perinde
1650 3331 1704 3339 --
1758 3319 1812 3346 ac
1858 3305 1933 3347 XII
1988 3308 2057 3357 12,

1183 3365 1280 3407 XIV
1299 3365 1371 3416 41,
1392 3365 1471 3406 XV
1492 3364 1572 3415 36;
1602 3364 1782 3419 perinde
1806 3377 1860 3405 ac
1875 3363 1951 3405 XII
1972 3364 2057 3417 693

1185 3437 1239 3523 2²5
1266 3421 1743 3536 §²5{”‘¹1‘3-V¹p{‡;=..{‡¹
1765 3424 1820 3465 4¹
1837 3423 2059 3525 ³253?ss

1478 3513 1489 3533 ν
1757 3506 1814 3514 '-
2044 3513 2057 3534 9

1186 3539 1286 3582 XIV
1315 3540 1400 3593 43;
1429 3539 1609 3595 perinde
1641 3553 1766 3595 quam
1795 3540 1873 3582 XV
1900 3543 1972 3592 21,
2005 3540 2057 3582 II.

1186 3598 1243 3640 111
1270 3598 1350 3652 86;
1386 3598 1567 3654 perinde
1596 3624 1652 3631 —
1684 3613 1810 3654 qnam
1839 3601 1858 3641 1
1891 3600 1961 3652 73,
2000 3598 2061 3642 vl

1186 3659 1269 3717 305
1308 3657 1492 3718 perinde
1535 3659 1657 3716 quasi
1694 3657 1790 3704 XIII
1823 3660 1913 3716 473
1950 3658 2061 3719 quod
