2280 4004
0 314 7 343 2
45 272 104 330 ᾗ
204 322 230 354 ιι
261 305 310 354 c.
349 310 417 355 19.
456 312 458 314 ’
811 271 1057 354 mann.
1120 306 1226 352 cir.
1259 307 1451 354 60-62.
1944 286 2041 349 145⁸

118 452 186 501 61
203 453 430 506 Romana
468 451 716 503 iubentur.
778 452 1010 504 Ceterum
1045 450 1377 503 Germanicus
1418 450 1531 502 aliis
1555 461 1754 515 quoque
1776 446 2034 499 miraculis

205 544 420 595 intendit
470 543 717 609 animum,
766 535 975 610 quorum
1031 543 1304 610 praecipua
1353 542 1497 594 fuere
1546 539 1828 594 Memnonis
1882 553 2037 590 saxea

208 636 438 703 effigieS,
498 635 582 686 ubi
630 633 792 685 radiis
828 633 952 685 solis
986 634 1086 684 icta
1125 637 1230 698 est,
1291 632 1523 683 vocalem
1559 645 1738 683 sonum
1777 629 2036 692 reddens3

209 725 550 791 disiectasque
582 725 714 776 inter
749 729 798 775 et
821 725 908 775 vix
936 725 1139 790 pervias
1166 739 1348 776 arenas
1372 724 1533 775 instar
1557 721 1798 774 montium
1823 720 2038 772 eductae

71 810 81 873 f
206 813 494 882 pyramides
521 812 797 864 certamine
824 797 882 864 ‘et
920 813 1097 878 opibus
1134 827 1341 879 regum3
1375 812 1618 878 lacusque
1645 811 1833 863 effossa
1865 811 2034 875 hum0,
2054 831 2077 867 5

130 888 134 890 ,
211 903 561 971 superfluentis
580 904 678 955 Nili
713 904 1067 969 receptacula3
1106 909 1255 970 atque
1281 904 1399 954 alibi
1426 905 1690 971 angustiae
1716 908 1765 955 et
1785 901 2038 969 profunda

211 994 435 1058 altitude,
473 993 622 1066 nullis
659 993 1015 1058 inquirentium
1052 994 1227 1059 spatiis
1259 994 1604 1062 penetrabilis
1666 994 1797 1046 Exin
1835 997 2040 1045 ventum

208 1060 572 1150 Elephantinen
610 1098 670 1134 ac
707 1082 923 1148 Syenen,
966 1082 1184 1134 claustra
1223 1083 1342 1145 olim
1381 1084 1595 1136 Romani
1636 1084 1864 1150 imperii,
1905 1083 2041 1149 quod

208 1189 342 1225 nunc
379 1174 584 1226 rubrum
623 1173 686 1224 ad
725 1188 866 1224 mare
899 1173 1129 1238 patescit.

124 1263 194 1310 62
326 1285 338 1290 ·
374 1263 502 1314 Dum
551 1278 612 1314 ea
655 1266 822 1313 aestas
862 1260 1164 1313 Germanico
1203 1261 1372 1327 plures
1414 1277 1509 1328 per
1540 1262 1833 1328 provincias
1868 1269 2107 1317 trans-lo

209 1355 390 1422 igitur,
440 1353 574 1405 haud
608 1352 722 1403 leve
762 1351 918 1402 decus
952 1351 1145 1402 Drusus
1189 1352 1439 1417 quaesivit
1476 1353 1711 1405 inliciens
1760 1353 2042 1408 Germanos

211 1448 275 1499 ad
313 1447 626 1510 discordiaS,
677 1449 830 1510 utque
861 1443 1024 1495 fracto
1061 1445 1160 1495 iam
1195 1444 1511 1496 Maroboduo
1547 1461 1707 1512 usque
1743 1446 1795 1495 in
1836 1446 2044 1497 exitium

212 1537 546 1588 insisteretur.
620 1535 742 1586 Erat
775 1520 921 1585 inter*
947 1533 1172 1585 Gotones
1215 1534 1400 1585 nobilis
1441 1535 1639 1586 iuvenis
1688 1537 1892 1587 nomine
1943 1538 2046 1588 Ca-

214 1627 399 1692 tualda,
441 1625 687 1694 profugus
726 1626 846 1677 olim
880 1626 932 1676 vi
952 1624 1269 1689 Marobodui,
1314 1631 1362 1676 et
1399 1630 1517 1676 tunc
1556 1627 1721 1678 dubiis
1754 1628 1905 1678 rebus
1935 1628 2044 1678 eius

213 1717 452 1767 ultionem
493 1731 662 1768 ausus.
736 1718 782 1768 Is
820 1716 989 1768 valida
1026 1731 1176 1766 manu
1213 1715 1337 1766 fines
1387 1715 1825 1768 Marcomanorum
1866 1718 2108 1784 ingre-15

217 1807 375 1873 ditur,
415 1805 764 1872 corruptisque
801 1805 1105 1871 primoribus
1143 1804 1205 1855 ad
1243 1804 1539 1856 societatem
1573 1805 1811 1872 inrumpit
1846 1806 2043 1873 regiam

326 1968 366 2011 7.
398 1967 683 2024 penetrabiles
714 1967 781 2010 M:
816 1979 927 2009 corr.
962 1966 1151 2020 Lipsius.
1218 1966 1285 2010 15.
1319 1980 1693 2009 marcomanorum
1706 1968 1761 2021 M,
1795 1980 1883 2009 non
1917 1967 2047 2011 Mar-

220 2040 538 2070 comannorum.
604 2027 673 2070 16.
706 2028 996 2069 societatatem
1028 2026 1083 2069 M.
1554 2046 1556 2050 v

222 2173 356 2215 Lond.
392 2173 503 2217 1835
538 2186 580 2228 p.
614 2174 722 2231 37),
764 2176 836 2230 qui
871 2175 1094 2217 Strabonis
1172 2172 1407 2214 Arabicum
1430 2174 1571 2215 sinum
1591 2174 1720 2215 etiam
1739 2173 1901 2215 Tiberii
1927 2175 2050 2229 prin-

223 2233 518 2287 suspicionem
567 2245 715 2274 veram
762 2247 859 2275 esse
892 2234 1091 2277 firmavit.
1176 2235 1321 2286 cipatu
1340 2233 1617 2287 Augustique
1638 2233 1930 2275 Romanorum
1964 2235 2048 2275 im-

311 2291 509 2346 lacusque
552 2294 705 2348 effossa
743 2293 866 2334 Icumo
885 2307 899 2334 .·
950 2292 1093 2335 lacum
1174 2293 1343 2346 perium
1376 2293 1529 2346 patuit,
1556 2292 1608 2333 ad
1631 2293 1851 2334 Persicum
1878 2293 2050 2334 demum

222 2350 428 2392 Moeridis
462 2357 504 2392 et
537 2351 702 2393 similes
731 2353 965 2408 intelligit:
1001 2353 1093 2394 He-
1174 2351 1354 2392 Traiano
1398 2352 1640 2404 imperante
1676 2354 1738 2407 (a.
1791 2353 1895 2410 115)
1946 2365 2051 2407 pro-

222 2409 400 2451 rodotus
433 2409 470 2451 11
507 2410 591 2452 148
622 2424 715 2466 sqq.
778 2411 943 2454 Plinius
980 2412 1016 2453 V
1049 2413 1090 2456 9.
1174 2417 1337 2451 motum
1400 2417 1492 2463 est,
1557 2412 1682 2466 isque
1746 2411 1930 2453 classem
1990 2412 2053 2453 ibi

227 2469 367 2511 Lacus
396 2481 576 2511 numero
609 2470 900 2512 multitudinis
933 2471 1094 2512 dictum
1176 2470 1403 2511 constituit
1451 2483 1563 2524 quae
1609 2469 1812 2511 Arabiam
1855 2472 1899 2511 in
1946 2483 2053 2524 pro-

226 2541 322 2571 esse
373 2542 561 2584 sequens
610 2542 768 2572 nomen
820 2530 1095 2587 receptacula
1174 2531 1348 2571 vinciae
1386 2529 1566 2570 formam
1589 2530 1807 2570 redactam
1840 2535 2052 2572 tueretur.

227 2587 431 2630 ostendit.
1177 2586 1302 2630 Conf.
1343 2587 1617 2630 Prooemium
1650 2601 1794 2629 meum
1828 2602 1866 2630 c.
1904 2589 1973 2631 15.

316 2648 539 2702 anqustiae
571 2655 608 2689 et
635 2648 856 2704 profunda
890 2648 1093 2690 altitudo.-
1268 2648 1372 2701 Cap.
1390 2647 1462 2690 62.
1495 2650 1636 2702 fracto
1657 2650 1744 2689 iam
1758 2647 2054 2689 Maroboduo.-

227 2705 431 2761 intellige
462 2709 686 2763 angustias
711 2707 798 2749 Nili
832 2707 1021 2749 fluminis
1055 2714 1097 2749 et
1176 2709 1338 2750 fractus
1361 2713 1426 2748 est
1449 2707 1632 2748 Arminii
1654 2708 1699 2748 vi
1733 2713 1776 2748 et
1802 2704 2067 2749 Cherusco-·

230 2764 484 2819 profundam
516 2766 813 2808 altitudinem:
858 2780 954 2808 nam
987 2767 1097 2809 Ger-
1176 2781 1292 2809 rum:
1325 2766 1427 2807 vide
1464 2779 1500 2809 c,
1521 2766 1712 2809 44—46.

231 2824 423 2864 manicus
454 2823 553 2865 Nilo
597 2825 868 2868 subvehitur.
932 2826 1098 2868 Plinius
1274 2827 1380 2879 fines
1425 2825 1836 2866 Marcomanorum:
1881 2826 2053 2867 Marco-

235 2882 271 2923 V
305 2883 381 2925 10:
423 2889 632 2936 postremo
675 2884 863 2925 inclusus
893 2886 1100 2926 montibus
1178 2886 1292 2926 mani
1344 2884 1454 2925 duce
1505 2884 1765 2926 Maroboduo
1815 2883 2055 2926 Bohemiae

231 2955 312 2982 nec
340 2940 513 2982 aliunde
547 2943 780 2983 torrentior
808 2949 949 2984 vectus
980 2945 1101 2998 aquis
1178 2951 1314 2985 terras
1357 2943 1460 2984 olim
1510 2950 1866 2998 occupaverant.
1855 2958 1865 2968 ·
1915 2943 1971 2986 cf.
2006 2943 2054 2985 G.

228 3000 557 3056 properantibus
589 3001 646 3042 ad
678 3001 814 3042 locum
835 3001 1100 3058 Aethiopum,
1178 3005 1251 3046 42.
1317 3002 1479 3043 Strabo
1523 3003 1598 3045 Vll
1655 3005 1675 3044 1
1724 3005 1786 3046 3:
1851 3004 2056 3048 ἐνταῦθα

234 3060 304 3114 qui
343 3058 556 3115 Catadupi
596 3068 829 3112 vocantur,
877 3062 1102 3103 novissimo
1182 3062 1322 3106 (Ῡέστὶ
1353 3066 1429 3105 καὶ
1463 3061 1736 3120 ὁΕρκύιιος
1768 3057 1949 3122 δρυιιός
1979 3067 2059 3106 καὶ

235 3125 454 3160 cataracte
486 3119 600 3160 inter
620 3126 893 3161 occursantes
911 3120 1104 3177 scopulos
1181 3114 1234 3164 τὰ
1277 3122 1370 3164 τῶν
1417 3121 1612 3188 Σοήβων
1673 3123 1816 3173 ἔθνη,
1871 3121 1928 3163 τὰ
1967 3122 2059 3178 ιιὲν

233 3178 460 3231 nonlluere
481 3178 680 3219 immenso
702 3181 881 3235 sraqore
899 3181 1101 3233 creditur,
1183 3182 1403 3224 οἰκοῦντα
1440 3175 1568 3228 ἐντὸς
1601 3180 1680 3221 τοῦ
1719 3180 1925 3237 δουιιοῦ,
1972 3194 2058 3221 κα-

241 3235 314 3276 sed
344 3248 484 3277 ruere.
1183 3239 1342 3281 θάπου
1371 3235 1427 3280 τὰ
1466 3241 1559 3281 τῶν
1585 3219 1869 3280 Κολδούων·
1907 3240 1957 3279 ἐν
1987 3231 2059 3284 οἷς

327 3293 436 3347 quod
481 3307 596 3335 nunc
647 3296 821 3337 rubrum
871 3296 928 3337 ad
986 3310 1105 3338 mare
1185 3301 1283 3340 ἐστι
1330 3301 1404 3338 καὶ
1449 3289 1499 3337 τὸ
1541 3294 1830 3353 Boe-tamor,
1883 3291 1930 3338 τὸ
1978 3310 2057 3338 που

232 3352 445 3408 patescit:
488 3352 603 3392 rubri
635 3356 763 3395 maris
802 3356 976 3395 nomine
1010 3368 1105 3395 cum
1188 3354 1506 3425 Μαροβούδου
1566 3357 1830 3410 βασίλειον,
1889 3356 1958 3401 εἰς
2008 3352 2062 3398 ὃν

239 3410 324 3451 duo
357 3411 491 3462 sinus,
531 3417 573 3451 et
607 3412 643 3451 is
681 3413 751 3466 qui
791 3412 988 3454 Persicus
1027 3426 1108 3466 ap-
1186 3415 1362 3461 ἐκεῖνος
1393 3411 1538 3455 τόπον
1582 3413 1742 3459 ἄλλους
1774 3426 1821 3456 τε
1859 3417 2061 3485 ‘cc-Stant&-

239 3469 452 3524 pellatur‚
495 3475 538 3510 et
568 3471 640 3525 qui
674 3470 726 3511 ab
758 3470 918 3512 Arabia
950 3483 1108 3512 nomen
1189 3483 1326 3524 στησε
1357 3473 1565 3523 πλείους,
1613 3475 1690 3514 καὶ
1723 3464 1776 3523 δὴ
1807 3467 1916 3520 τοὺς
1946 3471 2062 3531 ὁιιο-

242 3527 395 3580 habet,
440 3526 574 3570 Taciti
608 3530 874 3583 temporibus
908 3541 1109 3583 compre·
1188 3535 1340 3575 εθνεῖς
1373 3529 1524 3588 ἑαυτῷ
1556 3530 1925 3598 Μαρκομάνους

245 3585 539 3629 henderentur
572 3587 762 3642 (Plinius
793 3587 849 3629 VI
880 3587 937 3630 28
963 3594 1006 3629 et
1037 3587 1107 3631 29.
1276 3589 1480 3656 inrumpit
1539 3589 1704 3644 reqiam
1763 3589 2063 3644 castellumque

244 3643 356 3689 Mela
386 3645 446 3688 111
480 3646 542 3705 8,
576 3646 653 3690 ille
683 3645 768 3689 hoc
805 3647 903 3689 loco
935 3646 1109 3689 nonnisi
1192 3648 1315 3690 iuxta
1354 3648 1504 3690 situm:
1551 3647 1703 3691 Strabo
1743 3648 1786 3690 id
1836 3647 2065 3691 castellum

245 3700 464 3748 Persicum
504 3711 650 3762 potest
687 3705 878 3752 dixisse·
922 3719 1022 3751 nam
1056 3704 1111 3752 ad
1194 3705 1458 3771 Βουῖᾱιμογ
1486 3707 1694 3766 appellat,
1727 3707 2004 3753 Ptolemaeus
2026 3706 2066 3752 11

329 3794 480 3837 Tacitus
503 3789 1732 3845 1.10
