2222 4022
169 896 205 944 8

172 1966 174 1968 ,
218 1945 241 1974 e
275 1946 386 1975 corr.
413 1934 468 1975 M.

223 290 251 332 a
281 288 330 332 C.
368 290 436 332 1¹4.

220 438 491 500 expectare
543 432 726 485 mallet.

846 285 1010 332 LIBER
1039 285 1072 330 l.
1137 285 1242 331 CAP.
1279 287 1394 330 7-8

1980 273 2041 330 '1⁴3

815 433 979 486 Dabat
1032 437 1082 485 et
1134 433 1328 499 famae,
1386 436 1440 484 ut
1486 435 1697 483 vocatus
1750 430 2040 496 electusque

222 526 389 592 potius
426 541 454 576 a
490 541 548 576 re
582 525 781 591 publica
818 525 1078 578 videretur
1115 540 1262 591 quam
1300 540 1394 591 per
1438 524 1672 576 uxorium
1716 522 1951 575 ambitum
1993 525 2043 573 et

221 617 370 669 senili
409 618 681 683 adoptione
706 617 1000 682 inrepsisse.

1073 617 1253 668 Postea
1291 617 1548 684 cognitum
1584 619 1662 668 est
1697 615 1761 667 ad
1798 613 2044 680 introspi-

223 707 431 759 ciendas
485 707 634 758 etiam
689 721 959 773 procerum
1010 706 1296 758 voluntates
1346 707 1602 758 inductam
1653 706 2042 758 dubitationem:

223 811 339 850 nam
373 798 546 863 verba,
590 798 755 850 vultus
795 798 847 848 in
887 798 1078 850 crimen
1118 798 1426 865 detorquens
1463 798 1793 851 recondebat.

357 889 492 941 Nihil
542 890 704 955 primo
763 895 969 943 senatus
1027 889 1109 942 die
1166 890 1249 958 agi
1294 905 1474 956 passus
1527 890 1626 942 nisi
1684 890 1748 941 de
1798 887 2044 955 supremis

222 980 440 1048 Augusti
454 998 468 1044 3
527 981 668 1032 cuius
715 986 1100 1047 testamentum,
1163 981 1370 1032 inlatum
1414 997 1506 1048 per
1561 981 1790 1049 virgines
1842 981 2044 1044 Vestae,

218 1072 471 1124 Tiberium
508 1076 557 1124 et
585 1072 777 1124 Liviam
814 1073 1032 1125 heredes
1070 1072 1258 1123 habuit.

1332 1073 1473 1123 Livia
1508 1073 1561 1122 in
1596 1072 1833 1123 familiam
1871 1070 2044 1122 Iuliam

217 1177 502 1230 nomenque
539 1153 802 1231 Augustae
845 1163 1230 1227 adsumebatur3
1267 1163 1320 1213 in
1355 1177 1493 1229 spem
1522 1162 1799 1215 secundam
1833 1166 2044 1227 nepotes

216 1262 625 1324 pronepotesque
639 1275 653 1321 3

215 1347 488 1414 plerosque
526 1347 722 1398 invisos
759 1347 883 1411 sibi,
948 1347 1041 1398 sed
1087 1347 1328 1398 iactantia
1368 1346 1634 1413 gloriaque
1674 1345 1737 1397 ad
1790 1349 2042 1411 posteros,

215 1437 403 1506 Legata
438 1453 542 1490 non
577 1434 709 1489 ultra
746 1438 948 1489 civilem
985 1438 1219 1504 modum,
1285 1437 1384 1489 nisi
1422 1436 1557 1503 quod
1593 1436 1779 1503 populo
1825 1439 1881 1488 et'
1911 1435 2046 1502 plebi

217 1529 631 1597 quadringenties
661 1529 835 1581 tricies
869 1530 1154 1596 quinquieS,
1194 1528 1564 1595 praetoriarum
1593 1528 1876 1579 cohortium
1911 1527 2047 1578 mili-

216 1621 349 1673 tibus
388 1622 589 1689 singula
628 1637 882 1672 nummum
929 1621 1093 1686 milia,
1155 1620 1456 1688 legionariis
1508 1619 1803 1688 cohortibus
1861 1620 2045 1670 civium

215 1712 558 1764 Romanorum
585 1717 826 1765 trecenos
856 1726 1086 1765 nummos
1115 1711 1302 1762 viritim
1332 1711 1486 1762 dedit.

332 1871 374 1916 6.
408 1874 646 1930 supraemis
675 1872 820 1916 media
852 1873 952 1928 syll.
987 1886 1065 1928 per
1098 1871 1324 1928 compend.
1358 1871 1412 1913 M.

584 1934 652 1976 13.
690 1933 1018 1983 CCCCXXXV.
1053 1933 1108 1975 M.

216 1992 257 2034 Μ
281 1993 586 2047 interpositum
618 1992 751 2034 habet
782 2000 871 2034 aut.

216 2118 311 2161 LVI
342 2121 401 2164 32
432 2120 564 2161 tribus
595 2122 742 2162 omisit
771 2133 1013 2163 memorare
1048 2126 1092 2162 et

219 2178 409 2234 legatam
443 2181 507 2221 eis
539 2182 786 2233 pecuniam.
856 2179 1087 2235 Copiosius

220 2237 274 2279 de
306 2238 390 2279 hac
421 2250 469 2280 re
501 2237 722 2294 disputavi
756 2239 810 2280 ad
841 2239 893 2281 H.
933 2239 989 2281 111
1018 2239 1089 2281 58.

298 2295 551 2352 leqionariis
569 2299 810 2340 cohortibus
832 2300 985 2340 civium
997 2300 1091 2340 Ro-

218 2369 443 2397 manorum
488 2364 681 2399 trecenos
727 2372 943 2399 nummos.-
1005 2359 1090 2399 iam

218 2416 395 2457 minima
424 2419 666 2458 mutatione
711 2420 955 2472 (expuncta
986 2430 1090 2471 par-

217 2474 355 2516 ticula
387 2482 462 2516 aut
484 2483 586 2518 ante
618 2490 660 2518 v.
686 2477 950 2534 cohortibus]
984 2490 1090 2531 per-

216 2539 368 2575 sanata
401 2542 501 2575 sunt
533 2536 668 2578 verba
700 2535 805 2577 olim
838 2536 1087 2590 desperata,

219 2605 244 2634 a
261 2592 480 2635 Gronovio
500 2596 776 2652 ingeniosius
800 2608 927 2650 quam
941 2597 1090 2637 verius

218 2653 263 2693 in
288 2651 403 2694 hunc
419 2654 592 2695 modum
610 2655 929 2708 transformata,
950 2654 1087 2710 leyio-

217 2712 357 2754 uariis
397 2719 616 2767 trecenos,
664 2714 906 2756 cohortibus
938 2716 1091 2756 civium

218 2771 510 2814 Romanorum
530 2775 761 2829 quinqenos
780 2788 984 2827 nummos,
1000 2775 1091 2815 sci-

219 2829 327 2871 licet
357 2836 404 2871 ut
435 2830 606 2874 Tacitus
639 2833 774 2875 verbo
820 2838 946 2874 tenus
981 2845 1090 2875 con-

219 2891 410 2931 sentiret>
450 2904 547 2932 cum
588 2893 798 2934 Suetonio
853 2898 896 2932 et
938 2891 1090 2933 Cassio

219 2946 378 2989 Dione.
431 2949 512 2990 Ille
535 2953 649 2992 enim
669 2950 783 3006 Aug.
816 2950 926 2992 101:
954 2965 1091 3006 prae-

222 3007 404 3048 torianis
418 3008 618 3051 militibus
633 3010 803 3065 sinyula
820 3010 941 3051 milia
964 3024 1091 3051 num-

218 3078 395 3119 morum,
430 3067 670 3110 cohortibus
702 3069 881 3111 urbanis
909 3070 1091 3124 quinge-

219 3137 322 3177 nos,
368 3125 620 3181 leyionariis
665 3135 858 3170 trecenos
902 3142 1091 3168 nummos

227 3183 462 3241 (legavit).
525 3187 608 3228 Dio
642 3186 736 3228 LVI
766 3189 849 3230 32:
882 3191 962 3230 καὶ
994 3196 1092 3236 τοῖς

222 3245 547 3298 στρατιώταις,
566 3253 665 3294 τοῖς
684 3248 774 3304 μὲν
797 3246 1092 3305 δορυφόροις

227 3302 561 3358 (praetorianis)
628 3300 746 3347 κατὰ
807 3306 1090 3358 πεντήκοντα

221 3364 299 3402 καὶ
324 3360 568 3409 διακοσίας
594 3362 810 3422 δραχμάς
831 3363 898 3417 (h.
924 3377 962 3405 e.
987 3364 1090 3404 mil-

221 3417 347 3460 lenos
390 3425 638 3477 nummos),
687 3430 782 3470 τοῖς
828 3421 1091 3470 δίἕστυκοῖς

222 3473 304 3531 τὴν
343 3478 562 3536 ἡμίσειαν
594 3481 915 3535 (quingenos),
950 3481 1014 3536 τῷ
1045 3493 1088 3522 τε

221 3537 370 3595 λοιπῷ
393 3544 459 3596 τῷ
478 3540 699 3594 πολιτικῷ
720 3536 885 3592 πλήθει
917 3539 1090 3594 [legio-

222 3597 377 3654 nai-iis)
442 3601 578 3642 πέντε
634 3602 712 3642 καὶ
778 3597 1091 3656 ἑβδομήκοντα

225 3655 474 3719 (trecenos)
490 3657 693 3712 δοθῆναι
717 3659 938 3706 ἐκέλευσε.
972 3656 1090 3702 Haec

1560 1710 1679 1762 'l'um
1714 1710 2045 1762 consultatum

1518 1871 1559 1915 9.
1592 1862 1645 1913 ue
1678 1871 1722 1912 in
1755 1884 1796 1914 v.
1830 1871 2047 1928 Auyustae

1204 1933 1272 1975 14.
1306 1932 1557 1988 leyionariis
1600 1931 1841 1974 cohortibus
1885 1932 2047 1974 editor:

1177 2118 1422 2162 Gronovius
1472 2126 1599 2162 acute
1658 2125 1701 2162 et
1757 2119 1912 2162 docte:
1971 2119 2048 2163 sed

1176 2181 1422 2222 accuratius
1455 2179 1787 2222 aestimantibus
1820 2182 1883 2221 sic
1916 2180 2045 2221 vide-

1175 2240 1312 2292 bitur,
1373 2238 1565 2281 Tacitum
1624 2241 1669 2280 in
1724 2252 1772 2280 re
1818 2240 2046 2281 notissima

1176 2299 1390 2341 Suetonio
1425 2312 1477 2340 ac
1498 2298 1629 2340 Dioni
1653 2310 1740 2339 non
1765 2299 1940 2352 quidem
1972 2312 2047 2340 re-

1174 2371 1371 2414 pugnare
1404 2358 1591 2411 debere,
1635 2357 1713 2400 sed
1746 2357 1931 2399 eundem
1964 2371 2043 2399 suo

1174 2418 1403 2459 brevitatis
1443 2418 1585 2459 studio
1628 2418 1801 2458 ductum
1844 2418 2046 2459 omittere

1174 2489 1307 2530 posse
1328 2476 1509 2530 aliquid,
1531 2476 1647 2531 quod
1666 2477 1760 2518 sinc
1785 2476 2045 2519 detrimento

1176 2549 1201 2577 a
1240 2535 1494 2592 legentibus
1545 2538 1788 2592 ignoretur.
1881 2535 2046 2578 Huius-

1173 2595 1290 2636 modi
1324 2601 1416 2636 erat
1447 2595 1641 2651 legatum
1674 2595 1805 2637 tribus
1841 2597 1932 2637 istis
1970 2610 2046 2636 co..

1174 2655 1363 2696 hortibus
1378 2655 1558 2696 urbanis
1583 2654 1910 2696 numerandum.
1965 2655 2045 2697 Ni-

1173 2716 1328 2755 mirum
1347 2713 1536 2767 pecunia
1553 2714 1629 2756 illa
1657 2715 1808 2768 paucis
1832 2714 2044 2755 militibus

1174 2773 1351 2814 urbanis
1383 2773 1532 2829 legata
1564 2773 1728 2815 civile-m
1758 2775 1925 2815 modum
1958 2786 2044 2814 non

1176 2833 1379 2884 excessit,
1413 2833 1585 2874 Tacitus
1609 2839 1752 2874 autem
1771 2833 1938 2875 referre
1958 2845 2043 2875 vo-

1174 2891 1257 2932 luit
1290 2891 1406 2946 quod
1437 2891 1551 2932 ultra
1584 2898 1715 2934 esset.
1780 2891 1891 2934 Illud
1909 2894 2044 2947 igitur

1174 2950 1354 2992 silentio
1387 2953 1682 3005 praetermisit
1708 2950 1964 2993 Cornelius:
1999 2953 2043 2992 in

1176 3012 1334 3051 ceteris
1368 3010 1569 3051 omnibus
1594 3010 1723 3064 plena
1757 3012 1885 3051 trium
1918 3013 2042 3052 viro-

1173 3082 1267 3109 rum
1300 3071 1532 3111 consensio
1566 3072 1650 3111 iam
1682 3070 1818 3111 adest.
1883 3071 2042 3124 Leyio-

1174 3129 1327 3169 uarias
1349 3129 1542 3170 cohortes
1565 3130 1718 3169 civium
1735 3130 2041 3180 Romanorum,

1176 3199 1282 3241 quas
1300 3187 1384 3228 Dio
1417 3182 1465 3230 τὸ
1487 3182 1729 3231 πολιτικὸν
1750 3189 1928 3240 πλῆθος
1957 3200 2041 3227 ηο-

1174 3247 1370 3298 minavit,
1395 3246 1568 3288 Tacitus
1592 3259 1722 3298 nunc,
1747 3259 1843 3286 cum
1876 3247 1920 3285 in
1945 3245 2041 3286 An..

1175 3304 1338 3345 nalium
1352 3317 1486 3358 opere
1509 3306 1691 3359 primum
1716 3306 1759 3344 in
1774 3306 2040 3346 mentionem

1176 3376 1322 3404 earum
1356 3364 1533 3415 incidit,
1568 3363 1806 3419 diligenter
1837 3369 1880 3405 et
1912 3363 2041 3405 lucu-

1177 3421 1295 3462 lente
1316 3421 1516 3462 distinxit
1535 3435 1558 3462 a
1581 3422 1751 3464 levibus
1783 3423 1878 3464 sive
1911 3424 2040 3464 auxi-

1178 3479 1356 3520 liaribus
1390 3480 1641 3521 cohortibus
1666 3483 1908 3522 sociorum:
1941 3496 2039 3524 nam

1178 3538 1447 3593 legionariae
1488 3540 1540 3581 ab
1573 3540 1661 3582 illis
1702 3541 1868 3582 duabus
1909 3541 2039 3582 rebus

1178 3597 1394 3640 discretae
1418 3599 1608 3651 fuerunt,
1643 3601 1824 3654 primum
1846 3600 1960 3656 quod
1994 3602 2038 3642 in

1177 3655 1400 3718 legionem
1443 3660 1714 3718 compositae
1758 3665 1903 3715 erant,
1947 3665 2038 3709 tum

2062 816 2084 853 5

730 1257 882 1308 tertio
942 1256 1106 1323 gradu
1152 1255 1403 1322 primores
1466 1255 1684 1306 civitatis
1749 1253 2042 1319 scripserat,
2063 1276 2109 1312 ι.)

2064 1731 2111 1769 15
