2280 4004
271 268 361 332 146
816 275 858 279 ”
939 276 943 277 ’
1023 273 1344 328 :mmm
1769 281 2098 335 daeuzsm

272 428 452 501 ctaque
492 419 862 485 ex‘Germania
913 416 1053 497 legio
1109 436 1220 481 cuin
1270 428 1520 496 equitibus
1562 420 1737 483 alal-itis
1787 421 1839 482 et
1873 424 2100 498 pedlffl

270 525 569 578 cohortium.
643 524 986 588 Retentusque
1025 522 1190 573 omnis
1225 522 1480 575 exercitus
1513 522 1609 575 sub
1646 512 1878 590 pellibus5
1918 530 2100 591 quami*

267 617 347 668 vis
385 615 552 667 hieme
593 628 748 666 saeva
794 613 923 665 adeo
959 618 1014 664 ut
1051 611 1269 665 obducta
1320 613 1489 681 glacie
1539 615 1638 666 nisi
1685 614 1875 668 effossa
1913 615 2092 668 humus

268 699 502 758 tentoriis
547 704 715 756 locum
753 719 855 756 non
900 705 1184 774 praeberet.
1257 705 1490 758 Ambusti
1540 698 1808 759 multorum
1860 710 1999 760 artus
2042 696 2096 760 vi

227 796 508 864 sfrigoriS‚
566 801 615 849 et
650 797 852 869 quidam
902 797 1035 849 inter
1071 796 1313 850 excubias
1354 799 1623 850 exanimati
1659 801 1789 851 sunt:
1861 799 2098 853 Adusta-

263 893 447 956 tusque
482 889 654 955 miles,
705 890 792 956 qui·
830 890 1021 942 fascem
1059 889 1313 958 lignorum
1345 890 1607 958 gestabat.
1644 891 1712 943 ita
1748 881 2096 960 praeriguisse

262 994 441 1032 manus
477 984 532 1031 ut
568 979 713 1032 oneri
752 979 1088 1032 adhaerentes
1125 981 1319 1033 truncis
1353 981 1577 1034 brachiis
1603 981 1916 1038 deciderent.
1980 983 2096 1050 Ipse

265 1071 400 1125 cultu
435 1071 566 1137 levi,
624 1072 786 1138 capite
837 1073 1057 1139 intecto,
1112 1073 1165 1123 in
1202 1073 1405 1141 agmine
1454 1073 1515 1124 in*
1551 1073 1814 1126 laboribus
1853 1074 2094 1142 frequens

262 1163 448 1216 adesse
462 1181 476 1228 3
514 1162 714 1215 laudem
753 1164 992 1229 strenuiS‚
1030 1163 1266 1216 solatium
1304 1159 1562 1230 invalidis,
1604 1165 1885 1232 exemplum
1926 1165 2096 1217 omni-³

198 1254 356 1309 10hus
393 1254 681 1308 ostendere.
754 1255 950 1307 Dehinc
988 1256 1104 1322 quia
1154 1255 1387 1307 duritiam
1437 1255 1566 1308 caeli
1611 1256 1920 1324 militiaeque
1951 1248 2094 1309 multi

265 1345 555 1398 abnuebant
590 1346 1015 1414 deserebantque,
1048 1347 1329 1399 remedium
1366 1348 1640 1400 severitate
1677 1348 1957 1415 quaesitum
1997 1352 2090 1400 est.

264 1438 372 1490 Nec
404 1438 554 1503 enim,
592 1442 647 1488 ut
680 1439 733 1488 in
765 1438 878 1490 aliis
915 1436 1241 1504 exercitibUS,
1276 1439 1490 1505 primum
1516 1438 1829 1506 alterumque
1854 1429 2109 1491 delictum.

263 1530 414 1582 venia
445 1529 876 1601 prosequebatur,
919 1529 1009 1582 sed
1050 1530 1134 1596 qui
1175 1530 1322 1598 signa
1359 1529 1660 1597 reliquerat,
1719 1530 1887 1583 statim
1925 1529 2091 1597 capite

258 1635 452 1687 poenas
506 1619 692 1672 luebat.
785 1620 942 1687 quue
989 1636 1085 1672 usu
1131 1621 1334 1673 salubre
1388 1626 1438 1673 et
1495 1622 1849 1675 misericordia
1912 1613 2095 1676 melius

199 1706 246 1763 15
263 1712 518 1779 apparuit:
576 1712 757 1779 quippe
792 1712 1062 1778 pauciores
1103 1711 1188 1764 illa
1232 1717 1398 1764 castra
1440 1713 1718 1766 deseruere
1755 1720 1902 1781 quam
1938 1722 2000 1767 'ea
2039 1711 2094 1766 iil

261 1804 441 1870 quibus
479 1804 861 1871 ignoscebatur.
935 1803 1139 1855 Interim
1173 1803 1394 1856 Corbulo
1434 1804 1724 1872 legionibus
1761 1806 1892 1858 intra
1921 1799 2180 1864 castra&

258 1894 463 1961 habitis,
496 1895 662 1947 donec
688 1910 782 1947 ver
808 1893 1147 1961 adolesceret,
1177 1896 1539 1963 dispositisque
1570 1912 1662 1964 per
1697 1897 1916 1950 idoneos
1942 1888 2090 1952 loces

262 1988 558 2040 cohortibus
598 1987 905 2053 auxiliariis,
966 2003 1032 2040 ne
1066 2003 1291 2057 pugnam
1331 1990 1532 2056 priores
1579 1990 1781 2042 adirent
1823 1985 2089 2058 praedici&

261 2079 447 2133 Curam
482 2079 857 2147 praesidiorum
894 2079 1077 2131 Paccio
1115 2079 1272 2133 Orfito
1313 2071 1550 2148 primipili
1589 2081 1789 2134 honore
1822 2083 2091 2150 perfflllc'w

196 2171 481 2224 nomandat.
556 2172 603 2223 Is
642 2186 941 2238 quamquam
989 2171 1221 2224 incautos
1274 2172 1524 2226 barbaros
1563 2179 1612 2226 et
1658 2174 1790 2227 bene
1829 2163 2092 2244 gerendae

378 2308 421 2348 4.
451 2305 711 2361 praeberent
744 2307 900 2361 (super
929 2306 1014 2349 litt.
1043 2321 1073 2348 n
1105 2307 1248 2361 posito
1288 2311 1325 2364 t)
1359 2306 1440 2350 Ma.
1532 2308 1575 2351 6.
1607 2310 1728 2364 fasce
1758 2307 1838 2352 Ma.
1932 2310 1974 2353 7.
2006 2309 2091 2352 ad.

260 2364 353 2408 her.
387 2362 468 2408 Ma.
561 2365 603 2409 8.
642 2366 711 2407 eui
742 2364 821 2418 Ma,
855 2365 942 2408 leui
961 2364 1008 2408 G.
1101 2366 1143 2409 9.
1175 2365 1383 2408 solacium
1413 2365 1494 2409 Ma.
1591 2369 1658 2412 10.
1694 2368 1856 2411 duritia
1884 2368 1968 2412 celi
1995 2368 2089 2412 Ma:

260 2424 435 2466 duricie
473 2424 587 2467 caeli
617 2425 666 2467 G.
769 2424 949 2467 militiae
982 2436 1059 2479 que
1091 2424 1171 2479 Ma,
1206 2427 1336 2468 etiam
1377 2426 1410 2469 G
1442 2427 1515 2482 qui
1547 2428 1611 2469 ita
1640 2427 1769 2470 solet.
1877 2429 1946 2473 14.
1977 2438 2090 2485 pac:-

259 2497 342 2526 nas
370 2482 451 2526 Ma.
607 2484 675 2527 18.
709 2485 912 2526 audirent
941 2484 1030 2526 Ma:
1077 2485 1352 2527 emendatum
1400 2487 1444 2527 in
1476 2485 1589 2528 ABG
1622 2493 1665 2529 et
1696 2487 1813 2531 Harl.
1843 2486 1970 2531 Bodl.
2002 2488 2087 2533 les.

260 2544 470 2585 auderent
502 2543 638 2597 Lipsii
675 2544 929 2585 Vaticanus.
1068 2545 1135 2587 19.
1170 2545 1325 2587 Paccio
1362 2545 1414 2588 15
1451 2546 1503 2587 12
1539 2546 1625 2597 Ma,
1669 2553 1717 2587 ut
1758 2547 2011 2590 constanter
2041 2548 2087 2590 in

259 2603 646 2657 inscriptionibus:
691 2600 758 2643 Ma
789 2616 904 2644 nunc
937 2603 1110 2656 Paetio,
1144 2609 1192 2643 ut
1224 2604 1272 2646 G.
1401 2605 1532 2658 Orfito
1564 2605 1631 2647 Mu
1665 2611 1708 2648 et
1739 2607 1804 2648 sic
1834 2606 1985 2662 tituli,
2008 2620 2087 2649 or-

253 2662 374 2718 phito
408 2661 455 2703 G.
550 2663 622 2706 20.
655 2675 811 2716 qucmq.
844 2660 925 2703 Ma.
1016 2663 1202 2717 yeremle
1235 2662 1313 2704 Ma.

347 2796 442 2825 eum
463 2782 667 2837 equitibus
693 2782 848 2824 alariis
870 2789 909 2825 et
934 2784 1129 2839 peditatu
1312 2783 1415 2839 Cap.
1449 2783 1521 2828 36.
1576 2787 1848 2841 praefectust·
1878 2785 2083 2846 intellige

258 2842 521 2885 cohortium:
603 2848 834 2898 utrumque
907 2844 1126 2897 copiarum
1213 2843 1346 2886 duces
1378 2843 1564 2886 militiae
1594 2845 1771 2887 socialis
1791 2858 1870 2901 per
1897 2845 2082 2890 idoneos

257 2915 397 2959 genus
430 2900 595 2943 auxilia
620 2907 742 2943 erant
773 2905 1005 2945 sociorum.
1212 2903 1335 2945 locos
1367 2903 1620 2946 moderante
1642 2904 1799 2947 Paccio
1825 2905 2080 2961 dispositae.

346 2960 528 3002 ambusti
562 2961 788 3003 multorum
821 2970 968 3005 artus.-
1011 2963 1127 3018 quod
1212 2959 1406 3004 Fuerunt
1440 2969 1527 3006 tres
1561 2964 1806 3006 cohortium
1848 2965 2080 3021 praefecti5

255 3021 434 3074 proprie
483 3019 537 3062 de
583 3021 699 3075 ignis
753 3022 900 3063 calore
952 3021 1125 3075 dicitur-3
1210 3021 1295 3063 duo
1344 3022 1535 3076 alarum,
1581 3030 1628 3064 ut
1679 3024 1810 3065 tradit
1846 3024 2081 3070 Frontinus

256 3078 373 3120 idem
405 3078 459 3121 ad
488 3081 575 3121 vim
599 3079 777 3135 frigoris
802 3080 1125 3135 exprimendam
1211 3081 1357 3124 verbis
1390 3083 1534 3123 statim
1567 3082 1816 3126 afferendis.
1907 3084 2081 3128 tendere

254 3137 300 3178 in
334 3138 551 3181 diversam
591 3138 740 3180 sedem
773 3141 993 3197 migravit.
1058 3140 1124 3182 Cf.
1212 3148 1336 3182 eoetra
1387 3142 1548 3183 vallum
1599 3143 1748 3184 iussit:
1793 3153 1882 3184 non
1937 3142 2079 3187 solnm

254 3195 547 3240 Forcellinius
589 3210 624 3240 S.
657 3211 702 3240 v.
741 3212 850 3252 uro,
897 3200 1124 3253 ambustus,
1210 3199 1550 3255 ignominiosum
1601 3201 1686 3243 hoc
1728 3212 1900 3256 poenae
1938 3213 2079 3260 genus

255 3256 409 3300 aduro.
457 3257 536 3298 Cui
566 3256 796 3301 ideausae
820 3258 993 3301 videtur
1017 3259 1125 3301 sub-
1210 3265 1316 3311 erat,
1337 3260 1414 3301 sed
1448 3260 1693 3315 puniendos
1725 3261 1856 3312 etiam
1888 3261 2085 3307 hostium.

255 3327 378 3368 esse,
425 3316 541 3371 quod
572 3317 764 3373 ingentis
800 3318 977 3374 frigoris
1009 3318 1123 3361 idem
1209 3318 1310 3360 telis
1343 3321 1562 3374 exposuit.
1626 3318 1693 3362 Cf.
1727 3320 1921 3363 Frontin.
1954 3322 2077 3365 Stru-

247 3377 301 3416 'et
333 3375 516 3418 effectus
549 3381 591 3418 et
634 3389 787 3419 sensus
821 3383 888 3420 est
929 3379 1002 3434 qui
1046 3392 1123 3420 ca-
1208 3383 1298 3435 teg.
1343 3378 1402 3421 1v
1448 3381 1468 3421 1
1502 3380 1584 3423 20:
1634 3380 1846 3423 Domitius
1891 3379 2074 3423 Gortuae

256 3432 378 3477 loris.
1206 3437 1254 3478 in
1289 3437 1499 3480 Armenia
1529 3439 1636 3481 duas
1677 3438 1773 3481 alas
1812 3445 1853 3481 et
1881 3445 1967 3481 tres
1996 3451 2074 3481 co-

370 3494 686 3550 praeriquisse,
738 3494 781 3538 h.
817 3509 856 3538 e.
894 3496 1122 3538 admodum
1208 3496 1375 3550 herces,
1424 3510 1532 3552 quae
1579 3498 1638 3539 acl
1684 3496 1902 3540 castellum
1947 3498 2070 3539 initio

251 3552 468 3607 riguisse,
513 3566 538 3595 a
565 3555 891 3610 praeriyescere
922 3555 1121 3609 ductum3
1208 3556 1395 3598 hostibus
1447 3563 1688 3609 cesserant,
1742 3563 1866 3598 eaetra
1911 3555 2072 3598 vallum

253 3607 384 3662 ἅπαξ
414 3614 670 3673 λεγόμενον
702 3626 800 3658 csse
822 3620 972 3658 monet
995 3615 1124 3659 Orel-
1207 3616 1330 3658 iussit
1351 3615 1538 3670 tendere,
1571 3616 1706 3657 donec
1724 3614 1892 3656 assiduo
1921 3611 2071 3659 labore

250 3666 352 3715 lius.
1209 3681 1250 3718 et
1272 3675 1496 3735 prosperis
1533 3672 1852 3719 excursionibus
1881 3673 2068 3721 redime-s
