2280 4004
239 266 332 316 223
898 260 915 264 ”
987 255 1315 313 ἈΝΝΑΪΜΜ
1343 236 1365 259 ”
1393 256 1409 258 ”
1436 256 1438 259 ’
1469 255 1509 260 ’“
1814 289 1853 320 a.
1876 259 1930 320 'ul
1966 256 2068 322 5‘753

370 410 564 464 Isdem
601 408 794 463 diebus
843 409 1061 477 Lepidus
1120 412 1183 464 ab
1247 400 1427 466 senatu
1477 405 1654 480 petivit
1706 416 1768 466 ut
1805 401 2071 471 basilicam
2088 418 2157 468 ⁷2

239 502 395 569 Pauli,
411 504 636 555 Aemilia
669 502 994 567 monimenta,
1023 504 1228 570 propria
1258 506 1475 571 pecunia
1502 493 1725 559 firmaret
1752 493 2073 589 ornaretque.

241 594 364 646 Erat
401 595 550 646 etiam
584 599 685 645 tum
738 594 791 644 in
831 607 975 645 more
1000 594 1214 669 publica
1257 595 1628 648 munificentia:
1681 613 1777 680 nec
1816 584 2076 679 Augustus

243 691 480 737 arcuerat
523 686 766 750 laurum,
821 664 1132 752 Philippum,
1193 686 1403 738 Balbum
1461 688 1673 740 hostiles
1735 691 1944 770 exuvias
1993 696 2076 743 aut

205 776 547 833 sexundantis
587 790 710 842 opes
750 782 984 828 ornatum
1027 778 1090 828 ad
1127 778 1267 829 urbis
1313 784 1362 831 et
1395 784 1652 845 posterum
1689 780 1905 848 gloriam
1946 772 2077 834 con-

242 867 396 918 ferre.
476 868 586 928 Quo
624 872 726 919 tum
765 867 995 934 exemplo
1035 868 1287 935 Lepidus,
1347 884 1644 937 quamquam
1676 873 1927 938 pecuniae
1961 888 2077 925 mo-

243 959 422 1023 dicus,
447 960 634 1010 avitum
671 960 828 1011 decus
864 959 1096 1011 recoluit.
1170 961 1238 1012 At
1274 961 1478 1028 Pompei
1514 962 1762 1015 theatrum
1801 964 1922 1032 igne
1961 965 2076 1016 for·-

239 1050 644 1101 tuito‘haustum
693 1052 883 1103 Caesar
935 1057 1275 1104 extructurum
1344 1053 1597 1120 pollicitus
1651 1060 1756 1120 est,
1829 1069 1890 1108 eo
1940 1055 2075 1122 quod

239 1156 389 1192 nemo
427 1158 454 1193 e
484 1141 682 1194 ‘familia
720 1142 1056 1193 restaurando
1092 1143 1365 1210 sufficeret,
1404 1150 1639 1197 manente
1665 1149 1833 1197 tamen
1871 1146 2076 1198 nomine

178 1232 459 1300 ioPompei.
543 1233 698 1286 Simul
750 1234 983 1284 laudibus
1037 1234 1273 1287 Seianum
1323 1236 1526 1302 extulit,
1590 1241 1842 1303 tamquam
1897 1228 2076 1289 labore

239 1324 606 1392 vigilantiaque
665 1325 773 1376 eius
827 1329 967 1376 tanta
1017 1325 1097 1376 vis
1150 1341 1302 1378 unum
1355 1327 1486 1379 intra
1541 1327 1775 1379 damnum
1832 1329 2073 1380 stetisset.

240 1417 303 1469 Et
361 1432 608 1470 censuere
659 1421 829 1482 patres
890 1416 1111 1483 effigiem
1166 1417 1384 1482 Seian0,
1449 1432 1578 1484 quae
1641 1419 1772 1485 apud
1828 1419 2077 1471 theatrum

239 1509 445 1575 Pompei
491 1508 765 1559 locaretur.
855 1507 1032 1574 Neque
1076 1509 1229 1559 multo
1281 1514 1397 1575 post
1444 1510 1663 1573 Caesar,
1723 1525 1835 1562 cum
1884 1510 2077 1562 Iunium

242 1600 477 1668 Blaesum
524 1599 883 1666 proconsulem
921 1598 1132 1651 Africae
1180 1590 1417 1666 triumphi
1467 1601 1752 1668 insignibus
1807 1593 2074 1668 attolleret,
2136 1652 2139 1655 .

181 1691 368 1747 asdare
418 1692 470 1742 id
510 1706 568 1743 se
611 1691 737 1743 dixit
784 1691 970 1743 honori
1017 1691 1217 1756 Seiani,
1277 1691 1420 1742 cuius
1479 1692 1564 1743 ille
1617 1693 1893 1744 avunculus
1951 1690 2075 1745 erat.

241 1785 320 1835 Ac
356 1789 524 1835 tamen
563 1799 646 1835 res
684 1783 852 1835 Blaesi
890 1783 1077 1850 dignae
1115 1782 1305 1834 decore
1344 1783 1433 1833 tali
1473 1783 1631 1835 suere.
1729 1784 1854 1835 Nam
1892 1784 2077 1836 Tacfa-
2093 1789 2163 1838 73

240 1876 398 1940 rinas,
430 1890 729 1941 quamquam
755 1874 957 1940 saepius
991 1873 1245 1939 depulsus,
1274 1874 1523 1940 reparatis
1551 1889 1643 1940 per
1667 1874 1840 1926 intima
1866 1875 2077 1929 Africae

243 1966 443 2019 auxiliis
482 1966 581 2017 huc
620 1965 957 2033 adrogantiae
991 1970 1203 2017 venerat
1237 1971 1290 2015 ut
1332 1965 1533 2032 legatos
1571 1965 1635 2017 ad
1673 1954 2078 2018 Tiberium‘mit-

240 2060 396 2122 teret,
435 2056 711 2123 sedemque
747 2056 879 2107 ultro
917 2056 1014 2107 sibi
1053 2062 1202 2122 atque
1238 2057 1484 2110 exercitui
1521 2071 1615 2108 suo
1658 2057 1953 2123 postularet,
1996 2063 2083 2110 aut
2118 2085 2121 2089 ·

177 2162 226 2199 ιο
244 2149 426 2201 bellum
466 2148 827 2226 inexplicabile
864 2148 1195 2200 minitaretur.
1270 2147 1383 2200 Non
1420 2147 1545 2199 alias
1586 2148 1750 2216 magis
1786 2164 1877 2226 sua
1912 2163 2079 2217 popu-

356 2298 399 2338 4.
428 2302 636 2351 aryuerat
667 2294 731 2337 M:
779 2294 968 2337 correxit
997 2294 1187 2350 Lipsius.
1257 2295 1449 2351 filippum
1482 2295 1535 2336 M.
1601 2295 1798 2336 exsuvias
1829 2295 1885 2338 M.
1950 2295 1991 2337 7.
2025 2294 2083 2337 acl

241 2354 296 2396 M.
328 2357 497 2411 pompei
528 2361 594 2396 ter
625 2355 680 2397 M.
747 2354 815 2399 14.
845 2369 1016 2411 procos.
1053 2368 1148 2396 cum
1182 2354 1259 2396 lin.
1296 2355 1349 2395 M.
1419 2355 1485 2399 17.
1521 2361 1750 2409 reparatus
1781 2354 1845 2395 M:
1891 2356 2081 2396 correxit

238 2413 496 2458 Beroaldus.
565 2415 633 2458 18.
668 2414 911 2457 altiherium
943 2414 997 2457 M.
1062 2415 1133 2458 20.
1168 2413 1514 2471 inexplicabilem
1544 2414 1776 2471 initui-elur
1808 2411 1862 2455 M.

1203 2535 1294 2577 Hac
1325 2536 1495 2577 ratione
1528 2535 1719 2575 omnium
1756 2532 2080 2588 simplicissima

1204 2595 1498 2636 dubitationes
1539 2593 1761 2635 tollendae
1802 2599 1926 2646 sunt,
1967 2606 2079 2650 quae

1205 2655 1247 2694 in
1285 2653 1366 2695 hac
1411 2666 1540 2695 causa
1573 2659 1718 2706 ortae,
1760 2652 1812 2694 de
1845 2651 2002 2708 quibus
2033 2666 2078 2695 V.

1203 2712 1390 2754 Beckeri
1425 2712 1634 2755 Euchirid
1682 2711 1734 2753 A.
1769 2712 1892 2754 Rom.
1920 2716 1951 2754 t.
1986 2712 2002 2754 1
2035 2725 2076 2766 p.

1203 2773 1453 2815 302—306.
1504 2771 1733 2826 Copiosius
1766 2770 1820 2813 de
1843 2784 1895 2814 ea
1914 2783 1963 2814 re
1986 2770 2078 2812 dis-

1203 2833 1353 2886 putavi
1395 2833 1439 2873 in
1481 2832 1630 2873 Museo
1660 2830 1870 2872 Rhenano
1902 2844 1941 2873 a.
1967 2829 2079 2873 1846

330 2535 434 2590 Cap.
469 2537 539 2578 72.
603 2536 825 2578 basilicam.
858 2535 995 2588 Pauli,
1027 2536 1118 2578 Ae-

239 2594 362 2636 milia
403 2595 690 2636 monimenta.-
739 2595 966 2636 aedificata
1010 2595 1118 2636 haec

239 2653 423 2695 basilica
465 2660 531 2695 est
574 2667 613 2695 a.
658 2653 745 2696 574
783 2653 837 2695 M.
875 2653 1031 2695 Fulvio
1076 2660 1119 2695 et

239 2712 430 2755 Aemilio
474 2712 638 2766 Lepido
687 2713 967 2754 censoribus:
1021 2712 1115 2755 Liv.

238 2771 310 2814 XL
342 2772 413 2814 51.
460 2772 595 2814 Varro
626 2771 673 2814 L.
694 2771 740 2814 L.
779 2773 834 2813 VI
865 2777 908 2815 4.
946 2772 1119 2814 Instau-

239 2837 333 2873 rata
367 2837 432 2872 est
463 2844 575 2872 auno
609 2832 695 2875 700
727 2845 751 2873 a
777 2831 907 2873 Lucio
935 2831 1116 2873 Aemilio

240 2889 400 2943 Paulo,
447 2890 579 2931 fratre
612 2890 764 2944 Lepidi
800 2893 872 2945 qui
906 2897 1003 2945 post
1035 2893 1117 2932 tri-

239 2951 405 2991 umvir:
450 2948 604 2990 Cicero
650 2949 702 2990 ad
745 2950 935 2991 Atticum
970 2951 1029 2991 lv
1065 2949 1117 2992 16

243 3007 321 3051 14:
356 3008 513 3050 Paulus
544 3010 590 3049 in
613 3008 749 3049 medio
774 3012 870 3064 foro
896 3009 1118 3051 basilicam

239 3068 326 3108 iam
354 3081 493 3124 paene
537 3068 692 3120 texuit,
739 3067 889 3110 iisdem
931 3069 1118 3122 antiquis

241 3126 461 3169 columnis.
515 3126 642 3169 Illam
665 3134 804 3168 aulem
821 3141 945 3182 quam
960 3127 1119 3168 locavit

242 3184 468 3242 (Caesar),
502 3188 609 3241 facit
639 3187 1115 3241 maquificenlissimam.

242 3246 353 3296 Quid
398 3245 601 3299 quaeris?
659 3245 780 3288 Nihil
825 3247 991 3301 {liutius
1043 3244 1116 3287 illo

238 3312 522 3357 monumento,
555 3304 666 3346 nihil
696 3304 937 3360 gloriosius.
1002 3304 1118 3346 Cae-

239 3365 352 3405 saris
391 3377 549 3405 nomen
593 3366 786 3407 inserere
838 3366 879 3405 in
932 3363 1118 3418 epistola

240 3423 412 3463 librarii
453 3437 583 3465 nzanu
635 3425 797 3479 scripta
844 3423 924 3478 (cf.
970 3425 1014 3475 δ.
1053 3425 1116 3480 1),

242 3487 286 3521 et
318 3483 361 3522 in
394 3482 493 3523 loco
527 3484 600 3536 qui
644 3488 827 3536 excepta
866 3482 988 3524 Pauli
1022 3495 1118 3523 me-

240 3541 377 3581 moria
409 3546 525 3581 totus
565 3547 630 3581 est
662 3541 715 3582 de
760 3540 971 3594 Caesare,
1020 3543 1114 3596 ipse

242 3598 402 3640 oblitus
437 3605 502 3640 est
527 3598 710 3640 Cicero:
746 3602 947 3642 nimirum
967 3601 1114 3641 Attico

240 3656 391 3699 scribit
432 3658 484 3702 de
522 3671 568 3702 re
602 3657 705 3702 huic
754 3670 840 3705 uon
872 3660 1114 3717 incognita.

1204 2904 1245 2945 p.
1284 2890 1548 2934 108—112.
1612 2890 1771 2931 Iterum
1811 2890 1979 2932 refecta
2014 2895 2080 2931 est

1206 2950 1355 2991 eadem
1408 2950 1589 2992 basilica
1642 2962 1754 2991 anno
1816 2950 1903 2993 720
1953 2962 1978 2990 a
2029 2947 2078 2992 L.

1202 3009 1392 3050 Aemilio
1417 3009 1550 3051 Paulo
1570 3007 1896 3063 nepoteLepidi
1924 3009 2079 3048 trium-

1204 3069 1313 3108 viri:
1348 3068 1429 3108 Dio
1465 3069 1594 3109 XLIX
1626 3070 1706 3119 42;
1756 3066 1960 3108 incendio
1997 3066 2078 3107 ab-

1203 3132 1413 3180 sumptam
1436 3127 1548 3168 idcm
1575 3139 1654 3168 suo
1678 3126 1867 3177 nomine,
1892 3126 2078 3179 pecunia

1203 3186 1389 3241 Augusti
1423 3199 1590 3227 rursum
1614 3184 1863 3227 aedificavit
1894 3197 1932 3227 a.
1966 3185 2078 3229 740:

1203 3244 1286 3286 Dio
1320 3244 1412 3286 LIV
1443 3247 1513 3289 24.
1580 3245 1661 3296 Qui
1695 3257 1810 3286 nunc
1843 3242 1981 3284 firmat
2009 3242 2075 3298 (h.

1207 3319 1245 3346 e.
1268 3305 1394 3346 novis
1414 3305 1627 3346 columnis
1644 3303 1837 3360 instruit)
1850 3307 2075 3357 ornatque,

1203 3364 1371 3405 Marcus
1412 3363 1601 3418 Lepidus
1655 3369 1743 3415 est,
1791 3361 2076 3403 Aemiliorum

1205 3435 1281 3464 sua
1313 3429 1458 3464 aetate
1478 3422 1633 3464 decus·
1670 3422 1726 3463 VI
1745 3423 1816 3466 27.
1872 3418 2076 3461 Ceterum

1203 3481 1413 3536 pluralem
1451 3483 1712 3524 monimenta
1750 3477 1951 3523 similiter
1992 3489 2075 3531 po..

1202 3543 1330 3583 situm
1370 3541 1558 3597 legimus
1592 3540 1649 3582 111
1680 3541 1753 3591 23,
1785 3536 1845 3578 lv
1878 3537 1918 3579 7.
1979 3536 2074 3579 me-

1201 3602 1326 3643 minit
1359 3599 1486 3642 huius
1519 3599 1727 3651 basilicae
1761 3597 1891 3641 etiam
1907 3594 2073 3639 Plinius

1201 3657 1379 3705 xxxvl
1410 3658 1468 3704 24
1501 3658 1620 3716 (15).
