2280 4004
230 308 258 341 ι
288 295 336 342 G.
371 298 444 347 47.
816 291 980 337 LIBER
1009 289 1082 336 XI.
1150 289 1255 334 Gar.
1289 290 1422 336 6—7.
2021 284 2051 328 9

231 447 396 494 torum
441 438 729 507 potentibus
785 437 1035 489 obnoxius
1082 435 1162 487 sit.
1267 435 1442 500 Neque
1489 437 1658 485 tamen
1714 429 2054 498 eloquentiam

231 534 451 602 gratuito
478 531 803 598 contingere:
841 528 1001 580 omitti
1038 542 1186 578 curas
1214 526 1507 591 familiares,
1546 529 1600 576 ut
1637 525 1747 591 quis
1783 538 1840 575 se
1875 522 2054 574 alienis

233 623 456 691 negotiis
493 622 736 673 intendat.
809 620 991 672 Multos
1029 618 1232 683 militia,
1284 617 1528 684 quosdam
1569 614 1860 668 exercendo
1900 626 2055 680 agros

232 716 452 767 tolerare
492 714 675 776 vitam3
731 711 856 762 nihil
908 728 936 762 a
976 725 1226 777 quoquam
1265 711 1458 776 expeti,
1518 708 1616 760 nisi
1666 707 1807 758 cuius
1864 706 2056 757 fructus

233 813 349 859 ante
380 804 678 872 providerit.
751 802 920 854 Facile
954 802 1184 853 Asinium
1228 805 1277 853 et
1307 800 1590 866 Messalam,
1627 800 1759 850 inter
1781 797 2096 853 Antonium*

233 903 284 950 et
309 896 590 964 Augustum
627 893 874 945 bellorum
900 893 1139 959 praemiis
1166 892 1402 957 refertos,
1433 895 1516 943 aut
1555 891 1728 942 ditium
1760 888 2057 941 familiarum

233 987 450 1041 heredes
487 984 806 1049 Aeserninos
829 989 901 1035 ‚et
937 984 1237 1048 ArruntiOS,
1282 986 1516 1051 magnum
1556 982 1774 1034 animum
1811 979 2059 1037 induisse.

231 1079 460 1143 Prompta
517 1076 615 1128 sibi
667 1075 922 1141 exempla,
991 1074 1191 1140 quantis
1241 1074 1563 1126 mercedibus
1610 1072 1810 1123 Publius
1853 1070 2059 1122 Clodius

232 1173 317 1220 aut
339 1167 494 1219 Gaius
523 1166 675 1218 Curio
714 1165 1000 1217 contionari
1037 1165 1172 1217 soliti
1200 1165 1316 1216 sint.
1390 1165 1472 1229 Se,
1505 1164 1737 1215 modicos
1773 1167 2056 1226 senatoreS,

233 1258 400 1326 quieta
442 1273 499 1310 re
535 1257 736 1324 publica
770 1256 905 1307 nulla
940 1256 1039 1308 nisi
1086 1256 1227 1322 pacis
1266 1255 1601 1307 emolumenta
1635 1259 1825 1321 petere.
1902 1252 2059 1320 Cogi-
2077 1260 2124 1299 ιο

1315 1410 1406 1465 quis
1441 1407 1532 1451 Ma:
1566 1383 1638 1465 qt.-
1667 1408 1756 1451 Λα.
1859 1409 1902 1450 4.
1937 1405 2063 1448 totle-

1006 1471 1047 1513 5.
1076 1469 1316 1526 providerit
1345 1481 1424 1524 per
1457 1480 1597 1523 comp.
1630 1467 1712 1511 Ma.
1805 1467 1846 1510 6.
1882 1468 2064 1521 refertos

1282 1528 1472 1570 arriitios
1503 1527 1584 1570 Ma.
1685 1528 1727 1570 8.
1765 1527 1811 1569 P.
1848 1532 1890 1567 et
1921 1527 2065 1567 statim

350 1414 392 1455 2.
425 1409 667 1467 familiares
701 1408 769 1452 Ma
801 1410 908 1468 (non
939 1410 1210 1468 familiaris).

234 1484 337 1512 rare
369 1483 420 1526 pr
451 1468 532 1513 Ma.
655 1469 792 1512 nichil
822 1468 903 1511 Ma.

233 1529 322 1572 Maz
354 1533 537 1587 refectos
561 1529 648 1571 BG.
752 1531 792 1572 7.
829 1531 1048 1571 eserninos
1079 1528 1158 1571 Ma.

236 1590 286 1632 G.
306 1588 387 1633 Ma.

233 1725 379 1768 mitate
440 1724 715 1782 adrogantia.
787 1726 841 1768 67
865 1739 875 1766 ε
938 1726 1108 1768 auxilia

235 1799 387 1840 equos,
425 1798 551 1826 arma
582 1786 805 1842 pecunias.
864 1784 920 1828 H.
955 1784 994 1826 ΙΙ
1025 1786 1106 1828 26:

235 1845 350 1900 apud
377 1846 590 1900 sapientes
624 1851 914 1897 occursantes,
944 1845 991 1885 in
1012 1847 1108 1886 acie

231 1917 312 1961 pro
344 1903 474 1945 vallo.
537 1904 625 1947 80:
672 1917 765 1959 spes
804 1905 954 1956 timor,
994 1905 1106 1946 ratio

240 1977 377 2005 casus.
412 1962 637 2004 Postremo
659 1975 711 2004 ea
730 1963 1109 2005 commemoranda

238 2027 338 2064 sunt
353 2021 563 2076 asyndeta
579 2023 623 2062 in
647 2022 803 2077 quibus
826 2022 948 2063 nulla
970 2036 1109 2064 mem-

240 2082 416 2124 brorum
449 2083 678 2135 responsio
703 2082 999 2137 cognoscitur,
1033 2083 1111 2123 sed

242 2140 391 2196 plures
432 2152 566 2181 voces
598 2142 694 2181 sine
733 2140 904 2194 copulis
937 2141 1110 2194 simpli-

246 2201 355 2242 citer
378 2200 633 2255 iunguntur,
666 2204 713 2239 ut
729 2200 875 2255 magni
900 2199 1111 2255 longique

243 2258 408 2301 ordinis
438 2258 704 2314 significatio
737 2260 916 2300 oriatur.
968 2258 1110 2300 Etiam

245 2318 354 2360 haec
386 2323 602 2359 structura
648 2317 762 2372 apud
792 2317 986 2359 Tacitum
1018 2318 1111 2360 fre-

243 2389 400 2432 quens,
431 2382 478 2417 ut
507 2376 526 2418 1
561 2378 612 2419 7:
645 2385 691 2419 at
714 2377 877 2418 Romae
909 2392 1036 2419 ruere
1065 2378 1112 2418 in

242 2436 462 2478 servitium
520 2436 713 2479 consules
765 2444 914 2493 patres
971 2450 1110 2491 eques.

242 2497 323 2538 ⁴11:
363 2502 409 2537 at
435 2502 586 2551 patres
630 2497 677 2537 in
709 2503 874 2550 questus
907 2496 1111 2537 lacrimas

241 2560 340 2596 voca
372 2555 559 2610 effundi3
589 2554 647 2596 acl
678 2554 798 2607 deos,
842 2555 900 2596 ad
932 2557 1113 2611 effiyiem

241 2613 444 2669 Auyusli,
499 2614 556 2655 ad
595 2627 738 2668 genua
785 2614 916 2669 ipsius
959 2628 1112 2656 manus

243 2672 431 2713 tendere.
493 2672 554 2714 lv
586 2672 671 2716 46:
713 2672 944 2728 bellumque
974 2675 1112 2729 impe-

244 2731 375 2773 ditam
407 2730 589 2773 arduum
621 2739 855 2773 cruentum.
917 2733 968 2775 H.
994 2732 1111 2775 173:

244 2789 358 2846 apud
389 2790 587 2843 Galbam,
621 2791 842 2843 Othonem,
883 2791 1111 2834 Vitellium.

246 2848 295 2891 G.
329 2849 410 2891 20:
442 2851 606 2903 fratres
633 2850 783 2905 patrui
813 2851 1030 2892 avunculi.

331 2906 504 2959 Asinii,
537 2908 777 2960 Messalae,
811 2922 865 2949 ac
895 2909 1113 2950 recentio-

246 2978 341 3007 rum
359 2964 561 3007 Arruntii
592 2973 631 3008 et
656 2967 911 3009 Aesernini.-
947 2981 1114 3010 comma

246 3029 344 3078 post
402 3023 544 3067 Asinii
594 3027 920 3080 perspicuitatis
983 3040 1113 3069 causa

247 3082 403 3124 adieci.
467 3083 648 3126 Duobus
679 3085 928 3127 nominibus
962 3086 1111 3130 a'avv-

249 3141 389 3191 δέτως
411 3142 570 3184 iunctis
593 3151 884 3186 annectuntur
904 3145 988 3186 duo
1010 3158 1112 3199 par-

248 3200 381 3242 ticula
414 3207 453 3242 et
484 3202 687 3256 copulata
722 3203 923 3245 Arruntii
952 3211 991 3245 ct
1022 3203 1113 3245 Ae-

247 3259 425 3300 sernini.
460 3259 536 3301 His
559 3262 664 3314 ipsis
682 3274 760 3315 per
783 3276 837 3303 ac
857 3262 1112 3316 particulam

249 3330 406 3358 nomen
437 3320 723 3360 recentiorum
736 3320 988 3375 adiungitur
1009 3321 1116 3376 (und

246 3383 372 3418 anter
404 3376 485 3417 den
515 3377 733 3418 Mannern
765 3392 950 3419 neuerer
985 3379 1112 3433 Zeit).

250 3435 321 3477 Sic
367 3436 481 3476 enim
524 3436 634 3477 duce
674 3436 738 3477 Ma
783 3437 1112 3478 restituendum.

248 3494 311 3535 lbi
352 3493 466 3549 quod
523 3496 651 3536 etiam
702 3495 792 3550 yali
834 3501 934 3536 ante
975 3495 1118 3536 Asinii

249 3551 426 3608 legitur,
461 3553 505 3594 id
536 3553 725 3595 additum
763 3554 815 3596 ab
838 3554 985 3609 aliquo
1016 3566 1116 3594 cor-

252 3617 437 3664 rectore,
464 3613 536 3668 qui
563 3612 732 3655 Gallum
752 3613 961 3665 Asinium,
981 3612 1115 3654 filium

253 3669 391 3712 Asinii
423 3670 652 3727 Pollionis,
686 3686 741 3715 ex
773 3672 792 3729 l
819 3672 849 3715 8
881 3678 925 3714 et
960 3674 1025 3724 12,
1060 3670 1118 3714 111

485 1590 553 1634 10.
587 1589 730 1645 quieta
747 1595 958 1646 —petere
982 1589 1198 1632 Pichena:
1232 1587 1375 1631 BGMa
1406 1588 1570 1644 aliique
1589 1588 1660 1643 qui
1683 1595 1722 1629 et
1747 1592 2062 1644 a--peterenl.

1195 1727 1245 1768 11
1275 1725 1462 1781 aliisque
1479 1724 1589 1766 locis
1611 1722 1848 1766 memoriae
1882 1722 2062 1763 infixum

1191 1798 1417 1840 perperam
1451 1783 1654 1826 habebat.
1716 1782 1896 1824 Asinius
1921 1781 2063 1824 Pollio

1193 1851 1236 1886 et
1267 1844 1454 1886 Messala
1497 1838 1712 1884 Corvinus
1745 1841 1946 1896 simplice
1979 1854 2064 1882 no-

1191 1905 1309 1946 mine
1343 1905 1473 1957 etiam
1506 1904 1551 1944 in
1579 1903 1869 1956 responsione
1902 1900 2064 1943 adver-

1192 1965 1403 2005 sariorum
1421 1975 1521 2003 mox
1540 1963 1832 2014 nominantur,
1858 1967 1901 2002 et
1915 1959 1964 2003 O.
1983 1963 2063 2003 12:

1192 2037 1272 2063 nec
1302 2023 1415 2064 ullus
1442 2022 1588 2063 Asinii
1618 2028 1694 2062 aut
1712 2020 1927 2063 Messalae
1956 2020 2064 2061 liber

1194 2090 1280 2123 tam
1340 2082 1548 2122 inlustris.
1611 2081 1704 2122 Hoc
1761 2086 1925 2122 certum
1985 2084 2065 2132 est,

1194 2153 1460 2195 praenomen
1507 2140 1550 2180 in
1603 2140 1748 2180 verbis
1794 2139 1847 2180 de
1907 2138 2066 2193 quibus

1197 2214 1313 2242 nunc
1346 2200 1565 2255 loquimur
1597 2204 1681 2240 tam
1715 2199 1768 2240 ab
1802 2198 1954 2239 Asinio
1985 2197 2066 2239 ab-

1195 2273 1292 2302 esse
1326 2259 1486 2300 debere
1520 2271 1646 2314 quam
1683 2272 1707 2299 a
1738 2258 1944 2310 Messala,
1995 2263 2070 2298 aut

1195 2321 1369 2374 utrique
1426 2316 1751 2360 concedendum
1807 2330 1920 2359 esse.
1984 2316 2069 2359 Sed

1195 2378 1370 2420 facilior
1401 2377 1620 2419 medicina
1646 2382 1726 2429 est,
1759 2377 1795 2418 si
1820 2382 2069 2430 corruptum

1194 2438 1285 2494 qali
1325 2437 1616 2492 expungitur,
1667 2449 1794 2490 quam
1835 2436 1871 2476 si
1923 2435 2072 2478 Marci

1195 2508 1462 2551 praenomen
1514 2501 1615 2536 ante
1649 2494 1889 2547 Messalae,
1939 2500 1986 2534 ut
2017 2494 2068 2536 N.

1196 2557 1402 2598 Heinsius
1456 2554 1624 2606 voluit,
1671 2555 1893 2596 inseritur.
1956 2552 2071 2595 Illud

1195 2615 1286 2671 yali
1316 2627 1403 2655 non
1436 2615 1478 2656 in
1510 2615 1594 2656 Gai
1625 2613 1935 2655 resolvendum
1971 2625 2069 2654 esse

1194 2674 1266 2716 vel
1300 2673 1404 2715 hinc
1436 2674 1572 2725 fides,
1607 2672 1724 2728 quod
1757 2672 1841 2715 hoc
1874 2685 2069 2726 praeno-

1195 2746 1294 2774 men
1329 2746 1415 2774 una
1446 2732 1593 2774 littera
1625 2732 1718 2789 (C.)
1761 2733 1804 2773 in
1838 2731 1902 2773 Ma
1935 2731 2068 2772 scribi

1196 2791 1325 2834 solet.

1299 2849 1403 2904 Cap.
1446 2850 1486 2892 7.
1551 2856 1591 2891 et
1632 2857 1860 2906 postquam
1906 2849 2071 2901 adnuit,

1197 2923 1326 2964 aqere
1367 2909 1610 2963 incipiunt:
1662 2907 1959 2950 memorabilis
2007 2913 2073 2950 est

1197 2969 1295 3010 libri
1315 2968 1380 3010 Ma
1408 2968 1621 3021 scriptura
1654 2975 1799 3010 tacere
1836 2980 1914 3021 pro
1942 2981 2072 3022 aqere

1196 3027 1249 3069 ad
1281 3027 1647 3083 intelligendum,
1690 3027 1908 3082 quomodo
1958 3027 2072 3067 liber

1197 3086 1274 3128 ille
1308 3089 1438 3128 etiam
1471 3087 1513 3126 in
1562 3086 1795 3127 manifesto
1832 3086 1941 3126 vitio
1976 3086 2068 3126 veri

1196 3147 1388 3202 vestigia
1433 3145 1691 3185 servaverit.
1756 3144 1964 3184 Nimirum
2027 3143 2069 3183 in

1198 3211 1401 3257 corrupto
1444 3209 1588 3242 tacere
1635 3203 1772 3255 prima
1820 3201 1964 3243 littera
2017 3215 2070 3242 ex

1197 3268 1453 3317 antegresso
1487 3260 1637 3301 adnuit
1668 3260 1963 3314 imprudenter
1989 3272 2070 3313 ap-

1196 3322 1357 3375 plicata
1415 3324 1512 3371 est,
1569 3332 1652 3373 qua
1715 3325 1882 3360 semota
1936 3324 2071 3360 restat

1199 3377 1402 3428 ACERE‚
1437 3378 1478 3419 h.
1518 3390 1557 3419 e.
1583 3376 1799 3425 AGERE.

1288 3439 1429 3490 quieta
1475 3449 1523 3475 re
1562 3436 1735 3491 publica
1787 3461 1842 3467 --
1890 3443 2070 3492 petere:

1200 3502 1319 3536 recte
1344 3495 1451 3535 haec
1473 3493 1660 3535 Pichena
1685 3497 1892 3546 restituit,
1928 3508 2071 3550 neque

1200 3554 1397 3596 violento
1421 3553 1629 3606 remedio,
1654 3556 1771 3607 prius
1787 3555 1901 3595 enim
1915 3555 2070 3596 vitium

1201 3613 1271 3668 qui
1313 3620 1352 3654 et
1387 3627 1415 3653 a
1458 3611 1639 3654 alterum
1678 3619 1871 3669 peterent
1914 3620 2070 3668 sponte

1200 3671 1473 3727 provocavit.
1539 3671 1622 3725 Qui
1665 3672 1903 3714 defendere
1946 3672 2070 3716 codi-
