<?xml version="1.0" encoding="UTF-8"?>
<!DOCTYPE html PUBLIC "-//W3C//DTD XHTML 1.0 Transitional//EN"
    "http://www.w3.org/TR/xhtml1/DTD/xhtml1-transitional.dtd">
<html xmlns="http://www.w3.org/1999/xhtml" xml:lang="en" lang="en">
 <head>
  <title>
</title>
<meta http-equiv="Content-Type" content="text/html;charset=utf-8" />
  <meta name='ocr-system' content='tesseract 3.04.00' />
  <meta name='ocr-capabilities' content='ocr_page ocr_carea ocr_par ocr_line ocrx_word'/>
</head>
<body>
  <div class='ocr_page' id='page_1' title='image "./operaadcodicesan01taciuoft_0347.png"; bbox 0 0 2280 4004; ppageno 0'>
   <div class='ocr_carea' id='block_1_1' title="bbox 143 441 214 490">
    <p class='ocr_par' dir='ltr' id='par_1_1' title="bbox 143 441 214 490">
     <span class='ocr_line' id='line_1_1' title="bbox 143 441 214 490; baseline 0 0"><span class='ocrx_word' id='word_1_1' title='bbox 143 441 214 490; x_wconf 82' lang='lat'>36</span> 
     </span>
    </p>
   </div>
   <div class='ocr_carea' id='block_1_2' title="bbox 222 1161 960 1228">
    <p class='ocr_par' dir='ltr' id='par_1_2' title="bbox 222 1161 960 1228">
     <span class='ocr_line' id='line_1_2' title="bbox 222 1161 960 1228; baseline -0.001 -16"><span class='ocrx_word' id='word_1_2' title='bbox 222 1161 382 1218; x_wconf 87' lang='lat' dir='ltr'>sidio·</span> <span class='ocrx_word' id='word_1_3' title='bbox 405 1161 598 1213; x_wconf 85' lang='lat' dir='ltr'>Luculli</span> <span class='ocrx_word' id='word_1_4' title='bbox 635 1161 780 1227; x_wconf 90' lang='lat' dir='ltr'>pulso</span> <span class='ocrx_word' id='word_1_5' title='bbox 817 1176 960 1228; x_wconf 82' lang='lat' dir='ltr'>rege.</span> 
     </span>
    </p>
   </div>
   <div class='ocr_carea' id='block_1_3' title="bbox 229 297 441 345">
    <p class='ocr_par' dir='ltr' id='par_1_3' title="bbox 229 297 441 345">
     <span class='ocr_line' id='line_1_3' title="bbox 229 297 441 345; baseline 0.005 -3"><span class='ocrx_word' id='word_1_6' title='bbox 229 297 334 343; x_wconf 75' lang='lat' dir='ltr'>a&#39;C.</span> <span class='ocrx_word' id='word_1_7' title='bbox 370 300 441 345; x_wconf 81' lang='lat'>25.</span> 
     </span>
    </p>
   </div>
   <div class='ocr_carea' id='block_1_4' title="bbox 796 293 1459 342">
    <p class='ocr_par' dir='ltr' id='par_1_4' title="bbox 796 293 1459 342">
     <span class='ocr_line' id='line_1_4' title="bbox 796 293 1459 342; baseline -0.002 -2"><span class='ocrx_word' id='word_1_8' title='bbox 796 296 960 342; x_wconf 88' lang='lat' dir='ltr'>LIBER</span> <span class='ocrx_word' id='word_1_9' title='bbox 989 293 1063 341; x_wconf 88' lang='lat' dir='ltr'>IV.</span> <span class='ocrx_word' id='word_1_10' title='bbox 1127 294 1233 341; x_wconf 56' lang='lat' dir='ltr'>Gir.</span> <span class='ocrx_word' id='word_1_11' title='bbox 1269 296 1459 341; x_wconf 86' lang='lat'><strong>35-36.</strong></span> 
     </span>
    </p>
   </div>
   <div class='ocr_carea' id='block_1_5' title="bbox 1956 292 2046 337">
    <p class='ocr_par' dir='ltr' id='par_1_5' title="bbox 1956 292 2046 337">
     <span class='ocr_line' id='line_1_5' title="bbox 1956 292 2046 337; baseline 0 0"><span class='ocrx_word' id='word_1_12' title='bbox 1956 292 2046 337; x_wconf 78' lang='lat'>269</span> 
     </span>
    </p>
   </div>
   <div class='ocr_carea' id='block_1_6' title="bbox 231 430 2141 691">
    <p class='ocr_par' dir='ltr' id='par_1_6' title="bbox 231 430 2141 691">
     <span class='ocr_line' id='line_1_6' title="bbox 372 430 2050 503; baseline -0.001 -15"><span class='ocrx_word' id='word_1_13' title='bbox 372 437 603 488; x_wconf 89' lang='lat' dir='ltr'>Ceterum</span> <span class='ocrx_word' id='word_1_14' title='bbox 654 435 970 503; x_wconf 80' lang='lat' dir='ltr'>postulandis</span> <span class='ocrx_word' id='word_1_15' title='bbox 1018 437 1120 487; x_wconf 90' lang='lat' dir='ltr'>reis</span> <span class='ocrx_word' id='word_1_16' title='bbox 1177 439 1277 486; x_wconf 90' lang='lat' dir='ltr'>tam</span> <span class='ocrx_word' id='word_1_17' title='bbox 1329 430 1594 486; x_wconf 88' lang='lat' dir='ltr'>continuus</span> <span class='ocrx_word' id='word_1_18' title='bbox 1644 449 1803 487; x_wconf 90' lang='lat' dir='ltr'>annus</span> <span class='ocrx_word' id='word_1_19' title='bbox 1852 436 1944 487; x_wconf 84' lang='lat' dir='ltr'>suit</span> <span class='ocrx_word' id='word_1_20' title='bbox 1996 441 2050 487; x_wconf 92' lang='lat' dir='ltr'>ut</span> 
     </span>
     <span class='ocr_line' id='line_1_7' title="bbox 231 526 2054 595; baseline 0 -16"><span class='ocrx_word' id='word_1_21' title='bbox 231 527 471 579; x_wconf 87' lang='lat' dir='ltr'>feriarum</span> <span class='ocrx_word' id='word_1_22' title='bbox 510 528 794 579; x_wconf 88' lang='lat' dir='ltr'>Latinarum</span> <span class='ocrx_word' id='word_1_23' title='bbox 845 528 1022 580; x_wconf 87' lang='lat' dir='ltr'>diebus</span> <span class='ocrx_word' id='word_1_24' title='bbox 1059 526 1372 593; x_wconf 82' lang='lat' dir='ltr'>praefectum</span> <span class='ocrx_word' id='word_1_25' title='bbox 1408 526 1548 577; x_wconf 89' lang='lat' dir='ltr'>urbis</span> <span class='ocrx_word' id='word_1_26' title='bbox 1585 526 1828 593; x_wconf 84' lang='lat' dir='ltr'><strong>Drusum,</strong></span> <span class='ocrx_word' id='word_1_27' title='bbox 1880 529 2054 595; x_wconf 90' lang='lat' dir='ltr'>auspi-</span> 
     </span>
     <span class='ocr_line' id='line_1_8' title="bbox 233 616 2141 691; baseline 0.001 -23"><span class='ocrx_word' id='word_1_28' title='bbox 233 618 381 669; x_wconf 89' lang='lat' dir='ltr'>candi</span> <span class='ocrx_word' id='word_1_29' title='bbox 416 619 580 686; x_wconf 86' lang='lat' dir='ltr'>gratia</span> <span class='ocrx_word' id='word_1_30' title='bbox 616 618 833 669; x_wconf 88' lang='lat' dir='ltr'>tribunal</span> <span class='ocrx_word' id='word_1_31' title='bbox 876 618 1191 684; x_wconf 84' lang='lat' dir='ltr'>ingressum,</span> <span class='ocrx_word' id='word_1_32' title='bbox 1229 616 1412 667; x_wconf 90' lang='lat' dir='ltr'>adierit</span> <span class='ocrx_word' id='word_1_33' title='bbox 1450 617 1755 690; x_wconf 14' lang='lat' dir='ltr'>Calpurnius*</span> <span class='ocrx_word' id='word_1_34' title='bbox 1780 618 2052 689; x_wconf 11' lang='lat' dir='ltr'>u,Sualvi‘anus</span> <span class='ocrx_word' id='word_1_35' title='bbox 2082 638 2141 691; x_wconf 42' lang='grc' dir='ltr'>γ,</span> 
     </span>
    </p>
   </div>
   <div class='ocr_carea' id='block_1_7' title="bbox 1238 686 1425 698">
    <p class='ocr_par' dir='ltr' id='par_1_7' title="bbox 1238 686 1425 698">
     <span class='ocr_line' id='line_1_9' title="bbox 1238 686 1425 698; baseline -0.005 0"><span class='ocrx_word' id='word_1_36' title='bbox 1238 688 1328 698; x_wconf 42' lang='lat' dir='ltr'>vd..</span> <span class='ocrx_word' id='word_1_37' title='bbox 1333 686 1425 693; x_wconf 47' lang='lat' dir='ltr'>*ww-m</span> 
     </span>
    </p>
   </div>
   <div class='ocr_carea' id='block_1_8' title="bbox 231 708 2054 783">
    <p class='ocr_par' dir='ltr' id='par_1_8' title="bbox 231 708 2054 783">
     <span class='ocr_line' id='line_1_10' title="bbox 231 708 2054 783; baseline 0.002 -25"><span class='ocrx_word' id='word_1_38' title='bbox 231 709 283 782; x_wconf 83' lang='lat' dir='ltr'>in</span> <span class='ocrx_word' id='word_1_39' title='bbox 317 709 537 779; x_wconf 20' lang='lat' dir='ltr'>Sextum„</span> <span class='ocrx_word' id='word_1_40' title='bbox 557 709 796 783; x_wconf 72' lang='lat' dir='ltr'>Marium,</span> <span class='ocrx_word' id='word_1_41' title='bbox 853 709 987 775; x_wconf 90' lang='lat' dir='ltr'>quod</span> <span class='ocrx_word' id='word_1_42' title='bbox 1029 724 1056 759; x_wconf 92' lang='lat' dir='ltr'>a</span> <span class='ocrx_word' id='word_1_43' title='bbox 1096 708 1316 759; x_wconf 82' lang='lat' dir='ltr'><strong>Caesare</strong></span> <span class='ocrx_word' id='word_1_44' title='bbox 1352 708 1516 773; x_wconf 88' lang='lat' dir='ltr'>palam</span> <span class='ocrx_word' id='word_1_45' title='bbox 1561 709 1861 775; x_wconf 88' lang='lat' dir='ltr'>increpitum</span> <span class='ocrx_word' id='word_1_46' title='bbox 1901 725 2054 761; x_wconf 90' lang='lat' dir='ltr'>causa</span> 
     </span>
    </p>
   </div>
   <div class='ocr_carea' id='block_1_9' title="bbox 232 783 2193 875">
    <p class='ocr_par' dir='ltr' id='par_1_9' title="bbox 232 783 2193 875">
     <span class='ocr_line' id='line_1_11' title="bbox 232 783 2193 875; baseline 0.001 -24"><span class='ocrx_word' id='word_1_47' title='bbox 232 799 369 851; x_wconf 83' lang='lat' dir='ltr'>exilii</span> <span class='ocrx_word' id='word_1_48' title='bbox 405 783 662 852; x_wconf 19' lang='lat' dir='ltr'>Salviano·</span> <span class='ocrx_word' id='word_1_49' title='bbox 687 800 794 850; x_wconf 88' lang='lat' dir='ltr'>suit.</span> <span class='ocrx_word' id='word_1_50' title='bbox 871 799 1080 852; x_wconf 84' lang='lat' dir='ltr'>Obiecta</span> <span class='ocrx_word' id='word_1_51' title='bbox 1119 798 1319 873; x_wconf 64' lang='lat' dir='ltr'>leice</span> <span class='ocrx_word' id='word_1_52' title='bbox 1346 799 1611 875; x_wconf 55' lang='lat' dir='ltr'>Cyzicenis</span> <span class='ocrx_word' id='word_1_53' title='bbox 1650 800 1848 852; x_wconf 88' lang='lat' dir='ltr'>incuria</span> <span class='ocrx_word' id='word_1_54' title='bbox 1886 801 2089 852; x_wconf 69' lang='lat' dir='ltr'>caefi-⁵</span> <span class='ocrx_word' id='word_1_55' title='bbox 2119 821 2193 865; x_wconf 48' lang='lat' dir='ltr'>gs</span> 
     </span>
    </p>
   </div>
   <div class='ocr_carea' id='block_1_10' title="bbox 231 888 2054 956">
    <p class='ocr_par' dir='ltr' id='par_1_10' title="bbox 231 888 2054 956">
     <span class='ocr_line' id='line_1_12' title="bbox 231 888 2054 956; baseline 0.001 -15"><span class='ocrx_word' id='word_1_56' title='bbox 231 888 511 941; x_wconf 83' lang='lat' dir='ltr'>moniarum</span> <span class='ocrx_word' id='word_1_57' title='bbox 537 890 639 940; x_wconf 92' lang='lat' dir='ltr'>divi</span> <span class='ocrx_word' id='word_1_58' title='bbox 665 889 900 956; x_wconf 83' lang='lat' dir='ltr'>Augusti,</span> <span class='ocrx_word' id='word_1_59' title='bbox 938 890 1124 941; x_wconf 87' lang='lat' dir='ltr'>additis</span> <span class='ocrx_word' id='word_1_60' title='bbox 1147 890 1420 942; x_wconf 90' lang='lat' dir='ltr'>violentiae</span> <span class='ocrx_word' id='word_1_61' title='bbox 1452 891 1747 943; x_wconf 85' lang='lat' dir='ltr'>criminibus</span> <span class='ocrx_word' id='word_1_62' title='bbox 1785 891 2054 945; x_wconf 90' lang='lat' dir='ltr'>adversum</span> 
     </span>
    </p>
   </div>
   <div class='ocr_carea' id='block_1_11' title="bbox 234 979 671 1033">
    <p class='ocr_par' dir='ltr' id='par_1_11' title="bbox 234 979 671 1033">
     <span class='ocr_line' id='line_1_13' title="bbox 234 979 671 1033; baseline 0.002 -3"><span class='ocrx_word' id='word_1_63' title='bbox 234 979 373 1031; x_wconf 86' lang='lat' dir='ltr'>cives</span> <span class='ocrx_word' id='word_1_64' title='bbox 398 981 671 1033; x_wconf 89' lang='lat' dir='ltr'>Romanos.</span> 
     </span>
    </p>
   </div>
   <div class='ocr_carea' id='block_1_12' title="bbox 745 980 2055 1046">
    <p class='ocr_par' dir='ltr' id='par_1_12' title="bbox 745 980 2055 1046">
     <span class='ocr_line' id='line_1_14' title="bbox 745 980 2055 1046; baseline 0.003 -15"><span class='ocrx_word' id='word_1_65' title='bbox 745 981 807 1031; x_wconf 91' lang='lat' dir='ltr'>Et</span> <span class='ocrx_word' id='word_1_66' title='bbox 834 981 1050 1032; x_wconf 91' lang='lat' dir='ltr'>amisere</span> <span class='ocrx_word' id='word_1_67' title='bbox 1086 980 1387 1045; x_wconf 91' lang='lat' dir='ltr'>libertatem,</span> <span class='ocrx_word' id='word_1_68' title='bbox 1420 995 1566 1046; x_wconf 90' lang='lat' dir='ltr'>quam</span> <span class='ocrx_word' id='word_1_69' title='bbox 1593 982 1726 1033; x_wconf 92' lang='lat' dir='ltr'>bello</span> <span class='ocrx_word' id='word_1_70' title='bbox 1752 983 2055 1035; x_wconf 89' lang='lat' dir='ltr'>Mithridatis</span> 
     </span>
    </p>
   </div>
   <div class='ocr_carea' id='block_1_13' title="bbox 233 1069 2059 1139">
    <p class='ocr_par' dir='ltr' id='par_1_13' title="bbox 233 1069 2059 1139">
     <span class='ocr_line' id='line_1_15' title="bbox 233 1069 2059 1139; baseline 0.003 -19"><span class='ocrx_word' id='word_1_71' title='bbox 233 1075 522 1122; x_wconf 89' lang='lat' dir='ltr'>meruerant</span> <span class='ocrx_word' id='word_1_72' title='bbox 561 1070 883 1122; x_wconf 88' lang='lat' dir='ltr'>circumsessi</span> <span class='ocrx_word' id='word_1_73' title='bbox 917 1085 1014 1121; x_wconf 88' lang='lat' dir='ltr'>nec</span> <span class='ocrx_word' id='word_1_74' title='bbox 1051 1069 1215 1120; x_wconf 91' lang='lat' dir='ltr'>minus</span> <span class='ocrx_word' id='word_1_75' title='bbox 1265 1085 1355 1121; x_wconf 92' lang='lat' dir='ltr'>sua</span> <span class='ocrx_word' id='word_1_76' title='bbox 1396 1073 1678 1123; x_wconf 87' lang='lat' dir='ltr'>constantia</span> <span class='ocrx_word' id='word_1_77' title='bbox 1721 1087 1868 1138; x_wconf 88' lang='lat' dir='ltr'>quam</span> <span class='ocrx_word' id='word_1_78' title='bbox 1904 1089 2059 1139; x_wconf 89' lang='lat' dir='ltr'>prae-</span> 
     </span>
    </p>
   </div>
   <div class='ocr_carea' id='block_1_14' title="bbox 1033 1160 2056 1230">
    <p class='ocr_par' dir='ltr' id='par_1_14' title="bbox 1033 1160 2056 1230">
     <span class='ocr_line' id='line_1_16' title="bbox 1033 1160 2056 1230; baseline 0.005 -20"><span class='ocrx_word' id='word_1_79' title='bbox 1033 1161 1101 1211; x_wconf 90' lang='lat' dir='ltr'>At</span> <span class='ocrx_word' id='word_1_80' title='bbox 1135 1160 1372 1211; x_wconf 86' lang='lat' dir='ltr'>Fonteius</span> <span class='ocrx_word' id='word_1_81' title='bbox 1409 1161 1617 1227; x_wconf 81' lang='lat' dir='ltr'>CapitO,</span> <span class='ocrx_word' id='word_1_82' title='bbox 1659 1163 1743 1228; x_wconf 90' lang='lat' dir='ltr'>qui</span> <span class='ocrx_word' id='word_1_83' title='bbox 1780 1163 2056 1230; x_wconf 87' lang='lat' dir='ltr'>proconsul</span> 
     </span>
    </p>
   </div>
   <div class='ocr_carea' id='block_1_15' title="bbox 192 1252 2126 1317">
    <p class='ocr_par' dir='ltr' id='par_1_15' title="bbox 192 1252 2126 1317">
     <span class='ocr_line' id='line_1_17' title="bbox 192 1252 2126 1317; baseline -0.001 -12"><span class='ocrx_word' id='word_1_84' title='bbox 192 1308 196 1312; x_wconf 66' lang='grc'>,</span> <span class='ocrx_word' id='word_1_85' title='bbox 235 1252 409 1305; x_wconf 85' lang='lat' dir='ltr'>Asiam</span> <span class='ocrx_word' id='word_1_86' title='bbox 447 1258 744 1317; x_wconf 79' lang='lat' dir='ltr'>curaverat,</span> <span class='ocrx_word' id='word_1_87' title='bbox 796 1252 1104 1316; x_wconf 84' lang='lat' dir='ltr'>absolvitur,</span> <span class='ocrx_word' id='word_1_88' title='bbox 1157 1256 1416 1317; x_wconf 88' lang='lat' dir='ltr'>comperto</span> <span class='ocrx_word' id='word_1_89' title='bbox 1454 1252 1567 1303; x_wconf 90' lang='lat' dir='ltr'>ficta</span> <span class='ocrx_word' id='word_1_90' title='bbox 1606 1253 1659 1303; x_wconf 92' lang='lat' dir='ltr'>in</span> <span class='ocrx_word' id='word_1_91' title='bbox 1696 1269 1808 1304; x_wconf 89' lang='lat' dir='ltr'>eum</span> <span class='ocrx_word' id='word_1_92' title='bbox 1848 1255 2126 1307; x_wconf 75' lang='lat' dir='ltr'>criminato</span> 
     </span>
    </p>
   </div>
   <div class='ocr_carea' id='block_1_16' title="bbox 234 1343 858 1410">
    <p class='ocr_par' dir='ltr' id='par_1_16' title="bbox 234 1343 858 1410">
     <span class='ocr_line' id='line_1_18' title="bbox 234 1343 858 1410; baseline -0.003 -14"><span class='ocrx_word' id='word_1_93' title='bbox 234 1358 327 1410; x_wconf 85' lang='lat' dir='ltr'>per</span> <span class='ocrx_word' id='word_1_94' title='bbox 361 1343 560 1396; x_wconf 85' lang='lat' dir='ltr'>Vibium</span> <span class='ocrx_word' id='word_1_95' title='bbox 597 1343 858 1397; x_wconf 89' lang='lat' dir='ltr'>Serenum.</span> 
     </span>
    </p>
   </div>
   <div class='ocr_carea' id='block_1_17' title="bbox 361 1544 698 1588">
    <p class='ocr_par' dir='ltr' id='par_1_17' title="bbox 361 1544 698 1588">
     <span class='ocr_line' id='line_1_19' title="bbox 361 1544 698 1588; baseline 0 0"><span class='ocrx_word' id='word_1_96' title='bbox 361 1545 399 1588; x_wconf 90' lang='lat'>1.</span> <span class='ocrx_word' id='word_1_97' title='bbox 432 1545 610 1588; x_wconf 82' lang='lat' dir='ltr'>reistam</span> <span class='ocrx_word' id='word_1_98' title='bbox 644 1544 698 1588; x_wconf 89' lang='grc' dir='ltr'>Μ.</span> 
     </span>
    </p>
   </div>
   <div class='ocr_carea' id='block_1_18' title="bbox 238 1716 1115 2481">
    <p class='ocr_par' dir='ltr' id='par_1_18' title="bbox 238 1716 1112 2249">
     <span class='ocr_line' id='line_1_20' title="bbox 238 1716 1107 1772; baseline -0.001 -12"><span class='ocrx_word' id='word_1_99' title='bbox 238 1730 339 1760; x_wconf 78' lang='lat' dir='ltr'>vero</span> <span class='ocrx_word' id='word_1_100' title='bbox 386 1716 576 1772; x_wconf 82' lang='lat' dir='ltr'>aliquam</span> <span class='ocrx_word' id='word_1_101' title='bbox 613 1718 881 1759; x_wconf 81' lang='lat' dir='ltr'>occasionem</span> <span class='ocrx_word' id='word_1_102' title='bbox 931 1719 1107 1761; x_wconf 88' lang='lat' dir='ltr'>mutatio</span> 
     </span>
     <span class='ocr_line' id='line_1_21' title="bbox 241 1776 1110 1834; baseline 0 -14"><span class='ocrx_word' id='word_1_103' title='bbox 241 1786 472 1833; x_wconf 84' lang='lat' dir='ltr'>temporum</span> <span class='ocrx_word' id='word_1_104' title='bbox 520 1776 660 1829; x_wconf 82' lang='lat' dir='ltr'>dedit,</span> <span class='ocrx_word' id='word_1_105' title='bbox 712 1777 929 1832; x_wconf 75' lang='lat' dir='ltr'>inqenium</span> <span class='ocrx_word' id='word_1_106' title='bbox 969 1779 1110 1834; x_wconf 81' lang='lat' dir='ltr'>patris</span> 
     </span>
     <span class='ocr_line' id='line_1_22' title="bbox 241 1836 1110 1894; baseline 0 -15"><span class='ocrx_word' id='word_1_107' title='bbox 241 1837 316 1888; x_wconf 86' lang='lat' dir='ltr'>tui,</span> <span class='ocrx_word' id='word_1_108' title='bbox 342 1836 391 1877; x_wconf 91' lang='lat' dir='ltr'>de</span> <span class='ocrx_word' id='word_1_109' title='bbox 418 1848 496 1890; x_wconf 83' lang='lat' dir='ltr'>quo</span> <span class='ocrx_word' id='word_1_110' title='bbox 516 1842 722 1891; x_wconf 79' lang='lat' dir='ltr'>sumptum</span> <span class='ocrx_word' id='word_1_111' title='bbox 745 1843 839 1878; x_wconf 80' lang='lat' dir='ltr'>erat</span> <span class='ocrx_word' id='word_1_112' title='bbox 858 1838 1110 1894; x_wconf 81' lang='lat' dir='ltr'>supplicium</span> 
     </span>
     <span class='ocr_line' id='line_1_23' title="bbox 243 1894 1109 1952; baseline 0 -14"><span class='ocrx_word' id='word_1_113' title='bbox 243 1895 418 1952; x_wconf 82' lang='lat' dir='ltr'>(irridet</span> <span class='ocrx_word' id='word_1_114' title='bbox 450 1895 574 1936; x_wconf 87' lang='lat' dir='ltr'>istam</span> <span class='ocrx_word' id='word_1_115' title='bbox 605 1894 814 1936; x_wconf 88' lang='lat' dir='ltr'>librorum</span> <span class='ocrx_word' id='word_1_116' title='bbox 838 1896 1109 1938; x_wconf 85' lang='lat' dir='ltr'>combustio-</span> 
     </span>
     <span class='ocr_line' id='line_1_24' title="bbox 242 1954 1108 2011; baseline 0.002 -15"><span class='ocrx_word' id='word_1_117' title='bbox 242 1958 383 2011; x_wconf 86' lang='lat' dir='ltr'>nem),</span> <span class='ocrx_word' id='word_1_118' title='bbox 414 1954 462 1994; x_wconf 88' lang='lat' dir='ltr'>in</span> <span class='ocrx_word' id='word_1_119' title='bbox 490 1968 610 1996; x_wconf 87' lang='lat' dir='ltr'>usum</span> <span class='ocrx_word' id='word_1_120' title='bbox 643 1954 858 1996; x_wconf 78' lang='lat' dir='ltr'>hominum</span> <span class='ocrx_word' id='word_1_121' title='bbox 887 1957 1108 2008; x_wconf 73' lang='lat' dir='ltr'>reduxisti,</span> 
     </span>
     <span class='ocr_line' id='line_1_25' title="bbox 245 2012 1109 2067; baseline -0.001 -10"><span class='ocrx_word' id='word_1_122' title='bbox 245 2022 284 2057; x_wconf 87' lang='lat' dir='ltr'>et</span> <span class='ocrx_word' id='word_1_123' title='bbox 331 2027 358 2054; x_wconf 90' lang='lat' dir='ltr'>a</span> <span class='ocrx_word' id='word_1_124' title='bbox 396 2026 502 2054; x_wconf 84' lang='lat' dir='ltr'>vera</span> <span class='ocrx_word' id='word_1_125' title='bbox 541 2012 662 2054; x_wconf 87' lang='lat' dir='ltr'>illum</span> <span class='ocrx_word' id='word_1_126' title='bbox 702 2014 932 2057; x_wconf 78' lang='lat' dir='ltr'>vindicasti</span> <span class='ocrx_word' id='word_1_127' title='bbox 960 2022 1109 2067; x_wconf 84' lang='lat' dir='ltr'>morte,</span> 
     </span>
     <span class='ocr_line' id='line_1_26' title="bbox 244 2071 1112 2127; baseline 0.001 -12"><span class='ocrx_word' id='word_1_128' title='bbox 244 2088 298 2115; x_wconf 88' lang='lat' dir='ltr'>ac</span> <span class='ocrx_word' id='word_1_129' title='bbox 328 2072 550 2114; x_wconf 72' lang='lat' dir='ltr'>restituisti</span> <span class='ocrx_word' id='word_1_130' title='bbox 575 2073 622 2113; x_wconf 89' lang='lat' dir='ltr'>in</span> <span class='ocrx_word' id='word_1_131' title='bbox 644 2071 820 2127; x_wconf 82' lang='lat' dir='ltr'>publica</span> <span class='ocrx_word' id='word_1_132' title='bbox 840 2082 1112 2116; x_wconf 87' lang='lat' dir='ltr'>monumenta</span> 
     </span>
     <span class='ocr_line' id='line_1_27' title="bbox 246 2130 1112 2186; baseline 0.002 -12"><span class='ocrx_word' id='word_1_133' title='bbox 246 2133 393 2184; x_wconf 81' lang='lat' dir='ltr'>libros,</span> <span class='ocrx_word' id='word_1_134' title='bbox 427 2144 527 2186; x_wconf 82' lang='lat' dir='ltr'>quos</span> <span class='ocrx_word' id='word_1_135' title='bbox 543 2132 611 2172; x_wconf 80' lang='lat' dir='ltr'>vir</span> <span class='ocrx_word' id='word_1_136' title='bbox 634 2130 706 2172; x_wconf 90' lang='lat' dir='ltr'>ille</span> <span class='ocrx_word' id='word_1_137' title='bbox 727 2133 983 2186; x_wconf 82' lang='lat' dir='ltr'>fortissimus</span> <span class='ocrx_word' id='word_1_138' title='bbox 1004 2147 1112 2175; x_wconf 86' lang='lat' dir='ltr'>san-</span> 
     </span>
     <span class='ocr_line' id='line_1_28' title="bbox 243 2190 758 2249; baseline -0.002 -16"><span class='ocrx_word' id='word_1_139' title='bbox 243 2192 372 2249; x_wconf 67' lang='lat' dir='ltr'>quine</span> <span class='ocrx_word' id='word_1_140' title='bbox 403 2203 477 2231; x_wconf 86' lang='lat' dir='ltr'>suo</span> <span class='ocrx_word' id='word_1_141' title='bbox 513 2190 758 2245; x_wconf 75' lang='lat' dir='ltr'>scripserat.</span> 
     </span>
    </p>

    <p class='ocr_par' dir='ltr' id='par_1_19' title="bbox 241 2248 1115 2481">
     <span class='ocr_line' id='line_1_29' title="bbox 345 2248 1111 2305; baseline 0.001 -15"><span class='ocrx_word' id='word_1_142' title='bbox 345 2248 449 2302; x_wconf 88' lang='lat' dir='ltr'>Cap.</span> <span class='ocrx_word' id='word_1_143' title='bbox 499 2248 570 2291; x_wconf 82' lang='lat'>36.</span> <span class='ocrx_word' id='word_1_144' title='bbox 634 2250 890 2305; x_wconf 80' lang='lat' dir='ltr'>auspicandi</span> <span class='ocrx_word' id='word_1_145' title='bbox 933 2251 1111 2305; x_wconf 71' lang='lat' dir='ltr'>qratia.-</span> 
     </span>
     <span class='ocr_line' id='line_1_30' title="bbox 241 2309 1115 2364; baseline 0.001 -14"><span class='ocrx_word' id='word_1_146' title='bbox 241 2309 416 2360; x_wconf 86' lang='lat' dir='ltr'>‘moris‚</span> <span class='ocrx_word' id='word_1_147' title='bbox 463 2313 511 2347; x_wconf 93' lang='lat' dir='ltr'>ut</span> <span class='ocrx_word' id='word_1_148' title='bbox 547 2309 798 2364; x_wconf 84' lang='lat' dir='ltr'>quicunque</span> <span class='ocrx_word' id='word_1_149' title='bbox 844 2322 999 2351; x_wconf 87' lang='lat' dir='ltr'>munus</span> <span class='ocrx_word' id='word_1_150' title='bbox 1040 2317 1115 2352; x_wconf 89' lang='lat' dir='ltr'>aut</span> 
     </span>
     <span class='ocr_line' id='line_1_31' title="bbox 247 2369 1114 2427; baseline 0.002 -18"><span class='ocrx_word' id='word_1_151' title='bbox 247 2369 545 2427; x_wconf 81' lang='lat' dir='ltr'>magistratum</span> <span class='ocrx_word' id='word_1_152' title='bbox 579 2374 811 2420; x_wconf 85' lang='lat' dir='ltr'>caperent,</span> <span class='ocrx_word' id='word_1_153' title='bbox 846 2370 982 2421; x_wconf 89' lang='lat' dir='ltr'>primo</span> <span class='ocrx_word' id='word_1_154' title='bbox 1017 2369 1114 2411; x_wconf 89' lang='lat' dir='ltr'>eius</span> 
     </span>
     <span class='ocr_line' id='line_1_32' title="bbox 250 2425 1113 2481; baseline -0.003 -13"><span class='ocrx_word' id='word_1_155' title='bbox 250 2426 320 2468; x_wconf 90' lang='lat' dir='ltr'>dic</span> <span class='ocrx_word' id='word_1_156' title='bbox 352 2425 511 2468; x_wconf 87' lang='lat' dir='ltr'>leviter</span> <span class='ocrx_word' id='word_1_157' title='bbox 542 2425 708 2480; x_wconf 87' lang='lat' dir='ltr'>aliquid</span> <span class='ocrx_word' id='word_1_158' title='bbox 740 2426 998 2481; x_wconf 78' lang='lat' dir='ltr'>delibarem,</span> <span class='ocrx_word' id='word_1_159' title='bbox 1033 2441 1113 2469; x_wconf 90' lang='lat' dir='ltr'>au..</span> 
     </span>
    </p>
   </div>
   <div class='ocr_carea' id='block_1_19' title="bbox 247 2484 1115 2540">
    <p class='ocr_par' dir='ltr' id='par_1_20' title="bbox 206 2484 1115 2546">
     <span class='ocr_line' id='line_1_33' title="bbox 247 2484 1115 2540; baseline 0.002 -12.91"><span class='ocrx_word' id='word_1_160' title='bbox 247 2485 374 2540; x_wconf 90' lang='lat' dir='ltr'>spicii</span> <span class='ocrx_word' id='word_1_161' title='bbox 406 2485 559 2527; x_wconf 80' lang='lat' dir='ltr'>saltem</span> <span class='ocrx_word' id='word_1_162' title='bbox 594 2484 750 2527; x_wconf 87' lang='lat' dir='ltr'>causa&#39;.</span> <span class='ocrx_word' id='word_1_163' title='bbox 795 2485 986 2529; x_wconf 72' lang='lat' dir='ltr'>Lipsius.</span> <span class='ocrx_word' id='word_1_164' title='bbox 1048 2487 1115 2529; x_wconf 88' lang='lat' dir='ltr'>Ad</span> 
     </span>
    </p>
   </div>
   <div class='ocr_carea' id='block_1_20' title="bbox 243 2543 1126 3707">
    <p class='ocr_par' dir='ltr' id='par_1_21' title="bbox 243 2543 1120 3176">
     <span class='ocr_line' id='line_1_34' title="bbox 243 2543 1114 2598; baseline -0.002 -13"><span class='ocrx_word' id='word_1_165' title='bbox 243 2543 496 2586; x_wconf 74' lang='lat' dir='ltr'>firmandam</span> <span class='ocrx_word' id='word_1_166' title='bbox 528 2543 639 2585; x_wconf 87' lang='lat' dir='ltr'>hanc</span> <span class='ocrx_word' id='word_1_167' title='bbox 672 2545 1012 2598; x_wconf 86' lang='lat' dir='ltr'>explicationem</span> <span class='ocrx_word' id='word_1_168' title='bbox 1046 2552 1114 2587; x_wconf 89' lang='lat' dir='ltr'>at..</span> 
     </span>
     <span class='ocr_line' id='line_1_35' title="bbox 248 2602 1112 2647; baseline 0.002 -3"><span class='ocrx_word' id='word_1_169' title='bbox 248 2603 348 2646; x_wconf 86' lang='lat' dir='ltr'>tulit</span> <span class='ocrx_word' id='word_1_170' title='bbox 377 2604 443 2645; x_wconf 88' lang='lat' dir='ltr'>vir</span> <span class='ocrx_word' id='word_1_171' title='bbox 465 2602 658 2644; x_wconf 88' lang='lat' dir='ltr'>eruditus</span> <span class='ocrx_word' id='word_1_172' title='bbox 679 2602 1112 2647; x_wconf 89' lang='lat' dir='ltr'>Pseudo-Asconium</span> 
     </span>
     <span class='ocr_line' id='line_1_36' title="bbox 250 2661 1114 2717; baseline 0 -12"><span class='ocrx_word' id='word_1_173' title='bbox 250 2662 304 2705; x_wconf 86' lang='lat' dir='ltr'>ad</span> <span class='ocrx_word' id='word_1_174' title='bbox 335 2661 426 2705; x_wconf 89' lang='lat' dir='ltr'>Cic.</span> <span class='ocrx_word' id='word_1_175' title='bbox 462 2663 506 2702; x_wconf 92' lang='lat' dir='ltr'>in</span> <span class='ocrx_word' id='word_1_176' title='bbox 539 2662 662 2705; x_wconf 86' lang='lat' dir='ltr'>Verr.</span> <span class='ocrx_word' id='word_1_177' title='bbox 700 2662 775 2704; x_wconf 90' lang='lat' dir='ltr'>lib.</span> <span class='ocrx_word' id='word_1_178' title='bbox 812 2663 827 2705; x_wconf 95' lang='lat'>1</span> <span class='ocrx_word' id='word_1_179' title='bbox 857 2665 938 2717; x_wconf 80' lang='lat'>40,</span> <span class='ocrx_word' id='word_1_180' title='bbox 972 2665 1114 2706; x_wconf 88' lang='lat' dir='ltr'>Pane-</span> 
     </span>
     <span class='ocr_line' id='line_1_37' title="bbox 251 2721 1114 2777; baseline 0.003 -15"><span class='ocrx_word' id='word_1_181' title='bbox 251 2722 446 2777; x_wconf 82' lang='lat' dir='ltr'>gyristen</span> <span class='ocrx_word' id='word_1_182' title='bbox 471 2721 717 2763; x_wconf 86' lang='lat' dir='ltr'>Maximiani</span> <span class='ocrx_word' id='word_1_183' title='bbox 739 2722 780 2775; x_wconf 89' lang='lat'>6,</span> <span class='ocrx_word' id='word_1_184' title='bbox 807 2723 985 2766; x_wconf 91' lang='lat' dir='ltr'>Sueton.</span> <span class='ocrx_word' id='word_1_185' title='bbox 1014 2724 1114 2766; x_wconf 86' lang='lat' dir='ltr'>Ner.</span> 
     </span>
     <span class='ocr_line' id='line_1_38' title="bbox 253 2779 1113 2835; baseline 0.001 -12"><span class='ocrx_word' id='word_1_186' title='bbox 253 2781 275 2823; x_wconf 91' lang='lat'>7</span> <span class='ocrx_word' id='word_1_187' title='bbox 311 2785 353 2822; x_wconf 82' lang='lat' dir='ltr'>et</span> <span class='ocrx_word' id='word_1_188' title='bbox 383 2779 455 2831; x_wconf 84' lang='lat'>46,</span> <span class='ocrx_word' id='word_1_189' title='bbox 489 2779 748 2822; x_wconf 79' lang='lat' dir='ltr'>Ovid.Fast.</span> <span class='ocrx_word' id='word_1_190' title='bbox 783 2779 801 2821; x_wconf 94' lang='lat'>1</span> <span class='ocrx_word' id='word_1_191' title='bbox 836 2781 932 2835; x_wconf 82' lang='lat'>167,</span> <span class='ocrx_word' id='word_1_192' title='bbox 958 2784 1113 2824; x_wconf 86' lang='lat' dir='ltr'>Senec.</span> 
     </span>
     <span class='ocr_line' id='line_1_39' title="bbox 251 2838 1116 2894; baseline 0.001 -14"><span class='ocrx_word' id='word_1_193' title='bbox 251 2838 389 2893; x_wconf 84' lang='lat' dir='ltr'>Epist.</span> <span class='ocrx_word' id='word_1_194' title='bbox 429 2839 488 2880; x_wconf 84' lang='lat'>84</span> <span class='ocrx_word' id='word_1_195' title='bbox 531 2839 651 2894; x_wconf 85' lang='lat'>(83).</span> <span class='ocrx_word' id='word_1_196' title='bbox 716 2838 796 2880; x_wconf 77' lang='lat' dir='ltr'>illa</span> <span class='ocrx_word' id='word_1_197' title='bbox 836 2840 956 2882; x_wconf 86' lang='lat' dir='ltr'>Sexti</span> <span class='ocrx_word' id='word_1_198' title='bbox 995 2842 1116 2883; x_wconf 85' lang='lat' dir='ltr'>Marii</span> 
     </span>
     <span class='ocr_line' id='line_1_40' title="bbox 255 2896 1116 2951; baseline 0 -13"><span class='ocrx_word' id='word_1_199' title='bbox 255 2896 490 2951; x_wconf 83' lang='lat' dir='ltr'>postulatio</span> <span class='ocrx_word' id='word_1_200' title='bbox 539 2909 616 2949; x_wconf 87' lang='lat' dir='ltr'>pro</span> <span class='ocrx_word' id='word_1_201' title='bbox 660 2897 774 2938; x_wconf 88' lang='lat' dir='ltr'>malo</span> <span class='ocrx_word' id='word_1_202' title='bbox 818 2900 963 2941; x_wconf 89' lang='lat' dir='ltr'>omine</span> <span class='ocrx_word' id='word_1_203' title='bbox 1010 2906 1116 2951; x_wconf 85' lang='lat' dir='ltr'>erat,</span> 
     </span>
     <span class='ocr_line' id='line_1_41' title="bbox 256 2953 1118 3009; baseline 0.003 -13"><span class='ocrx_word' id='word_1_204' title='bbox 256 2954 443 3009; x_wconf 83' lang='lat' dir='ltr'>ideoque</span> <span class='ocrx_word' id='word_1_205' title='bbox 475 2953 670 2995; x_wconf 84' lang='lat' dir='ltr'>Tiberius</span> <span class='ocrx_word' id='word_1_206' title='bbox 691 2956 888 3009; x_wconf 85' lang='lat' dir='ltr'>pontifex</span> <span class='ocrx_word' id='word_1_207' title='bbox 909 2960 1118 3000; x_wconf 84' lang='lat' dir='ltr'>maximus</span> 
     </span>
     <span class='ocr_line' id='line_1_42' title="bbox 257 3014 1118 3072; baseline 0.005 -17"><span class='ocrx_word' id='word_1_208' title='bbox 257 3014 525 3067; x_wconf 83' lang='lat' dir='ltr'>increpuisse</span> <span class='ocrx_word' id='word_1_209' title='bbox 548 3026 640 3054; x_wconf 86' lang='lat' dir='ltr'>eam</span> <span class='ocrx_word' id='word_1_210' title='bbox 663 3014 849 3056; x_wconf 86' lang='lat' dir='ltr'>videtur.</span> <span class='ocrx_word' id='word_1_211' title='bbox 899 3017 963 3059; x_wconf 93' lang='lat' dir='ltr'>De</span> <span class='ocrx_word' id='word_1_212' title='bbox 987 3030 1118 3072; x_wconf 86' lang='lat' dir='ltr'>prae-</span> 
     </span>
     <span class='ocr_line' id='line_1_43' title="bbox 255 3070 1120 3118; baseline 0.005 -4"><span class='ocrx_word' id='word_1_213' title='bbox 255 3074 422 3114; x_wconf 83' lang='lat' dir='ltr'>fectura</span> <span class='ocrx_word' id='word_1_214' title='bbox 453 3070 571 3115; x_wconf 89' lang='lat' dir='ltr'>urbis</span> <span class='ocrx_word' id='word_1_215' title='bbox 602 3074 716 3115; x_wconf 81' lang='lat' dir='ltr'>conf.</span> <span class='ocrx_word' id='word_1_216' title='bbox 754 3073 809 3115; x_wconf 94' lang='lat' dir='ltr'>Vl</span> <span class='ocrx_word' id='word_1_217' title='bbox 844 3076 909 3118; x_wconf 90' lang='grc'>11.</span> <span class='ocrx_word' id='word_1_218' title='bbox 956 3076 1120 3118; x_wconf 78' lang='lat' dir='ltr'>Drusus</span> 
     </span>
     <span class='ocr_line' id='line_1_44' title="bbox 258 3129 765 3176; baseline 0.002 -3"><span class='ocrx_word' id='word_1_219' title='bbox 258 3137 323 3173; x_wconf 85' lang='lat' dir='ltr'>est</span> <span class='ocrx_word' id='word_1_220' title='bbox 356 3131 471 3172; x_wconf 81' lang='lat' dir='ltr'>tilius</span> <span class='ocrx_word' id='word_1_221' title='bbox 507 3129 765 3176; x_wconf 84' lang='lat' dir='ltr'>Germanici.</span> 
     </span>
    </p>

    <p class='ocr_par' dir='ltr' id='par_1_22' title="bbox 257 3189 1126 3707">
     <span class='ocr_line' id='line_1_45' title="bbox 347 3189 1119 3247; baseline 0.001 -17"><span class='ocrx_word' id='word_1_222' title='bbox 347 3189 514 3245; x_wconf 79' lang='lat' dir='ltr'>publice</span> <span class='ocrx_word' id='word_1_223' title='bbox 538 3190 784 3245; x_wconf 74' lang='lat' dir='ltr'>Cyzicenis:</span> <span class='ocrx_word' id='word_1_224' title='bbox 817 3191 859 3233; x_wconf 90' lang='lat' dir='ltr'>h.</span> <span class='ocrx_word' id='word_1_225' title='bbox 885 3205 924 3233; x_wconf 87' lang='lat' dir='ltr'>e.</span> <span class='ocrx_word' id='word_1_226' title='bbox 959 3191 1119 3247; x_wconf 75' lang='lat' dir='ltr'>populo</span> 
     </span>
     <span class='ocr_line' id='line_1_46' title="bbox 260 3245 1122 3304; baseline 0.007 -16"><span class='ocrx_word' id='word_1_227' title='bbox 260 3246 760 3304; x_wconf 29' lang='lat' dir='ltr'>szicenohggiqffiwffi</span> <span class='ocrx_word' id='word_1_228' title='bbox 793 3251 886 3294; x_wconf 80' lang='grc' dir='ltr'>τῶν</span> <span class='ocrx_word' id='word_1_229' title='bbox 917 3245 1122 3302; x_wconf 61' lang='grc' dir='ltr'><strong><em>Ῐῗῦζιῖἧ-</em></strong></span> 
     </span>
     <span class='ocr_line' id='line_1_47' title="bbox 258 3301 1122 3363; baseline 0.001 -15"><span class='ocrx_word' id='word_1_230' title='bbox 258 3310 374 3363; x_wconf 55' lang='lat' dir='ltr'>gq&#39;e&#39;y.</span> <span class='ocrx_word' id='word_1_231' title='bbox 434 3306 666 3349; x_wconf 88' lang='lat' dir='ltr'>Suetonius</span> <span class='ocrx_word' id='word_1_232' title='bbox 699 3310 743 3349; x_wconf 91' lang='lat' dir='ltr'>in</span> <span class='ocrx_word' id='word_1_233' title='bbox 789 3301 1006 3352; x_wconf 47' lang='lat' dir='ltr'>[iber&#39;s3&#39;7</span> <span class='ocrx_word' id='word_1_234' title='bbox 1039 3304 1122 3350; x_wconf 62' lang='lat' dir='ltr'>Ta:</span> 
     </span>
     <span class='ocr_line' id='line_1_48' title="bbox 260 3364 1121 3422; baseline 0.002 -16"><span class='ocrx_word' id='word_1_235' title='bbox 260 3366 334 3406; x_wconf 85' lang='lat' dir='ltr'>citi</span> <span class='ocrx_word' id='word_1_236' title='bbox 376 3364 510 3406; x_wconf 87' lang='lat' dir='ltr'>verba</span> <span class='ocrx_word' id='word_1_237' title='bbox 551 3366 761 3408; x_wconf 87' lang='lat' dir='ltr'>nonnulla</span> <span class='ocrx_word' id='word_1_238' title='bbox 793 3366 903 3421; x_wconf 87' lang='lat' dir='ltr'>(vid.</span> <span class='ocrx_word' id='word_1_239' title='bbox 937 3367 990 3408; x_wconf 85' lang='lat' dir='ltr'>ad</span> <span class='ocrx_word' id='word_1_240' title='bbox 1022 3367 1038 3408; x_wconf 91' lang='lat' dir='ltr'>l</span> <span class='ocrx_word' id='word_1_241' title='bbox 1073 3368 1121 3422; x_wconf 83' lang='lat'>5)</span> 
     </span>
     <span class='ocr_line' id='line_1_49' title="bbox 261 3424 1125 3478; baseline -0.001 -12"><span class='ocrx_word' id='word_1_242' title='bbox 261 3426 498 3478; x_wconf 85' lang='lat' dir='ltr'>expressit:</span> <span class='ocrx_word' id='word_1_243' title='bbox 548 3424 767 3478; x_wconf 76' lang='lat' dir='ltr'>Cyzicenis</span> <span class='ocrx_word' id='word_1_244' title='bbox 797 3426 844 3465; x_wconf 88' lang='lat' dir='ltr'>in</span> <span class='ocrx_word' id='word_1_245' title='bbox 869 3426 1000 3467; x_wconf 83' lang='lat' dir='ltr'>‘cives</span> <span class='ocrx_word' id='word_1_246' title='bbox 1032 3427 1125 3467; x_wconf 84' lang='lat' dir='ltr'>Ro-</span> 
     </span>
     <span class='ocr_line' id='line_1_50' title="bbox 258 3481 1125 3537; baseline -0.002 -12"><span class='ocrx_word' id='word_1_247' title='bbox 258 3497 408 3525; x_wconf 84' lang='lat' dir='ltr'>manos</span> <span class='ocrx_word' id='word_1_248' title='bbox 459 3481 695 3524; x_wconf 81' lang='lat' dir='ltr'>violentius&#39;</span> <span class='ocrx_word' id='word_1_249' title='bbox 749 3483 956 3537; x_wconf 83' lang='lat' dir='ltr'>quaedam</span> <span class='ocrx_word' id='word_1_250' title='bbox 1011 3484 1125 3525; x_wconf 86' lang='lat' dir='ltr'>ausis</span> 
     </span>
     <span class='ocr_line' id='line_1_51' title="bbox 257 3541 1126 3598; baseline -0.002 -15"><span class='ocrx_word' id='word_1_251' title='bbox 257 3541 450 3597; x_wconf 77' lang='lat' dir='ltr'>‘publice&#39;</span> <span class='ocrx_word' id='word_1_252' title='bbox 488 3541 724 3583; x_wconf 76' lang='lat' dir='ltr'>libertatem</span> <span class='ocrx_word' id='word_1_253' title='bbox 766 3543 946 3592; x_wconf 85' lang='lat' dir='ltr'>ademit,</span> <span class='ocrx_word' id='word_1_254' title='bbox 983 3544 1126 3598; x_wconf 83' lang='lat' dir='ltr'>‘quam</span> 
     </span>
     <span class='ocr_line' id='line_1_52' title="bbox 265 3600 1123 3646; baseline 0.005 -4"><span class='ocrx_word' id='word_1_255' title='bbox 265 3600 556 3643; x_wconf 81' lang='lat' dir='ltr'>Mithridatico</span> <span class='ocrx_word' id='word_1_256' title='bbox 590 3601 695 3644; x_wconf 84' lang='lat' dir='ltr'>bello</span> <span class='ocrx_word' id='word_1_257' title='bbox 734 3600 1011 3645; x_wconf 83' lang='lat' dir='ltr'>meruerant&#39;.</span> <span class='ocrx_word' id='word_1_258' title='bbox 1057 3600 1123 3646; x_wconf 74' lang='lat' dir='ltr'>Of.</span> 
     </span>
     <span class='ocr_line' id='line_1_53' title="bbox 264 3657 595 3707; baseline -0.003 -3"><span class='ocrx_word' id='word_1_259' title='bbox 264 3657 347 3704; x_wconf 78' lang='lat' dir='ltr'>Dio</span> <span class='ocrx_word' id='word_1_260' title='bbox 377 3659 493 3706; x_wconf 82' lang='lat' dir='ltr'>Lvll</span> <span class='ocrx_word' id='word_1_261' title='bbox 523 3662 595 3707; x_wconf 76' lang='lat'>24.</span> 
     </span>
    </p>
   </div>
   <div class='ocr_carea' id='block_1_21' title="bbox 771 1542 1126 1602">
    <p class='ocr_par' dir='ltr' id='par_1_23' title="bbox 771 1542 1126 1602">
     <span class='ocr_line' id='line_1_54' title="bbox 771 1542 1126 1602; baseline -0.008 -14"><span class='ocrx_word' id='word_1_262' title='bbox 771 1545 812 1588; x_wconf 79' lang='lat'>5.</span> <span class='ocrx_word' id='word_1_263' title='bbox 842 1543 1041 1602; x_wconf 80' lang='lat' dir='ltr'>publicae</span> <span class='ocrx_word' id='word_1_264' title='bbox 1072 1542 1126 1586; x_wconf 88' lang='grc' dir='ltr'>Μ.</span> 
     </span>
    </p>
   </div>
   <div class='ocr_carea' id='block_1_22' title="bbox 949 1342 2059 1412">
    <p class='ocr_par' dir='ltr' id='par_1_24' title="bbox 949 1342 2059 1412">
     <span class='ocr_line' id='line_1_55' title="bbox 949 1342 2059 1412; baseline -0.001 -14"><span class='ocrx_word' id='word_1_265' title='bbox 949 1344 1124 1409; x_wconf 89' lang='lat' dir='ltr'>Neque</span> <span class='ocrx_word' id='word_1_266' title='bbox 1174 1348 1342 1395; x_wconf 91' lang='lat' dir='ltr'>tamen</span> <span class='ocrx_word' id='word_1_267' title='bbox 1399 1342 1449 1394; x_wconf 92' lang='lat' dir='ltr'>id</span> <span class='ocrx_word' id='word_1_268' title='bbox 1489 1342 1681 1396; x_wconf 89' lang='lat' dir='ltr'>Sereno</span> <span class='ocrx_word' id='word_1_269' title='bbox 1733 1359 1900 1398; x_wconf 84' lang='lat' dir='ltr'>noxae</span> <span class='ocrx_word' id='word_1_270' title='bbox 1951 1346 2059 1412; x_wconf 90' lang='lat' dir='ltr'>suit,</span> 
     </span>
    </p>
   </div>
   <div class='ocr_carea' id='block_1_23' title="bbox 1193 1543 1944 1601">
    <p class='ocr_par' dir='ltr' id='par_1_25' title="bbox 1193 1543 1944 1601">
     <span class='ocr_line' id='line_1_56' title="bbox 1193 1543 1944 1601; baseline 0.003 -15"><span class='ocrx_word' id='word_1_271' title='bbox 1193 1543 1232 1586; x_wconf 86' lang='lat'>7.</span> <span class='ocrx_word' id='word_1_272' title='bbox 1269 1557 1389 1598; x_wconf 84' lang='lat' dir='ltr'>quem</span> <span class='ocrx_word' id='word_1_273' title='bbox 1419 1543 1474 1586; x_wconf 89' lang='lat' dir='ltr'>M.</span> <span class='ocrx_word' id='word_1_274' title='bbox 1553 1545 1621 1588; x_wconf 87' lang='lat'>10.</span> <span class='ocrx_word' id='word_1_275' title='bbox 1656 1551 1857 1601; x_wconf 76' lang='lat' dir='ltr'>conperto</span> <span class='ocrx_word' id='word_1_276' title='bbox 1890 1545 1944 1588; x_wconf 87' lang='lat' dir='ltr'>M.</span> 
     </span>
    </p>
   </div>
   <div class='ocr_carea' id='block_1_24' title="bbox 1193 1715 2079 3664">
    <p class='ocr_par' dir='ltr' id='par_1_26' title="bbox 1193 1715 2069 2470">
     <span class='ocr_line' id='line_1_57' title="bbox 1251 1715 2064 1758; baseline 0.001 -1"><span class='ocrx_word' id='word_1_277' title='bbox 1251 1717 1433 1758; x_wconf 81' lang='lat' dir='ltr'>amisere</span> <span class='ocrx_word' id='word_1_278' title='bbox 1459 1716 1720 1758; x_wconf 80' lang='lat' dir='ltr'>libertatem.-</span> <span class='ocrx_word' id='word_1_279' title='bbox 1743 1715 1932 1757; x_wconf 88' lang='lat' dir='ltr'>nondum</span> <span class='ocrx_word' id='word_1_280' title='bbox 1954 1717 2064 1758; x_wconf 89' lang='lat' dir='ltr'>ami-</span> 
     </span>
     <span class='ocr_line' id='line_1_58' title="bbox 1193 1774 2065 1832; baseline 0 -16"><span class='ocrx_word' id='word_1_281' title='bbox 1193 1782 1354 1828; x_wconf 87' lang='lat' dir='ltr'>serant,</span> <span class='ocrx_word' id='word_1_282' title='bbox 1379 1789 1475 1818; x_wconf 91' lang='lat' dir='ltr'>cum</span> <span class='ocrx_word' id='word_1_283' title='bbox 1494 1775 1647 1819; x_wconf 91' lang='lat' dir='ltr'>Strabo</span> <span class='ocrx_word' id='word_1_284' title='bbox 1662 1774 2065 1832; x_wconf 86' lang='lat' dir='ltr'>Geographicorum</span> 
     </span>
     <span class='ocr_line' id='line_1_59' title="bbox 1193 1833 2064 1876; baseline -0.002 -1"><span class='ocrx_word' id='word_1_285' title='bbox 1193 1845 1368 1876; x_wconf 86' lang='lat' dir='ltr'>suorum</span> <span class='ocrx_word' id='word_1_286' title='bbox 1408 1834 1565 1876; x_wconf 89' lang='lat' dir='ltr'>librum</span> <span class='ocrx_word' id='word_1_287' title='bbox 1613 1833 1918 1876; x_wconf 85' lang='lat' dir='ltr'>duodecimum</span> <span class='ocrx_word' id='word_1_288' title='bbox 1951 1835 2064 1876; x_wconf 86' lang='lat' dir='ltr'>scri-</span> 
     </span>
     <span class='ocr_line' id='line_1_60' title="bbox 1193 1893 2068 1954; baseline 0.005 -20"><span class='ocrx_word' id='word_1_289' title='bbox 1193 1896 1303 1948; x_wconf 88' lang='lat' dir='ltr'>psit,</span> <span class='ocrx_word' id='word_1_290' title='bbox 1349 1893 1424 1935; x_wconf 91' lang='lat' dir='ltr'>ubi</span> <span class='ocrx_word' id='word_1_291' title='bbox 1470 1908 1507 1936; x_wconf 91' lang='lat' dir='ltr'>c.</span> <span class='ocrx_word' id='word_1_292' title='bbox 1549 1895 1578 1936; x_wconf 89' lang='lat'>8</span> <span class='ocrx_word' id='word_1_293' title='bbox 1622 1895 1669 1945; x_wconf 65' lang='grc' dir='ltr'>δ.</span> <span class='ocrx_word' id='word_1_294' title='bbox 1714 1895 1796 1935; x_wconf 85' lang='grc'>11;</span> <span class='ocrx_word' id='word_1_295' title='bbox 1845 1894 2068 1954; x_wconf 81' lang='grc' dir='ltr'>Ῥωμαῖοι</span> 
     </span>
     <span class='ocr_line' id='line_1_61' title="bbox 1196 1947 2066 2012; baseline 0 -15"><span class='ocrx_word' id='word_1_296' title='bbox 1196 1954 1463 2012; x_wconf 71' lang='grc' dir='ltr'><em>δ’ἐτίμησαν</em></span> <span class='ocrx_word' id='word_1_297' title='bbox 1496 1947 1577 2007; x_wconf 67' lang='grc' dir='ltr'>τὴν</span> <span class='ocrx_word' id='word_1_298' title='bbox 1609 1954 1776 2005; x_wconf 78' lang='grc' dir='ltr'><em>πόλιν,</em></span> <span class='ocrx_word' id='word_1_299' title='bbox 1818 1957 1896 1996; x_wconf 80' lang='grc' dir='ltr'>καὶ</span> <span class='ocrx_word' id='word_1_300' title='bbox 1936 1956 2066 1998; x_wconf 81' lang='grc' dir='ltr'><em>ἔστιν</em></span> 
     </span>
     <span class='ocr_line' id='line_1_62' title="bbox 1196 2012 2066 2070; baseline -0.005 -13"><span class='ocrx_word' id='word_1_301' title='bbox 1196 2014 1419 2070; x_wconf 72' lang='grc' dir='ltr'>ἐλευθέρα</span> <span class='ocrx_word' id='word_1_302' title='bbox 1466 2018 1604 2070; x_wconf 78' lang='grc' dir='ltr'><em>μέχρι</em></span> <span class='ocrx_word' id='word_1_303' title='bbox 1649 2016 1761 2064; x_wconf 75' lang='grc' dir='ltr'>νῦν,</span> <span class='ocrx_word' id='word_1_304' title='bbox 1824 2018 1908 2054; x_wconf 88' lang='lat' dir='ltr'>eet.</span> <span class='ocrx_word' id='word_1_305' title='bbox 1969 2012 2066 2054; x_wconf 84' lang='lat' dir='ltr'>Non</span> 
     </span>
     <span class='ocr_line' id='line_1_63' title="bbox 1194 2071 2066 2113; baseline 0.001 -1"><span class='ocrx_word' id='word_1_306' title='bbox 1194 2072 1377 2112; x_wconf 86' lang='lat' dir='ltr'>mirum:</span> <span class='ocrx_word' id='word_1_307' title='bbox 1405 2071 1660 2113; x_wconf 89' lang='lat' dir='ltr'>Strabonem</span> <span class='ocrx_word' id='word_1_308' title='bbox 1687 2072 1802 2112; x_wconf 89' lang='lat' dir='ltr'>enim</span> <span class='ocrx_word' id='word_1_309' title='bbox 1822 2071 2066 2113; x_wconf 89' lang='lat' dir='ltr'>decessisse</span> 
     </span>
     <span class='ocr_line' id='line_1_64' title="bbox 1196 2128 2065 2174; baseline 0.001 -3"><span class='ocrx_word' id='word_1_310' title='bbox 1196 2144 1233 2172; x_wconf 89' lang='lat' dir='ltr'>a.</span> <span class='ocrx_word' id='word_1_311' title='bbox 1269 2133 1327 2174; x_wconf 82' lang='lat'>24</span> <span class='ocrx_word' id='word_1_312' title='bbox 1356 2143 1381 2170; x_wconf 89' lang='lat' dir='ltr'>a</span> <span class='ocrx_word' id='word_1_313' title='bbox 1414 2128 1514 2172; x_wconf 83' lang='lat' dir='ltr'>Chr.</span> <span class='ocrx_word' id='word_1_314' title='bbox 1549 2129 1778 2171; x_wconf 85' lang='lat' dir='ltr'>admodum</span> <span class='ocrx_word' id='word_1_315' title='bbox 1823 2130 2065 2172; x_wconf 83' lang='lat' dir='ltr'>verisimile</span> 
     </span>
     <span class='ocr_line' id='line_1_65' title="bbox 1198 2188 2067 2243; baseline 0 -13"><span class='ocrx_word' id='word_1_316' title='bbox 1198 2195 1286 2242; x_wconf 81' lang='lat' dir='ltr'>est3</span> <span class='ocrx_word' id='word_1_317' title='bbox 1319 2202 1362 2230; x_wconf 88' lang='lat' dir='ltr'>v.</span> <span class='ocrx_word' id='word_1_318' title='bbox 1386 2188 1606 2230; x_wconf 87' lang='lat' dir='ltr'>Groskurd</span> <span class='ocrx_word' id='word_1_319' title='bbox 1630 2190 1673 2230; x_wconf 96' lang='lat' dir='ltr'>in</span> <span class='ocrx_word' id='word_1_320' title='bbox 1698 2190 1925 2243; x_wconf 88' lang='lat' dir='ltr'>prooemio</span> <span class='ocrx_word' id='word_1_321' title='bbox 1947 2190 2067 2233; x_wconf 87' lang='lat' dir='ltr'>Stra-</span> 
     </span>
     <span class='ocr_line' id='line_1_66' title="bbox 1195 2247 2068 2300; baseline 0.002 -12"><span class='ocrx_word' id='word_1_322' title='bbox 1195 2248 1321 2289; x_wconf 87' lang='lat' dir='ltr'>bonis</span> <span class='ocrx_word' id='word_1_323' title='bbox 1381 2247 1623 2290; x_wconf 89' lang='lat' dir='ltr'>Theodisce</span> <span class='ocrx_word' id='word_1_324' title='bbox 1676 2249 1878 2290; x_wconf 87' lang='lat' dir='ltr'>conversi</span> <span class='ocrx_word' id='word_1_325' title='bbox 1931 2251 1975 2300; x_wconf 61' lang='grc' dir='ltr'>ς.</span> <span class='ocrx_word' id='word_1_326' title='bbox 2023 2250 2068 2292; x_wconf 82' lang='lat'>4.</span> 
     </span>
     <span class='ocr_line' id='line_1_67' title="bbox 1195 2306 2069 2363; baseline -0.001 -14"><span class='ocrx_word' id='word_1_327' title='bbox 1195 2309 1420 2363; x_wconf 88' lang='lat' dir='ltr'>Augustus</span> <span class='ocrx_word' id='word_1_328' title='bbox 1465 2320 1640 2363; x_wconf 90' lang='lat' dir='ltr'>quoque</span> <span class='ocrx_word' id='word_1_329' title='bbox 1686 2306 1919 2362; x_wconf 84' lang='lat' dir='ltr'>Cyzicenis</span> <span class='ocrx_word' id='word_1_330' title='bbox 1963 2307 2069 2353; x_wconf 84' lang='lat' dir='ltr'>olim</span> 
     </span>
     <span class='ocr_line' id='line_1_68' title="bbox 1195 2366 2069 2418; baseline 0 -10"><span class='ocrx_word' id='word_1_331' title='bbox 1195 2366 1443 2408; x_wconf 87' lang='lat' dir='ltr'>libertatem</span> <span class='ocrx_word' id='word_1_332' title='bbox 1477 2366 1718 2418; x_wconf 84' lang='lat' dir='ltr'>ademerat,</span> <span class='ocrx_word' id='word_1_333' title='bbox 1755 2366 1832 2409; x_wconf 91' lang='lat' dir='ltr'>sed</span> <span class='ocrx_word' id='word_1_334' title='bbox 1862 2380 1963 2409; x_wconf 84' lang='lat' dir='ltr'>mox</span> <span class='ocrx_word' id='word_1_335' title='bbox 1994 2380 2069 2408; x_wconf 89' lang='lat' dir='ltr'>re-</span> 
     </span>
     <span class='ocr_line' id='line_1_69' title="bbox 1198 2425 2028 2470; baseline 0.001 -3"><span class='ocrx_word' id='word_1_336' title='bbox 1198 2427 1422 2467; x_wconf 87' lang='lat' dir='ltr'>stituerat:</span> <span class='ocrx_word' id='word_1_337' title='bbox 1458 2425 1544 2467; x_wconf 86' lang='lat' dir='ltr'>vid.</span> <span class='ocrx_word' id='word_1_338' title='bbox 1580 2425 1664 2467; x_wconf 92' lang='lat' dir='ltr'>Dio</span> <span class='ocrx_word' id='word_1_339' title='bbox 1697 2425 1788 2467; x_wconf 94' lang='lat' dir='ltr'>LIV</span> <span class='ocrx_word' id='word_1_340' title='bbox 1823 2427 1846 2468; x_wconf 90' lang='lat'><strong>7</strong></span> <span class='ocrx_word' id='word_1_341' title='bbox 1882 2433 1926 2468; x_wconf 88' lang='lat' dir='ltr'>et</span> <span class='ocrx_word' id='word_1_342' title='bbox 1957 2428 2028 2470; x_wconf 85' lang='lat'>23.</span> 
     </span>
    </p>

    <p class='ocr_par' dir='ltr' id='par_1_27' title="bbox 1198 2485 2079 3664">
     <span class='ocr_line' id='line_1_70' title="bbox 1288 2485 2070 2540; baseline 0.003 -14"><span class='ocrx_word' id='word_1_343' title='bbox 1288 2485 1489 2526; x_wconf 79' lang='lat' dir='ltr'>Fonteius</span> <span class='ocrx_word' id='word_1_344' title='bbox 1538 2485 1717 2540; x_wconf 81' lang='lat' dir='ltr'>Capito:</span> <span class='ocrx_word' id='word_1_345' title='bbox 1761 2486 1796 2525; x_wconf 91' lang='lat' dir='ltr'>is</span> <span class='ocrx_word' id='word_1_346' title='bbox 1839 2485 2070 2528; x_wconf 85' lang='lat' dir='ltr'>consulatu</span> 
     </span>
     <span class='ocr_line' id='line_1_71' title="bbox 1198 2544 2069 2587; baseline 0.002 -2"><span class='ocrx_word' id='word_1_347' title='bbox 1198 2545 1374 2585; x_wconf 86' lang='lat' dir='ltr'>functus</span> <span class='ocrx_word' id='word_1_348' title='bbox 1422 2549 1516 2585; x_wconf 88' lang='lat' dir='ltr'>erat</span> <span class='ocrx_word' id='word_1_349' title='bbox 1564 2557 1676 2584; x_wconf 89' lang='lat' dir='ltr'>anno</span> <span class='ocrx_word' id='word_1_350' title='bbox 1729 2544 1814 2586; x_wconf 84' lang='lat'>765</span> <span class='ocrx_word' id='word_1_351' title='bbox 1856 2562 1912 2580; x_wconf 82' lang='lat'>=</span> <span class='ocrx_word' id='word_1_352' title='bbox 1947 2546 2001 2587; x_wconf 89' lang='grc'>12</span> <span class='ocrx_word' id='word_1_353' title='bbox 2044 2557 2069 2587; x_wconf 76' lang='lat' dir='ltr'>a</span> 
     </span>
     <span class='ocr_line' id='line_1_72' title="bbox 1200 2602 2070 2658; baseline 0.001 -14"><span class='ocrx_word' id='word_1_354' title='bbox 1200 2603 1301 2645; x_wconf 87' lang='lat' dir='ltr'>Chr.</span> <span class='ocrx_word' id='word_1_355' title='bbox 1348 2604 1430 2645; x_wconf 88' lang='lat' dir='ltr'>Gai</span> <span class='ocrx_word' id='word_1_356' title='bbox 1461 2616 1724 2658; x_wconf 88' lang='lat' dir='ltr'>praenomen</span> <span class='ocrx_word' id='word_1_357' title='bbox 1751 2602 1871 2644; x_wconf 88' lang='lat' dir='ltr'>Fasti</span> <span class='ocrx_word' id='word_1_358' title='bbox 1906 2615 2070 2645; x_wconf 87' lang='lat' dir='ltr'>consu-</span> 
     </span>
     <span class='ocr_line' id='line_1_73' title="bbox 1201 2661 2071 2714; baseline 0 -11"><span class='ocrx_word' id='word_1_359' title='bbox 1201 2663 1314 2705; x_wconf 83' lang='lat' dir='ltr'>lares</span> <span class='ocrx_word' id='word_1_360' title='bbox 1348 2662 1572 2704; x_wconf 89' lang='lat' dir='ltr'>exhibent.</span> <span class='ocrx_word' id='word_1_361' title='bbox 1616 2662 1722 2703; x_wconf 89' lang='lat' dir='ltr'>Eius</span> <span class='ocrx_word' id='word_1_362' title='bbox 1755 2661 1886 2714; x_wconf 87' lang='lat' dir='ltr'>filius,</span> <span class='ocrx_word' id='word_1_363' title='bbox 1921 2669 1967 2703; x_wconf 85' lang='lat' dir='ltr'>ut</span> <span class='ocrx_word' id='word_1_364' title='bbox 1998 2663 2071 2704; x_wconf 86' lang='lat' dir='ltr'>vi-</span> 
     </span>
     <span class='ocr_line' id='line_1_74' title="bbox 1201 2721 2066 2774; baseline 0.002 -12"><span class='ocrx_word' id='word_1_365' title='bbox 1201 2721 1339 2774; x_wconf 87' lang='lat' dir='ltr'>detur,</span> <span class='ocrx_word' id='word_1_366' title='bbox 1373 2723 1620 2763; x_wconf 87' lang='lat' dir='ltr'>nominatur</span> <span class='ocrx_word' id='word_1_367' title='bbox 1652 2722 1749 2763; x_wconf 83' lang='lat' dir='ltr'>XIV</span> <span class='ocrx_word' id='word_1_368' title='bbox 1788 2723 1807 2763; x_wconf 93' lang='lat'>1</span> <span class='ocrx_word' id='word_1_369' title='bbox 1845 2727 1887 2762; x_wconf 86' lang='lat' dir='ltr'>et</span> <span class='ocrx_word' id='word_1_370' title='bbox 1918 2721 2010 2764; x_wconf 84' lang='lat'>11.1</span> <span class='ocrx_word' id='word_1_371' title='bbox 2043 2722 2066 2764; x_wconf 88' lang='grc'><strong>7</strong></span> 
     </span>
     <span class='ocr_line' id='line_1_75' title="bbox 1202 2779 2073 2824; baseline -0.001 -2"><span class='ocrx_word' id='word_1_372' title='bbox 1202 2786 1244 2822; x_wconf 88' lang='lat' dir='ltr'>et</span> <span class='ocrx_word' id='word_1_373' title='bbox 1275 2782 1330 2824; x_wconf 82' lang='lat'>37</span> <span class='ocrx_word' id='word_1_374' title='bbox 1366 2787 1409 2822; x_wconf 89' lang='lat' dir='ltr'>et</span> <span class='ocrx_word' id='word_1_375' title='bbox 1437 2782 1493 2824; x_wconf 82' lang='grc'>52</span> <span class='ocrx_word' id='word_1_376' title='bbox 1516 2787 1559 2822; x_wconf 87' lang='lat' dir='ltr'>et</span> <span class='ocrx_word' id='word_1_377' title='bbox 1585 2779 1643 2822; x_wconf 90' lang='lat' dir='ltr'>Ill</span> <span class='ocrx_word' id='word_1_378' title='bbox 1666 2781 1738 2824; x_wconf 85' lang='grc'>62.</span> <span class='ocrx_word' id='word_1_379' title='bbox 1837 2781 2073 2822; x_wconf 80' lang='lat' dir='ltr'>districtior</span> 
     </span>
     <span class='ocr_line' id='line_1_76' title="bbox 1201 2840 2074 2882; baseline 0 -2"><span class='ocrx_word' id='word_1_380' title='bbox 1201 2847 1453 2881; x_wconf 84' lang='lat' dir='ltr'>accusator:</span> <span class='ocrx_word' id='word_1_381' title='bbox 1508 2846 1573 2882; x_wconf 88' lang='lat' dir='ltr'>est</span> <span class='ocrx_word' id='word_1_382' title='bbox 1622 2841 1657 2880; x_wconf 90' lang='lat' dir='ltr'>is</span> <span class='ocrx_word' id='word_1_383' title='bbox 1699 2841 1767 2881; x_wconf 92' lang='lat' dir='ltr'>cui</span> <span class='ocrx_word' id='word_1_384' title='bbox 1815 2840 1982 2881; x_wconf 88' lang='lat' dir='ltr'>animus</span> <span class='ocrx_word' id='word_1_385' title='bbox 2030 2843 2074 2880; x_wconf 80' lang='lat' dir='ltr'>et</span> 
     </span>
     <span class='ocr_line' id='line_1_77' title="bbox 1203 2898 2074 2952; baseline 0.001 -13"><span class='ocrx_word' id='word_1_386' title='bbox 1203 2898 1361 2952; x_wconf 90' lang='lat' dir='ltr'>cupido</span> <span class='ocrx_word' id='word_1_387' title='bbox 1395 2898 1447 2939; x_wconf 84' lang='lat' dir='ltr'>ad</span> <span class='ocrx_word' id='word_1_388' title='bbox 1470 2898 1759 2940; x_wconf 89' lang='lat' dir='ltr'>accusandum</span> <span class='ocrx_word' id='word_1_389' title='bbox 1793 2901 1852 2940; x_wconf 88' lang='lat' dir='ltr'>ita</span> <span class='ocrx_word' id='word_1_390' title='bbox 1885 2899 2074 2941; x_wconf 84' lang='lat' dir='ltr'>distenta</span> 
     </span>
     <span class='ocr_line' id='line_1_78' title="bbox 1203 2957 2074 3013; baseline 0.002 -15"><span class='ocrx_word' id='word_1_391' title='bbox 1203 2957 1274 2998; x_wconf 90' lang='lat' dir='ltr'>vel</span> <span class='ocrx_word' id='word_1_392' title='bbox 1308 2957 1503 2998; x_wconf 87' lang='lat' dir='ltr'>districta</span> <span class='ocrx_word' id='word_1_393' title='bbox 1542 2965 1668 3010; x_wconf 86' lang='lat' dir='ltr'>sunt,</span> <span class='ocrx_word' id='word_1_394' title='bbox 1715 2964 1761 2998; x_wconf 87' lang='lat' dir='ltr'>ut</span> <span class='ocrx_word' id='word_1_395' title='bbox 1803 2957 1925 3000; x_wconf 87' lang='lat' dir='ltr'>nulla</span> <span class='ocrx_word' id='word_1_396' title='bbox 1957 2958 2074 3013; x_wconf 79' lang='lat' dir='ltr'>plica</span> 
     </span>
     <span class='ocr_line' id='line_1_79' title="bbox 1203 3017 2072 3073; baseline 0.002 -17"><span class='ocrx_word' id='word_1_397' title='bbox 1203 3017 1428 3068; x_wconf 86' lang='lat' dir='ltr'>restiterit,</span> <span class='ocrx_word' id='word_1_398' title='bbox 1464 3018 1656 3073; x_wconf 87' lang='lat' dir='ltr'>imagine</span> <span class='ocrx_word' id='word_1_399' title='bbox 1689 3023 1900 3071; x_wconf 88' lang='lat' dir='ltr'>sumptaa</span> <span class='ocrx_word' id='word_1_400' title='bbox 1925 3019 2072 3059; x_wconf 87' lang='lat' dir='ltr'>tunica</span> 
     </span>
     <span class='ocr_line' id='line_1_80' title="bbox 1203 3075 2072 3131; baseline -0.002 -14"><span class='ocrx_word' id='word_1_401' title='bbox 1203 3075 1275 3117; x_wconf 89' lang='lat' dir='ltr'>vel</span> <span class='ocrx_word' id='word_1_402' title='bbox 1298 3081 1414 3131; x_wconf 84' lang='lat' dir='ltr'>toga.</span> <span class='ocrx_word' id='word_1_403' title='bbox 1467 3075 1579 3129; x_wconf 89' lang='lat' dir='ltr'>Apte</span> <span class='ocrx_word' id='word_1_404' title='bbox 1600 3075 1924 3117; x_wconf 88' lang='lat' dir='ltr'>Freinshemius</span> <span class='ocrx_word' id='word_1_405' title='bbox 1948 3089 2072 3117; x_wconf 83' lang='lat' dir='ltr'>com-</span> 
     </span>
     <span class='ocr_line' id='line_1_81' title="bbox 1204 3133 2074 3189; baseline 0.002 -14"><span class='ocrx_word' id='word_1_406' title='bbox 1204 3135 1373 3189; x_wconf 83' lang='lat' dir='ltr'>paravit</span> <span class='ocrx_word' id='word_1_407' title='bbox 1418 3134 1583 3175; x_wconf 86' lang='lat' dir='ltr'>Valerii</span> <span class='ocrx_word' id='word_1_408' title='bbox 1627 3135 1801 3175; x_wconf 86' lang='lat' dir='ltr'>Maximi</span> <span class='ocrx_word' id='word_1_409' title='bbox 1848 3133 1945 3175; x_wconf 87' lang='lat' dir='ltr'>Vlll</span> <span class='ocrx_word' id='word_1_410' title='bbox 1987 3136 2015 3177; x_wconf 90' lang='grc'><strong>2</strong></span> <span class='ocrx_word' id='word_1_411' title='bbox 2046 3135 2074 3176; x_wconf 81' lang='grc'><strong>2</strong></span> 
     </span>
     <span class='ocr_line' id='line_1_82' title="bbox 1206 3192 2073 3246; baseline -0.003 -12"><span class='ocrx_word' id='word_1_412' title='bbox 1206 3193 1445 3234; x_wconf 79' lang='lat' dir='ltr'>districtam</span> <span class='ocrx_word' id='word_1_413' title='bbox 1467 3193 1789 3246; x_wconf 80' lang='lat' dir='ltr'>feneratricem.</span> <span class='ocrx_word' id='word_1_414' title='bbox 1835 3192 2073 3233; x_wconf 86' lang='lat' dir='ltr'>Destrictus</span> 
     </span>
     <span class='ocr_line' id='line_1_83' title="bbox 1206 3251 2075 3305; baseline -0.002 -13"><span class='ocrx_word' id='word_1_415' title='bbox 1206 3257 1434 3292; x_wconf 88' lang='lat' dir='ltr'>accusator</span> <span class='ocrx_word' id='word_1_416' title='bbox 1480 3251 1594 3292; x_wconf 85' lang='lat' dir='ltr'>soret</span> <span class='ocrx_word' id='word_1_417' title='bbox 1647 3252 1683 3291; x_wconf 90' lang='lat' dir='ltr'>is</span> <span class='ocrx_word' id='word_1_418' title='bbox 1733 3251 1802 3290; x_wconf 85' lang='lat' dir='ltr'>cui</span> <span class='ocrx_word' id='word_1_419' title='bbox 1859 3255 2075 3305; x_wconf 83' lang='lat' dir='ltr'>tamquam</span> 
     </span>
     <span class='ocr_line' id='line_1_84' title="bbox 1209 3307 2072 3365; baseline -0.001 -15"><span class='ocrx_word' id='word_1_420' title='bbox 1209 3309 1355 3365; x_wconf 89' lang='lat' dir='ltr'>gladio</span> <span class='ocrx_word' id='word_1_421' title='bbox 1404 3310 1563 3363; x_wconf 85' lang='lat' dir='ltr'>vagina</span> <span class='ocrx_word' id='word_1_422' title='bbox 1616 3308 1807 3350; x_wconf 82' lang='lat' dir='ltr'>detracta</span> <span class='ocrx_word' id='word_1_423' title='bbox 1855 3315 1946 3361; x_wconf 88' lang='lat' dir='ltr'>est,</span> <span class='ocrx_word' id='word_1_424' title='bbox 1995 3307 2072 3349; x_wconf 90' lang='lat' dir='ltr'>sed</span> 
     </span>
     <span class='ocr_line' id='line_1_85' title="bbox 1209 3367 2076 3422; baseline 0 -14"><span class='ocrx_word' id='word_1_425' title='bbox 1209 3381 1260 3408; x_wconf 88' lang='lat' dir='ltr'>ea</span> <span class='ocrx_word' id='word_1_426' title='bbox 1292 3368 1413 3407; x_wconf 90' lang='lat' dir='ltr'>notio</span> <span class='ocrx_word' id='word_1_427' title='bbox 1448 3367 1546 3408; x_wconf 85' lang='lat' dir='ltr'>talis</span> <span class='ocrx_word' id='word_1_428' title='bbox 1588 3373 1653 3408; x_wconf 87' lang='lat' dir='ltr'>est</span> <span class='ocrx_word' id='word_1_429' title='bbox 1696 3380 1807 3422; x_wconf 89' lang='lat' dir='ltr'>quae</span> <span class='ocrx_word' id='word_1_430' title='bbox 1849 3379 2076 3422; x_wconf 87' lang='lat' dir='ltr'>compara-</span> 
     </span>
     <span class='ocr_line' id='line_1_86' title="bbox 1209 3425 2075 3482; baseline 0 -16"><span class='ocrx_word' id='word_1_431' title='bbox 1209 3427 1372 3466; x_wconf 81' lang='lat' dir='ltr'>tionem</span> <span class='ocrx_word' id='word_1_432' title='bbox 1397 3425 1686 3482; x_wconf 81' lang='lat' dir='ltr'>(destrictior)</span> <span class='ocrx_word' id='word_1_433' title='bbox 1705 3425 1851 3466; x_wconf 86' lang='lat' dir='ltr'>subire</span> <span class='ocrx_word' id='word_1_434' title='bbox 1870 3431 2075 3482; x_wconf 85' lang='lat' dir='ltr'>nequeat,</span> 
     </span>
     <span class='ocr_line' id='line_1_87' title="bbox 1210 3484 2076 3538; baseline 0.002 -14"><span class='ocrx_word' id='word_1_435' title='bbox 1210 3497 1354 3538; x_wconf 88' lang='lat' dir='ltr'>neque</span> <span class='ocrx_word' id='word_1_436' title='bbox 1385 3486 1526 3525; x_wconf 87' lang='lat' dir='ltr'>minus</span> <span class='ocrx_word' id='word_1_437' title='bbox 1568 3484 1770 3526; x_wconf 91' lang='lat' dir='ltr'>insolitus</span> <span class='ocrx_word' id='word_1_438' title='bbox 1814 3484 1966 3526; x_wconf 87' lang='lat' dir='ltr'>Latine</span> <span class='ocrx_word' id='word_1_439' title='bbox 1999 3485 2076 3526; x_wconf 85' lang='lat' dir='ltr'>de-</span> 
     </span>
     <span class='ocr_line' id='line_1_88' title="bbox 1209 3544 2079 3600; baseline 0 -16"><span class='ocrx_word' id='word_1_440' title='bbox 1209 3546 1381 3584; x_wconf 84' lang='lat' dir='ltr'>strictus</span> <span class='ocrx_word' id='word_1_441' title='bbox 1428 3550 1655 3585; x_wconf 85' lang='lat' dir='ltr'>accusator</span> <span class='ocrx_word' id='word_1_442' title='bbox 1697 3549 1762 3585; x_wconf 91' lang='lat' dir='ltr'>est</span> <span class='ocrx_word' id='word_1_443' title='bbox 1805 3557 1931 3600; x_wconf 88' lang='lat' dir='ltr'>quam</span> <span class='ocrx_word' id='word_1_444' title='bbox 1964 3544 2079 3585; x_wconf 81' lang='lat' dir='ltr'>foret</span> 
     </span>
     <span class='ocr_line' id='line_1_89' title="bbox 1212 3602 2077 3664; baseline 0.005 -22"><span class='ocrx_word' id='word_1_445' title='bbox 1212 3602 1432 3643; x_wconf 89' lang='lat' dir='ltr'>Germanis</span> <span class='ocrx_word' id='word_1_446' title='bbox 1466 3603 1535 3643; x_wconf 87' lang='lat' dir='ltr'>ein</span> <span class='ocrx_word' id='word_1_447' title='bbox 1565 3602 1790 3658; x_wconf 71' lang='lat' dir='ltr'>qezu&#39;ckter</span> <span class='ocrx_word' id='word_1_448' title='bbox 1821 3604 1915 3648; x_wconf 83' lang='lat' dir='ltr'>sive</span> <span class='ocrx_word' id='word_1_449' title='bbox 1948 3617 2077 3664; x_wconf 66' lang='grc' dir='ltr'><em>98ῆο-</em></span> 
     </span>
    </p>
   </div>
   <div class='ocr_carea' id='block_1_25' title="bbox 1210 3660 1612 3722">
    <p class='ocr_par' dir='ltr' id='par_1_28' title="bbox 1210 3660 1612 3722">
     <span class='ocr_line' id='line_1_90' title="bbox 1210 3660 1612 3722; baseline 0.01 -18"><span class='ocrx_word' id='word_1_450' title='bbox 1210 3674 1344 3721; x_wconf 73' lang='grc' dir='ltr'><em>9εηεν</em></span> <span class='ocrx_word' id='word_1_451' title='bbox 1373 3660 1612 3722; x_wconf 70' lang='lat' dir='ltr'>Anklc&#39;iqer.</span> 
     </span>
    </p>
   </div>
  </div>
 </body>
</html>
