2280 4004
610 818 693 883 A
749 816 825 883 N
878 815 955 883 N
1007 817 1092 883 A
1144 817 1221 884 L
1277 818 1332 884 I
1385 817 1468 884 V
1521 815 1617 883 Μ

761 982 975 1042 LIBER
1030 980 1469 1044 VNDECIMVS.

711 1242 1217 1296 BREVIARIVM
1271 1241 1494 1295 LIBRI.

361 1389 468 1446 Cap.
504 1390 662 1434 1—-22,
725 1390 877 1432 Annus
910 1405 938 1431 a
971 1390 1140 1433 Chr-isto
1174 1389 1526 1445 quadragesimus
1555 1389 1781 1446 septimus,
1831 1389 2024 1446 impera-

196 1463 301 1506 toris
334 1462 507 1505 Claudii
535 1464 760 1519 septimus,
802 1478 947 1506 rerum
983 1471 1069 1506 tam
1101 1464 1215 1505 domi
1246 1477 1371 1518 quam
1401 1464 1511 1519 soris
1540 1470 1757 1519 qestarum
1787 1462 1904 1505 haud
1934 1471 2022 1506 ste-

196 1536 320 1589 rilis,
358 1536 433 1578 sed
461 1537 626 1577 iniuria
657 1543 888 1593 temporum
919 1538 967 1578 in
998 1537 1064 1578 his
1095 1535 1338 1579 Annalibus
1368 1535 1554 1578 mutilus.
1619 1536 1672 1577 In
1701 1536 1756 1577 iis
1789 1549 1896 1590 quae
1928 1543 2027 1577 sunt

196 1609 379 1664 reliqua,
418 1609 585 1652 Tacitus
606 1610 760 1666 incipit
791 1624 820 1651 a
850 1611 975 1652 rebus
994 1610 1260 1652 domesticis:
1301 1608 1497 1652 Valerius
1518 1609 1737 1651 Asiaticus
1769 1617 1808 1651 et
1826 1608 2026 1666 Poppaea

204 1683 369 1724 Sabina
396 1683 553 1738 fraude
575 1683 837 1725 Messalinae
856 1683 1029 1726 Claudii
1051 1684 1201 1725 uxoris
1232 1689 1356 1738 atque
1390 1682 1548 1726 Vitellii
1566 1683 1729 1724 artibus
1764 1690 2023 1725 evertuntur.

206 1754 350 1797 Causa
380 1756 498 1797 necis
530 1756 653 1797 ethis
689 1763 728 1797 et
748 1756 907 1798 duobus
939 1757 1144 1811 equitibus
1162 1756 1370 1798 Romanis
1399 1756 1529 1812 foeda
1560 1763 1599 1797 et
1622 1756 1799 1811 nefaria
1809 1769 1825 1808 ‚⁸
1857 1755 2025 1797 delator

196 1842 346 1871 saevus
378 1836 416 1871 et
448 1831 673 1871 continuus
697 1829 897 1881 Suillius3
926 1832 1128 1886 princeps
1161 1836 1316 1871 cuncta
1347 1829 1500 1885 lequm,
1521 1829 1669 1870 munia
1698 1829 2026 1884 magistratuum

197 1903 245 1942 in
274 1916 318 1943 se
344 1902 520 1944 trahens
542 1903 713 1961 (1—5).
775 1902 1094 1945 Advocatorum
1111 1904 1313 1959 praemia
1334 1907 1589 1945 coercentur
1605 1903 1777 1960 (6—7).
1845 1900 2024 1943 Mithri-

200 1975 318 2018 dates
349 1975 599 2018 Armeniam
629 1977 911 2033 reciperavit3
944 1992 1013 2019 res
1046 1977 1302 2018 Parthorum
1332 1977 1480 2018 studiis
1505 1976 1702 2019 Gotarzis
1735 1982 1774 2017 et
1811 1974 2026 2018 Vardanis

200 2049 396 2091 turbatae
427 2050 627 2107 (8-10).
711 2051 765 2092 In
803 2050 907 2092 urbe
942 2049 1033 2091 ludi
1072 2050 1289 2092 seculares
1319 2050 1513 2107 spectati.
1593 2049 1865 2091 Circensibus
1897 2048 2022 2100 ludis,

201 2123 382 2165 Claudio
415 2137 584 2176 coram,
634 2124 762 2179 pueri
799 2123 964 2165 nobiles
1009 2124 1124 2178 equis
1157 2123 1369 2165 ludicrum
1405 2122 1557 2164 Troiae
1587 2123 1761 2175 ineunt,
1807 2118 2025 2163 intereos

201 2196 490 2248 Britannicus,
527 2196 700 2238 Claudii
730 2210 783 2238 ex
815 2195 1052 2238 Messalina
1079 2196 1216 2251 lilius,
1249 2203 1287 2238 et
1318 2196 1554 2248 Domitius,
1587 2195 1831 2252 Aqrippina
1861 2201 2028 2251 qenitus

199 2275 239 2310 et
275 2269 523 2311 Germanici
553 2283 714 2326 nepos3
745 2272 792 2312 in
824 2269 938 2311 hunc
966 2273 1094 2326 favor
1121 2270 1270 2326 plebis.
1337 2268 1599 2312 Messalinae
1630 2269 1799 2325 flagitia
1830 2275 1870 2310 et
1902 2281 2026 2309 amor

197 2342 244 2382 in
275 2340 427 2383 Silium
458 2342 688 2398 (11—12).
767 2342 825 2384 At
859 2342 1063 2384 Claudius
1094 2344 1274 2398 iqnarus
1312 2343 1524 2397 infamiae
1557 2342 1703 2383 domus
1742 2354 1846 2383 suae
1877 2341 2026 2383 munia

200 2417 398 2457 censoria
435 2423 636 2472 usurpat‚·
685 2416 835 2472 populi
880 2416 1104 2458 lasciviam
1145 2418 1304 2458 severis
1346 2417 1494 2458 edictis
1532 2417 1756 2472 increpat,
1805 2416 2028 2457 saevitiam

201 2488 458 2529 creditorum
485 2488 577 2544 leqe
604 2489 823 2544 prohibet,
874 2503 1084 2543 aquarum
1114 2492 1253 2544 fontes
1283 2489 1382 2530 urbi
1410 2490 1571 2543 infert,
1617 2501 1750 2529 novas
1782 2487 2025 2529 litterarum

199 2563 362 2616 formas
393 2562 531 2615 addit,
576 2563 625 2603 de
659 2561 836 2618 colleqio
869 2562 1143 2619 haruspicum
1179 2565 1315 2618 refert
1348 2562 1578 2619 (13-15).
1646 2561 1858 2622 Cherusci
1884 2561 2026 2602 Roma

199 2648 341 2690 reqem
367 2642 515 2691 petunt
548 2635 769 2689 Italicum,
812 2635 947 2691 filium
982 2636 1128 2689 Flavi,
1173 2637 1245 2691 qui
1283 2636 1367 2691 fuit
1401 2635 1589 2677 Arminii
1628 2638 1784 2690 frater.
1849 2633 2027 2676 Italicus

198 2708 337 2763 primo
370 2708 505 2750 laetus
539 2710 788 2762 Germanis,
841 2710 939 2751 dein
981 2710 1031 2751 ob
1066 2711 1301 2766 potentiam
1332 2717 1548 2766 suspectus
1574 2723 1655 2765 per
1685 2708 1902 2760 secunda,
1946 2722 2029 2764 per

203 2779 386 2821 adversa
416 2795 486 2822 res
511 2781 786 2837 popularium
818 2782 1009 2837 adflictat
1031 2782 1261 2840 (16—17).
1327 2782 1507 2823 Interim
1532 2781 1731 2833 Corbulo,
1767 2781 2027 2822 Germaniae

205 2853 429 2907 inferioris
461 2853 645 2908 leqatus,
677 2855 831 2896 virtute
869 2862 907 2896 et
933 2856 1096 2911 peritia
1127 2856 1193 2896 rei
1222 2855 1424 2897 militaris
1458 2869 1527 2896 res
1562 2855 1798 2896 Frisiorum
1835 2853 2024 2904 ordinat,

208 2924 281 2965 sed
327 2925 523 2967 Chaucos
575 2927 807 2968 domiturus
861 2929 1084 2984 repentino
1131 2929 1343 2984 principis
1395 2929 1512 2970 iussu
1560 2942 1587 2969 a
1636 2929 1793 2983 coeptis
1846 2926 2025 2967 absistit.

213 2997 426 3052 Triumphi
466 3005 607 3040 tamen
652 3007 906 3042 ornamenta
950 3002 1131 3057 accipit,
1175 3002 1275 3042 item
1311 3001 1491 3043 ‘Curtius
1534 3002 1674 3056 Rufus
1719 3002 1765 3041 in
1809 3000 2029 3055 superiore

210 3070 444 3112 Germania
476 3072 705 3129 <18—21).
786 3074 947 3116 Romae
983 3088 1106 3129 eques
1138 3075 1358 3117 Romanus
1400 3077 1519 3129 ferro
1561 3074 1782 3114 accinctus
1813 3072 2028 3126 reperitur

207 3144 253 3183 in
285 3151 404 3186 coetu
434 3145 710 3188 salutantium
736 3148 990 3204 principem.
1057 3148 1219 3189 Eodem
1249 3161 1364 3188 anno
1399 3146 1568 3187 Publius
1602 3143 1831 3186 Dolabella
1863 3143 2027 3183 censuit

207 3216 493 3271 spectaculum
531 3218 818 3274 qladiatorum
871 3219 1170 3262 celebrandum
1217 3220 1407 3275 pecunia
1454 3232 1601 3259 eorum
1647 3218 1717 3271 qui
1757 3222 2028 3270 quaesturam

207 3290 559 3346 adipiscerentur,
593 3306 676 3346 qua
706 3295 931 3335 occasione
964 3294 1013 3335 de
1045 3294 1211 3348 ori9ine
1244 3299 1282 3334 et
1313 3305 1488 3332 numero
1522 3297 1791 3344 quaestorum
1822 3290 1934 3344 (22).

375 3363 480 3419 Cap.
515 3365 703 3407 23-38.
766 3365 916 3407 Annus
947 3379 975 3407 a
1009 3366 1112 3407 Chr.
1147 3365 1496 3420 quadraqesimus
1528 3370 1724 3414 octavus,
1754 3359 2028 3416 imperatoris

209 3435 381 3477 Claudii
413 3443 606 3490 octavus,
659 3439 730 3492 qui
768 3438 892 3479 rebus
938 3438 1178 3479 domesticis
1210 3451 1263 3479 ac
1297 3438 1530 3494 praecipue
1564 3434 1825 3478 Messalinae
1853 3433 2028 3488 flagitiis

211 3516 456 3565 occupatur.
521 3511 662 3565 Perqit
700 3510 865 3552 Tacitus
893 3510 1105 3566 principis
1139 3525 1364 3552 censuram
1396 3510 1568 3564 exequi:
1612 3509 1825 3565 primores
1859 3505 2030 3549 Galliae

213 3581 414 3624 Comatae
455 3583 520 3624 ius
568 3583 941 3639 adipiscendorum
985 3584 1032 3624 in
1065 3583 1170 3625 urbe
1211 3584 1422 3626 honorum
1463 3589 1702 3641 expetentes
1746 3589 1911 3624 ceteros
1949 3578 2031 3622 sibi

207 3651 388 3708 iniquos,
414 3656 656 3715 principem
682 3663 922 3716 promptum
952 3656 1133 3714 habent3
1177 3657 1300 3701 hiaius
1331 3658 1484 3712 orati03
1549 3658 1650 3700 novi
1677 3655 1858 3715 patricii
1885 3653 2027 3710 asciti,

297 3746 447 3789 τιοιωε
471 3751 516 3789 11.
1665 3741 1691 3797 1
