2280 4004
237 263 330 311 iro
489 268 781 316 ANNAuvM
807 268 977 315 Lmen,
1002 269 1115 317 x111.
1167 272 1275 318 cn.
1307 257 1499 321 57-58.
1551 289 1591 320 a.
1623 286 1668 321 u.
1700 277 1805 323 811.
1838 290 1865 324 a
1895 278 2057 332 (1..ae-

237 417 417 466 cuncta
465 415 599 467 victa
638 416 896 468 occidioni
936 417 1133 470 dantur.
1205 420 1268 472 Et
1314 421 1481 474 minae
1517 423 1720 490 quidem
1755 423 1974 480 hostiles·
2000 424 2061 481 iu

235 503 375 572 ipsos
411 507 689 559 vertebant.
766 508 868 561 Sed
926 509 1105 562 civitas
1143 511 1384 564 Ubiorum
1437 514 1579 567 socia
1617 515 1767 568 nobis
1803 516 1936 568 malo
1972 517 2058 572 in«

233 596 440 662 proviso
476 597 679 650 adflicta
718 604 808 651 est.
883 601 1008 655 Nam
1045 601 1193 670 ignes
1233 608 1370 657 terra
1411 605 1533 657 editi
1570 606 1717 660 villa's
1754 623 1877 660 arva
1909 609 2057 663 vicos

230 686 419 754 passim
473 689 843 756 corripiebant,
905 691 1298 761 ferebanturque
1350 695 1403 746 in
1458 696 1567 763 ipsa
1623 699 1859 751 conditae
1897 714 2059 767 nuper

195 776 467 830 scoloniae
505 781 722 832 moenia.
796 783 971 850 Neque
1025 766 1250 857 extingui
1305 791 1568 853 poterant,
1626 803 1729 840 non
1775 790 1820 842 si
1867 789 2056 844 imbres

232 867 490 935 caderent,
528 885 632 922 non
673 873 716 924 si
751 873 1036 926 fluvialibus
1067 877 1211 943 aquis
1243 882 1327 929 aut
1360 892 1458 945 quo
1497 879 1598 932 alio
1632 880 1861 946 humore,
1890 881 2059 935 donec

228 958 400 1027 inopia
455 963 670 1015 remedii
724 970 773 1016 et
822 965 901 1018 ira
959 967 1119 1019 cladis
1178 973 1410 1037 agrestes
1462 970 1663 1037 quidam
1699 971 1894 1023 eminus
1932 986 2058 1024 saxa

227 1049 427 1117 iace-re,
492 1053 611 1105 dein
652 1056 994 1110 residentibus
1041 1059 1254 1111 flammis
1289 1060 1496 1126 propius
1534 1062 1799 1130 suggressi
1832 1061 1937 1116 ictu
1974 1062 2060 1115 fu-

229 1143 377 1195 stium
428 1144 644 1213 aliisque
693 1149 997 1202 verberibus
1049 1156 1103 1202 ut
1154 1151 1291 1204 feras
1339 1153 1711 1205 absterrebant.
1791 1153 2052 1208 Postremo

168 1235 450 1302 notegmina
499 1239 703 1305 corpori
763 1240 970 1307 derepta
1022 1241 1262 1308 iniciunt,
1318 1247 1506 1310 quanto
1545 1243 1709 1312 magis
1747 1245 1962 1312 profana
2005 1251 2059 1300 et

226 1339 322 1379 usu
358 1327 563 1395 polluta,
604 1334 744 1384 tanto
782 1332 945 1399 magis
984 1347 1288 1400 oppressura
1325 1334 1490 1402 ignes.

369 1420 564 1474 Eodem
601 1436 734 1473 anno
763 1423 1076 1477 Ruminalem
1114 1425 1350 1477 arborem
1377 1425 1430 1476 in
1456 1425 1685 1491 comiti0,
1723 1440 1853 1493 quae
1889 1427 2140 1481 notin-58

225 1514 414 1579 gentos
452 1516 502 1566 et
543 1512 877 1583 quadraginta
920 1519 1036 1566 ante
1078 1529 1240 1568 annos
1277 1515 1419 1571 Remi
1456 1516 1757 1583 Romulique
1795 1517 2079 1570 infantiam

343 1668 382 1707 1.
417 1665 567 1708 hostile
600 1667 638 1725 (s
669 1667 814 1709 addito
848 1682 904 1711 ex
935 1672 1067 1726 corr.)
1101 1669 1180 1712 Ma.
1273 1673 1315 1715 2.
1355 1670 1555 1714 Ubiorum
1585 1671 1818 1714 Heinsius:
1849 1669 1918 1714 Ma
1948 1675 1993 1714 et
2025 1671 2060 1714 G

222 1723 424 1766 vitonum
456 1727 573 1783 (sine
606 1733 766 1781 puncto
799 1741 929 1784 super
959 1729 1043 1772 litt.
1076 1731 1126 1788 i).
1220 1731 1264 1774 3.
1296 1733 1384 1787 affl.
1421 1731 1492 1773 Or.
1587 1731 1628 1774 5.
1661 1731 1804 1773 menia
1836 1731 1918 1774 Ma.
2012 1731 2053 1774 7.

222 1785 410 1827 remedio
442 1784 533 1827 Ma:
580 1786 613 1828 G
645 1788 835 1830 remedii.
903 1789 1091 1832 fortasse
1122 1790 1207 1831 fuit
1242 1791 1539 1834 remediorum.
1672 1792 1852 1845 aqrestis
1884 1789 1974 1834 Ma:
2022 1789 2058 1832 G

222 1851 426 1899 ayrestes.
544 1845 587 1890 8.
622 1849 910 1890 resistentibus
947 1848 1072 1891 lela:
1106 1856 1348 1892 correctum
1381 1852 1425 1892 in
1457 1851 1491 1892 B
1528 1857 1571 1893 et
1603 1850 1718 1904 apud
1748 1849 2053 1893 Puteolanum.

219 1905 420 1960 proprius
455 1903 536 1947 Ma.
664 1908 732 1951 10.
766 1908 934 1965 direpta
966 1908 1089 1951 GMa:
1132 1909 1172 1951 A
1203 1909 1392 1966 derepta.
1549 1912 1617 1953 12.
1653 1923 1760 1964 quae
1793 1911 2062 1966 octiuqentos

225 1963 367 2009 vatic.
394 1965 530 2018 1958:
565 1979 672 2025 qucw
706 1968 991 2027 septinqeutos
1022 1967 1111 2027 Μὲ,
1146 1982 1253 2024 quae
1287 1983 1415 2026 super
1445 1970 1709 2026 octinyentos
1741 1968 1789 2012 G.

224 2139 267 2181 p.
301 2126 411 2178 999,
456 2126 555 2168 dum
587 2126 712 2184 fingit
746 2128 875 2169 etiam
908 2127 1094 2170 feminas

226 2191 270 2228 et
301 2186 465 2229 liberos
503 2189 603 2231 neci
635 2187 757 2229 datos
784 2199 898 2230 esse.
929 2187 1095 2243 Aperte

224 2246 397 2287 Tacitus
431 2249 605 2289 nonnisi
642 2249 760 2289 viros
792 2247 963 2302 proelio
988 2260 1098 2289 con-

226 2318 402 2362 gressos
446 2306 552 2347 dicit
585 2321 785 2364 quaeque
822 2320 919 2348 cum
952 2306 1020 2349 his
1052 2308 1098 2348 in

223 2377 376 2408 manus
433 2365 624 2408 hostium
681 2373 920 2420 venerant,
978 2367 1097 2422 equi,

229 2438 403 2479 currus,
438 2432 704 2470 commeatus
724 2458 736 2480 ,
769 2439 900 2469 arma.

1181 2127 1296 2180 dum,
1331 2128 1436 2183 quin
1453 2128 1802 2184 Agrippinenses
1831 2126 1874 2169 h.
1894 2126 1926 2170 l.
1958 2139 2058 2171 me-

1180 2194 1420 2228 morentur.
1464 2187 1634 2229 Tacitus
1669 2186 1879 2229 describit
1898 2187 2056 2229 incen-

1181 2246 1297 2288 dium
1324 2248 1368 2288 in
1392 2252 1536 2289 terrae
1558 2246 1791 2301 superficie
1813 2251 2056 2304 grassatum

1181 2306 1460 2364 (Er-albrand,
1495 2306 1798 2363 Moorbrand).

1268 2379 1355 2406 uon
1386 2367 1424 2407 si
1452 2366 1695 2421 fluvialibus
1726 2365 1849 2420 aquis
1875 2371 1950 2406 aut
1973 2377 2053 2420 quo

1179 2425 1271 2466 ulio
1301 2425 1504 2467 humore.-
1539 2438 1594 2466 ex
1626 2437 1679 2466 eo
1698 2423 1815 2481 quod
1831 2423 2057 2478 praecedit

294 2486 447 2527 civitas
474 2487 700 2530 Ubiorum.-
733 2486 846 2529 hanc
858 2485 907 2527 N.
924 2485 1094 2527 Heinsii

225 2546 521 2590 coniecturam
577 2548 760 2602 egregie
813 2545 1097 2586 vindicavere

225 2605 440 2647 duumviri
482 2619 627 2648 rerum
666 2605 928 2646 naturalium
974 2605 1098 2657 peri-

223 2665 406 2715 tissimi,
453 2665 503 2708 E.
541 2665 588 2706 G.
623 2665 735 2706 Nees
777 2664 829 2704 ab
862 2662 1098 2703 Esenbeck

225 2723 332 2766 etl.
365 2724 664 2781 Noeggerath.
731 2722 842 2764 Vide
885 2720 1096 2777 Noegge-

223 2783 354 2825 rathii
387 2783 544 2826 librum
582 2786 654 2838 qui
702 2781 955 2823 inscribitur
995 2779 1096 2821 ‘Das

225 2842 416 2899 Gebirge
449 2845 490 2885 in
520 2838 1094 2894 Rheinland-Westphalen'

223 2902 314 2944 vol.
349 2902 408 2943 111
440 2917 481 2958 p.
517 2902 736 2954 59-112‚
761 2901 834 2942 ubi
869 2912 1096 2941 commen-

224 2964 332 3003 tatio
365 2962 493 3003 docte
528 2961 775 3014 conscripta
820 2960 904 3001 hoc
935 2958 1092 2999 titulo:

223 3021 313 3077 qibt
349 3021 516 3063 Tacitus
548 3021 675 3061 einen
704 3020 987 3060 historischen
1009 3019 1095 3060 Be-

223 3081 324 3123 weis
355 3096 438 3123 von
468 3079 779 3122 wulkanischen
822 3077 1095 3134 Eruptionen

225 3155 297 3183 am
329 3139 654 3183 Nieclerrhein?
714 3138 918 3182 Vibouum
949 3149 1094 3192 popu-

225 3201 309 3253 luS,
343 3202 415 3256 qui
449 3200 594 3241 nullus
630 3198 713 3240 fuit
744 3210 888 3253 neque
920 3198 965 3238 in
984 3195 1097 3237 Ger-

225 3261 397 3301 maniae
430 3261 555 3301 terris
589 3272 734 3313 neque
766 3259 809 3299 in
845 3257 950 3298 orbe
978 3256 1095 3297 anti..

227 3331 328 3374 quo,
344 3320 494 3361 horum
521 3318 786 3360 amatoribus
811 3316 1095 3372 reliquendus

229 3384 309 3420 est.

317 3438 491 3478 condita
534 3450 671 3492 nuper
704 3436 876 3477 colonia
908 3441 974 3477 est
1005 3432 1096 3475 Co-

229 3498 349 3539 lonia
383 3496 786 3551 Aprippinensiunl.
837 3494 902 3539 Cf.
925 3493 1001 3536 XII
1024 3494 1094 3538 27.

228 3557 295 3597 Ab
329 3567 381 3597 eo
414 3556 516 3597 inde
548 3562 745 3609 tempore
767 3559 828 3609 (a.
849 3556 906 3598 50
925 3569 948 3596 a
969 3552 1096 3610 Chr.)

229 3615 316 3656 alia
361 3615 532 3656 colonia
577 3616 621 3655 in
666 3614 937 3656 Germaniam
978 3612 1099 3654 nulla

231 3673 416 3715 deducta
450 3679 567 3728 erat3
620 3686 672 3716 eo
718 3675 859 3717 minus
892 3672 1097 3715 dubitan-

1179 2498 1313 2539 neque
1334 2485 1526 2541 extingui
1536 2491 1740 2540 poterant
1753 2484 2054 2526 coniunctioni

1179 2546 1216 2585 si
1247 2544 1429 2585 verbum
1463 2546 1784 2599 extinguerent,
1818 2542 1862 2585 h.
1897 2555 1938 2585 e.
1972 2555 2053 2585 ex-

1179 2605 1387 2658 tinguere
1423 2609 1713 2654 conarentur,
1761 2596 1858 2646 ἀπὸ
1891 2604 2056 2647 κοινοῦ

1178 2662 1430 2715 petendum.
1473 2661 1658 2703 Codices
1677 2659 1948 2715 interpolati,
1968 2672 2052 2703 ve-

1178 2721 1259 2762 luti
1304 2721 1339 2763 G
1384 2726 1428 2761 et
1474 2721 1559 2762 duo
1607 2720 1908 2773 OxonienseS,
1952 2725 2053 2774 post

1178 2780 1355 2822 humore
1388 2779 1551 2821 addunt
1570 2781 1827 2822 niterentur.
1914 2778 2054 2821 donoc

1179 2865 1234 2872 —
1268 2840 1441 2881 iacere.-
1496 2839 1553 2881 de
1594 2839 1798 2882 libertate
1844 2842 2051 2881 constru-

1177 2900 1335 2941 ctionis
1368 2899 1530 2941 dictum
1562 2898 1615 2940 ad
1646 2898 1685 2940 11
1718 2900 1791 2942 31.

1269 2958 1373 3013 Cap.
1408 2959 1479 3002 58.
1549 2958 1694 3001 eodem
1725 2970 1877 3001 anno.-
1906 2956 1966 3000 cf.
1997 2957 2052 3000 ad

1177 3018 1194 3059 1
1227 3019 1298 3060 53.

1267 3078 1530 3130 octinqentos
1562 3082 1602 3117 et
1629 3076 1920 3131 quadraqiuta
1949 3082 2051 3117 aute

1177 3150 1340 3177 annos:
1383 3135 1523 3188 fama,
1571 3148 1698 3190 quam
1733 3135 1776 3176 h.
1809 3134 1839 3177 l.
1872 3140 2050 3177 secutus

1179 3201 1245 3237 est
1275 3195 1464 3247 Tacitus,
1497 3194 1616 3235 urbis
1647 3194 1811 3236 Romae
1845 3194 2050 3236 condito-

1177 3255 1301 3296 ribus
1334 3268 1429 3295 cum
1463 3265 1572 3308 opus
1593 3253 1940 3310 aggrederentur
1965 3255 2050 3295 tri-

1180 3314 1299 3370 ginta
1332 3326 1469 3355 annos
1512 3313 1745 3355 tribuebat.
1812 3313 1899 3355 Iam
1933 3314 2048 3355 onim

1179 3376 1222 3415 in
1257 3375 1358 3415 anni
1379 3373 1465 3415 811
1493 3373 1624 3415 rebus
1654 3372 1904 3415 enarrandis
1933 3373 2046 3415 scri-

1178 3439 1278 3488 ptor
1307 3438 1529 3485 versatur,
1580 3439 1623 3474 et
1667 3445 1823 3474 annum
1857 3431 2045 3474 nondum

1180 3493 1349 3535 finitum
1402 3506 1457 3535 ex
1499 3493 1826 3547 computatione
1869 3490 2044 3532 exemit.

1182 3553 1386 3596 Ceterum
1422 3552 1565 3607 prisca
1598 3551 1704 3593 ficus
1726 3549 1967 3591 Ruminalis
1993 3547 2047 3589 ad

1181 3612 1393 3669 Lupercal
1435 3611 1518 3653 fuit
1563 3612 1606 3652 in
1639 3609 1856 3651 radicibus
1888 3609 2046 3650 montis

1183 3673 1392 3725 Palatini,
1437 3671 1514 3714 scd
1551 3671 1596 3712 in
1636 3668 1857 3711 comitium
1889 3671 2047 3723 sponte
