2280 4004
225 316 332 363 a‘C.
369 320 484 366 20,-

227 467 278 515 et
313 459 800 513 conclamationibus
840 458 1068 511 dolorem
1107 457 1434 510 testabantur.

853 316 1016 361 LIBER
1046 313 1118 360 m.
1181 316 1287 360 Gne.
1328 317 1456 361 1-3.

1968 312 2057 360 10¹7

1507 457 1699 509 Drusus
1730 455 2056 509 Tarracinam

228 564 532 620 progressus
567 556 644 603 est
679 567 789 602 cum
834 549 1045 602 Claudio
1084 549 1243 602 fratre
1274 547 1551 615 liberisque
1591 547 1909 611 Germanici,
1963 547 2050 613 qui

226 644 278 695 in
316 643 442 695 urbe
480 642 694 694 fuerant.

770 640 1021 692 Consules
1051 640 1250 691 Marcus
1278 639 1508 691 Valerius
1544 644 1593 691 et
1627 638 1781 692 Gaius
1816 637 2054 689 Aurelius

227 736 354 798 (iam
379 734 510 786 enim
540 733 886 800 magistratum
916 736 1248 797 occeperant)
1287 735 1337 782 et
1373 735 1576 782 senatus
1620 747 1681 782 ac
1719 745 1901 798 magna
1937 744 2055 795 pars

225 824 393 893 populi
432 825 562 876 viam
602 823 939 889 complevere,
979 822 1178 874 disiecti
1219 827 1268 873 et
1303 827 1356 872 ut
1397 822 1579 888 cuique
1617 822 1811 875 libitum
1848 821 2095 884 flentes35

227 918 402 970 aberat
438 916 621 982 quippe
656 915 910 979 adulatiO,
969 914 1143 982 gnaris
1184 914 1416 965 omnibus
1457 914 1638 965 laetam
1676 913 1880 966 Tiberio
1923 913 2055 964 Ger—

176 1008 408 1064 3ntanici
462 1011 673 1058 mortem
718 1005 850 1057 male
905 1005 1230 1057 dissimulari.

1332 1005 1562 1057 Tiberius
1622 1011 1771 1071 atque
1823 1006 2053 1071 Augusta

224 1098 424 1166 publico
454 1097 760 1161 abstinuere,
791 1096 1007 1148 inferius
1084 1097 1294 1147 aiestate
1332 1110 1423 1147 sua
1437 1097 1560 1167 ,RQ
1589 1096 1632 1146 si
1670 1095 1834 1161 palam
1859 1095 2056 1146 lamen-

226 1193 478 1253 tarentur,
543 1203 608 1239 an
656 1203 720 1238 ne
764 1187 984 1238 omnium
1033 1186 1194 1237 oculis
1243 1186 1429 1236 vultum
1483 1200 1658 1237 eorum
1712 1184 2054 1237 scrutantibus

226 1279 339 1332 salsi
377 1279 808 1346 intellegerentur.

347 1435 384 1476 l‘.
422 1432 679 1473 tarrict'mcm
711 1431 776 1476 M:
812 1431 1002 1472 correxit
1033 1428 1289 1474 Beroaldus.

1030 1492 1096 1533 10.
1130 1487 1432 1543 intellegentur
1469 1487 1532 1529 M:
1579 1488 1769 1528 correxit
1798 1485 2055 1529 Beroaldus.

226 1499 327 1533 rant
361 1491 400 1534 M
436 1493 545 1547 (non
579 1494 902 1548 accceperant).

226 1558 329 1608 aput
358 1551 413 1594 M.

275 1680 323 1723 C.
340 1676 541 1722 Aurelius
555 1693 569 1720 .·
587 1680 629 1720 in
646 1679 848 1735 catalogo
870 1678 1097 1732 consulum

228 1740 325 1782 libri
349 1739 463 1781 Lv11
494 1740 649 1781 Dionis
672 1739 756 1794 (ibi
789 1751 843 1780 ex
875 1736 1100 1779 codicibus

226 1805 420 1855 sumptus
437 1805 608 1852 est,non
622 1798 780 1839 utalibi
796 1811 820 1838 a
832 1796 1100 1838 Leunclavio

227 1860 536 1916 concinnatus)
572 1864 615 1899 et
649 1857 762 1912 apud
794 1855 1101 1899 Cassiodorum

229 1930 492 1973 praenomen
523 1916 691 1959 Aurelii
724 1916 927 1958 scribitur
950 1915 1009 1957 M.

316 1979 404 2019 iam
435 1977 545 2017 enim
585 1977 880 2031 mayistratum
923 1987 1102 2029 occepe-

233 2044 366 2078 rmtt:
421 2048 547 2091 quam
588 2035 799 2090 religiose
842 2033 1013 2074 'l'acitus
1059 2034 1101 2072 in

232 2094 543 2150 componendis
601 2093 668 2134 his
722 2094 843 2135 libris
893 2103 1102 2133 annorum

231 2155 388 2196 seriem
433 2154 618 2208 (quippe
659 2152 841 2194 «trinales
885 2164 983 2192 esse
1026 2162 1103 2192 eos

233 2213 433 2268 volebat)
486 2211 742 2266 plerumque
800 2217 977 2252 secutus
1030 2211 1102 2262 sit,

231 2285 336 2327 prae
394 2272 552 2313 ceteris
610 2272 727 2312 tertii
779 2269 877 2311 libri
934 2271 1103 2311 initium

233 2330 439 2374 ostendit,
489 2330 596 2372 Num
612 2336 838 2385 postquam
861 2329 915 2370 de
938 2329 1104 2384 Agrip-

233 2392 362 2446 pinae
372 2390 658 2446 navigatione
670 2388 859 2430 narratio
875 2387 956 2429 sub
974 2388 1103 2429 linem

233 2450 331 2493 libri
362 2448 543 2491 secundi
577 2448 640 2504 (Π
664 2448 743 2505 79)
775 2448 972 2503 abrupta,
997 2449 1102 2489 etin

233 2508 412 2563 reliquis
445 2508 539 2549 eius
580 2508 679 2549 libri
723 2507 939 2562 capitibus
969 2506 1103 2562 longo

231 2568 418 2619 diversa,
441 2580 551 2623 quae
577 2566 729 2609 eodem
752 2579 866 2608 anno
895 2579 1102 2617 evenere,

234 2632 430 2670 enarrata
471 2633 593 2679 sunt,
634 2627 679 2667 in
720 2627 822 2667 novi
870 2626 967 2668 libri
1010 2627 1104 2679 pri-

232 2687 398 2728 mordio
441 2684 645 2739 exponit,
697 2699 825 2741 quem
870 2686 913 2725 in
960 2685 1103 2726 locum

234 2745 583 2802 (iu-Corcyram)
617 2757 729 2786 anno
752 2746 924 2785 ineunte
940 2745 1104 2799 Agrip-

235 2806 334 2859 pina
366 2805 559 2845 venerit:
612 2817 709 2844 nam
744 2804 858 2845 hunc
892 2803 1047 2844 librum
1081 2816 1104 2843 a

236 2865 336 2905 novi
381 2864 483 2904 anm
535 2862 664 2905 rebus
707 2864 902 2916 incipere
945 2868 988 2903 et
1029 2874 1107 2916 per

235 2935 283 2963 se
316 2926 381 2962 eet
414 2920 624 2964 credibile
671 2927 714 2962 et
746 2935 800 2963 ex
832 2921 899 2962 his
931 2920 1107 2962 indiciis

237 2979 475 3036 colligitur.
521 2978 800 3022 Germanicus
824 2986 1017 3021 mortuus
1044 2986 1109 3022 est

236 3051 386 3081 utiense
418 3037 652 3080 Novembri
694 3038 765 3080 vel
808 3039 939 3094 paulo
974 3041 1107 3093 prius,

237 3103 284 3139 ut
324 3103 444 3153 patet
493 3110 548 3138 ex
589 3098 768 3140 Sueten.
803 3096 944 3155 Calig.
979 3113 1017 3140 c.
1050 3098 1108 3141 6:

237 3157 310 3199 sed
339 3164 383 3199 ιιι
416 3157 578 3199 demum
606 3159 699 3213 sato
730 3160 922 3213 [revictum
961 3157 1110 3214 palam

241 3216 449 3271 (Romae)
482 3218 644 3270 factum
685 3224 768 3269 cst,
819 3229 905 3258 non
947 3216 1110 3258 solatiis

241 3273 360 3324 ullis,
419 3286 505 3314 twa
549 3275 696 3317 edictis
746 3275 934 3317 inhiberi
975 3275 1110 3316 tuctus

235 3331 428 3388 publicus
473 3333 633 3387 potuit,
686 3334 933 3387 decrescitque
984 3334 1108 3374 etiam

235 3405 316 3447 per
354 3391 484 3446 sectos
529 3390 776 3433 Decembris
820 3394 974 3434 mensi:
1007 3392 1107 3433 dies.

241 3450 482 3504 Agrippina
514 3455 655 3490 autem
689 3450 740 3490 ad
775 3451 913 3491 mariti
955 3463 1110 3504 corpus

240 3510 322 3550 rite
355 3507 718 3559 connburendum,
753 3508 804 3550 ad
838 3507 1109 3563 colligendas

240 3579 311 3609 res
363 3566 656 3623 proficiscenti
708 3569 1000 3619 necessarias-³,
1057 3567 1109 3609 ad

245 3628 326 3670 iter
356 3638 410 3669 ex
448 3626 573 3682 Syria
613 3627 657 3670 in
705 3626 938 3683 Corcyram
970 3625 1110 3669 confi.

245 3685 445 3728 ciendum
482 3685 616 3730 facile
662 3685 749 3729 duo
780 3691 990 3739 meuses„
1021 3684 1112 3730 No-

905 1279 1114 1330 Matrem
1159 1277 1433 1328 Antoniam
1479 1291 1583 1328 non
1633 1275 1765 1342 apud
1818 1280 2054 1328 auctores
2076 1294 2122 1329 io

1354 1430 1395 1470 3.
1434 1428 1493 1469 M.
1523 1434 1566 1469 et
1600 1428 1648 1470 C.
1682 1428 1735 1469 M.
1799 1427 1842 1470 4.
1879 1440 2057 1484 occepe-

1186 1677 1407 1718 vembrem
1457 1690 1506 1717 ac
1561 1676 1870 1727 Decembrem,
1920 1675 2062 1729 potuit

1186 1738 1419 1777 insumere.
1482 1735 1571 1776 Iam
1612 1735 1764 1788 paucis
1807 1736 1912 1775 novi
1959 1736 2060 1776 anni
2115 1765 2120 1768 Δ

1186 1794 1339 1836 diebus
1382 1795 1434 1836 ad
1476 1796 1664 1835 animum
1715 1793 2060 1847 componendum

1186 1853 1405 1907 Corcyrae
1437 1855 1641 1909 sumptis,
1692 1853 1977 1909 navigatione
2011 1853 2063 1894 ad

1187 1913 1392 1968 oppidum
1454 1912 1732 1953 Brundisium
1798 1918 1841 1953 et
1903 1913 2061 1954 itinere

1186 1973 1379 2014 terrestri
1422 1986 1475 2013 ex
1521 1970 1748 2012 Calabriae
1793 1972 1881 2012 oris
1924 1984 2063 2026 usque

1187 2033 1239 2073 ad
1271 2032 1420 2072 urbem
1438 2031 1617 2072 Romam
1641 2030 1854 2084 perfecto,
1889 2032 2063 2072 interim

1186 2092 1271 2132 duo
1342 2102 1515 2131 menses
1570 2102 1620 2130 ac
1675 2089 1910 2131 nonnullos
1970 2089 2063 2131 dies

1187 2149 1411 2191 effluxisse
1430 2148 1602 2189 iudico:
1637 2161 1732 2189 nam
1751 2149 1997 2203 quominus
2021 2149 2064 2189 id

1189 2209 1396 2262 temporis
1436 2209 1621 2263 spatium
1677 2207 1730 2248 ab
1763 2207 1840 2249 illo
1874 2207 1917 2247 in
1952 2206 2063 2248 Cor-

1189 2281 1333 2321 cyram
1348 2267 1538 2308 adventu
1556 2268 1819 2321 praeterisse
1834 2267 2061 2320 accipiam,

1189 2338 1330 2382 neque
1349 2326 1482 2368 verba
1508 2328 1594 2368 uem
1626 2327 1738 2367 enim
1767 2327 2064 2381 vnayistralum

1187 2393 1444 2441 occeperunt
1474 2386 1722 2440 prohibent,
1757 2391 1799 2426 et
1823 2398 1933 2441 quae
1961 2397 2061 2426 mox

1188 2451 1403 2500 sequuntu
1411 2459 1429 2485 r
1454 2446 1554 2499 quia
1570 2444 1766 2486 ludorum
1784 2443 2064 2500 Meqalesium

1186 2504 1474 2560 spectac-ulma
1505 2505 1690 2555 suberat,
1724 2509 1769 2544 ut
1803 2505 1861 2545 ita
1878 2509 2061 2544 statuam

1188 2564 1386 2605 suadent.
1450 2562 1556 2604 Cum
1591 2564 1703 2604 enini
1746 2562 1987 2619 Megalesia
2019 2563 2062 2602 in

1190 2625 1332 2665 Nonas
1371 2623 1546 2677 Apriles
1587 2622 1856 2675 inciderent,
1901 2621 2061 2663 Tiberii

1189 2683 1394 2734 edictum,
1429 2682 1557 2737 paulo
1592 2688 1689 2736 post
1721 2682 1930 2737 reliquias
1952 2680 2062 2723 Ger-

1189 2743 1347 2784 manici
1402 2742 1615 2796 sepositas
1664 2742 1854 2792 factum,
1915 2753 2063 2782 mense

1190 2802 1342 2843 Martio
1376 2802 1642 2855 propositum
1678 2806 1757 2842 est.
1823 2800 1906 2841 Sed
1950 2799 2064 2840 unde

1191 2860 1415 2902 luculente
1457 2860 1741 2915 perspicitur,
1786 2859 1907 2901 linito
1951 2858 2063 2900 libro

1190 2919 1382 2962 secundo
1428 2921 1558 2960 etiam
1601 2921 1702 2960 anni
1747 2919 1800 2961 19
1832 2923 1929 2972 post
1961 2915 2062 2958 Chr.

1190 2978 1432 3020 absolutam
1467 2991 1563 3020 esse
1596 2976 1846 3030 historiam,
1883 2991 1933 3019 ea
1966 2982 2066 3017 sunt

1193 3050 1303 3094 quae
1336 3038 1375 3079 Π
1406 3037 1464 3080 85
1488 3063 1542 3070 -
1562 3038 1620 3080 88
1652 3042 1893 3079 narrantur.
1955 3036 2061 3077 Nam

1191 3103 1417 3153 postquam
1450 3098 1708 3151 praecipuas
1742 3097 1835 3136 eius
1868 3097 1968 3136 anni
1995 3107 2064 3135 res

1195 3158 1397 3211 exposuit
1430 3167 1608 3205 omues,
1653 3167 1730 3195 sua
1764 3154 1845 3194 sibi
1881 3152 2063 3194 formula

1194 3216 1357 3270 (eodem
1380 3218 1516 3269 atarto)
1549 3213 1754 3267 quasdam
1787 3211 2066 3253 secundarias

1195 3275 1316 3328 quasi
1362 3274 1403 3312 in
1455 3271 1805 3324 supplementum
1857 3283 1880 3309 a
1922 3271 2065 3323 capite

1193 3331 1250 3374 85
1283 3343 1419 3385 usque
1463 3330 1514 3370 ad
1549 3329 1673 3369 linem
1717 3327 1815 3369 libri
1851 3327 2064 3382 adiungit.

1196 3388 1262 3431 (tf.
1305 3390 1357 3430 ad
1404 3388 1419 3429 1
1461 3389 1530 3430 53.
1596 3387 1875 3441 Aliquotiens
1923 3392 2064 3427 tamen

1198 3448 1318 3488 linito
1350 3447 1461 3488 libro
1497 3458 1563 3485 res
1598 3447 1727 3487 totins
1747 3445 1846 3486 anni
1877 3444 2064 3486 nondum

1195 3506 1420 3548 absolutae
1446 3511 1558 3546 sunt.
1594 3504 1716 3558 Quod
1737 3504 1906 3560 quando
1929 3503 2066 3546 licere

1196 3565 1275 3607 sibi
1310 3565 1552 3620 putaverit,
1598 3564 1790 3607 dicemus
1824 3561 1875 3604 ad
1915 3561 1990 3605 ΧΠ
2026 3567 2063 3605 1.

1280 3625 1434 3668 taceam
1474 3623 1635 3667 Tiberio
1669 3623 1917 3666 Germanici
1948 3634 2065 3664 mor-

1197 3690 1303 3726 tem.-
1334 3681 1421 3727 Dio
1450 3678 1562 3727 Lvn
1597 3683 1666 3728 18.
