2280 4004
260 277 348 320 816
1040 283 1333 328 ANNAleM

1829 299 1869 332 a.
1901 297 1947 332 u.
1977 287 2081 338 818.

262 423 646 491 obtemperanS,
683 440 748 476 ne
787 425 954 478 fessus
988 427 1267 493 resideret,
1322 443 1388 480 ne
1427 429 1666 482 sudorem
1701 430 1897 484 nisiea
1938 446 2086 499 quam

260 513 453 565 indutui
502 515 714 580 gerebat
758 522 900 567 veste
945 518 1260 586 detergeret,
1320 524 1373 569 ut
1418 519 1551 572 nulla
1604 521 1709 573 oris
1759 526 1844 572 aut
1888 523 2085 575 narium

261 609 582 656 excrementa
611 605 912 658 viserentur.
987 608 1245 660 Postremo
1273 610 1432 662 flexus
1457 626 1610 678 genU,
1637 617 1688 663 et
1719 617 1917 664 coetum
1947 612 2085 666 illum

261 710 411 746 manu
444 701 735 761 veneratUS,
762 699 1041 750 sententias
1076 700 1297 751 iudicum
1337 702 1694 767 opperiebatur
1724 703 1841 755 ficto
1877 711 2086 770 pavore.

224 785 320 835 ⁵Et
355 785 498 851 plebs
529 787 728 852 quidem
759 789 917 854 urbis,
955 783 1253 842 histrionum
1282 807 1482 859 quoque
1516 799 1690 860 gestus
1716 793 1892 846 iuvare
1920 794 2088 860 solita,

259 878 570 943 personabat
610 880 761 931 certis
800 881 965 933 modis
996 882 1274 949 plausuque
1315 886 1613 950 composito.
1691 886 1943 938 Crederes
1979 887 2091 939 lae-

259 969 380 1032 tari3
443 985 503 1020 ac
553 970 772 1023 fortasse
832 972 1149 1024 laetabantur
1195 990 1287 1051 per
1338 976 1595 1046 incuriam
1644 977 1831 1045 publici
1889 978 2086 1046 flagitii

260 1059 360 1112 Sed
403 1060 487 1126 qui
524 1063 731 1112 remotis
785 1079 813 1114 e
867 1065 1154 1131 municipiis
1207 1082 1541 1134 severamque
1596 1067 1762 1119 adhuc
1809 1074 1859 1120 et
1896 1055 2138 1136 antiqui5

259 1152 414 1202 moris
456 1153 732 1204 retinentes
773 1155 989 1220 Italiam,
1055 1157 1238 1227 quique
1296 1174 1388 1224 per
1438 1159 1743 1227 longinquas
1794 1161 2087 1227 provincias
2150 1143 2157 1175 s

200 1241 501 1294 ¹⁰lasciviae
539 1245 786 1310 inexperti
826 1247 995 1298 officio
1044 1248 1354 1316 legationum
1392 1257 1475 1301 aut
1511 1253 1705 1318 privata
1742 1240 1955 1304 utilitate
1992 1253 2090 1304 ad-
2135 1244 2137 1247 ¹

257 1340 535 1399 venerant,
587 1351 752 1403 neque
792 1345 1048 1404 aspectum
1089 1341 1225 1391 illum
1278 1341 1502 1394 tolerare
1538 1357 1702 1408 neque
1735 1343 1900 1394 labori
1935 1343 2089 1395 inho-

257 1431 403 1476 nesto
445 1426 710 1492 sufficere,
774 1445 883 1480 cum
927 1432 1158 1482 manibus
1208 1433 1397 1483 nesciis
1447 1433 1771 1498 fatiscerent,
1827 1433 2132 1491 turbarent,

257 1532 483 1584 gnarOS,
531 1534 591 1569 ac
630 1534 785 1585 saepe
823 1538 850 1572 a
888 1521 1130 1574 militibus
1167 1523 1589 1588 verberarentur,
1645 1524 1727 1592 qui
1762 1539 1856 1591 per
1897 1539 2088 1577 cuneos

259 1610 491 1674 stabant,
556 1625 620 1662 ne
661 1612 795 1677 quod
847 1615 1091 1678 temporis
1141 1619 1444 1679 momentum
1500 1616 1678 1682 impari
1733 1615 1956 1667 clamore
2007 1620 2092 1667 aut
2134 1634 2142 1661 ·.

199 1710 244 1745 ¹5
261 1700 465 1752 silentio
504 1703 651 1770 segni
687 1704 1006 1770 praeteriret.
1085 1705 1320 1756 Constitit
1366 1706 1639 1773 plerosque
1678 1707 1925 1773 equitum,
1958 1706 2090 1758 dum
2140 1700 2146 1743 j

260 1806 350 1857 per
391 1794 651 1859 angustias
711 1795 875 1846 aditus
934 1801 984 1847 et
1024 1797 1343 1864 ingruentem
1398 1798 1764 1849 multitudinem
1817 1798 2087 1863 enituntur,

370 1984 413 2025 3.
443 1984 633 2025 uiserent
664 1982 830 2026 BGMa:
888 1991 1098 2027 mutatum
1147 1986 1190 2026 in
1230 1985 1313 2028 les,
1355 1999 1380 2027 a
1427 1999 1517 2028 sec.
1568 1999 1623 2028 m.
1674 1992 1717 2028 et
1758 2000 1783 2028 a
1827 1973 2088 2029 Puteolano.

254 2049 419 2084 caetum
453 2042 530 2084 Ma.
673 2045 712 2086 7.
748 2045 955 2085 iniuriam
989 2033 1118 2087 GMa‘:
1170 2046 1361 2087 correxit
1391 2046 1633 2087 Acidalius.
1758 2046 1800 2090 9.
1835 2044 2091 2109 lonqinquas

252 2100 467 2143 Pichena:
502 2101 567 2144 Ma
599 2103 799 2158 lonquas,
834 2106 969 2146 ceteri
1003 2106 1168 2160 Ionqas.
1273 2107 1340 2148 10.
1376 2104 1563 2147 lascivit&
1593 2106 1758 2161 experti
1786 2103 1854 2147 Ma
1885 2118 1982 2148 cum
2013 2118 2092 2148 ce-

253 2163 384 2203 teris:
419 2163 609 2204 correxit
636 2163 917 2206 Puteolanus.
1017 2167 1081 2207 11.
1119 2163 1413 2207 laboreGMa:
1447 2167 1582 2208 tacite
1618 2165 1811 2207 correxit
1835 2164 2088 2209 Rhenanus.

258 2222 326 2266 14.
361 2222 449 2279 inp.
482 2221 562 2264 Ma.
662 2224 729 2266 15.
765 2225 957 2267 consistit
987 2223 1068 2268 Ma.

339 2396 393 2424 ne
435 2387 572 2439 fessus
605 2408 658 2416 —-
701 2383 968 2423 viserentur:
1020 2381 1130 2424 haec

254 2443 476 2496 copiosius
556 2443 833 2497 persequitur
895 2442 1130 2484 Suetonius

251 2501 351 2544 Ner.
382 2506 466 2546 24:
513 2504 559 2543 in
592 2502 796 2544 certando
829 2516 929 2542 vero
970 2502 1033 2542 ita
1065 2501 1131 2542 le-

250 2562 295 2617 9i
331 2562 563 2612 obediebat,
588 2570 633 2603 ut
664 2575 881 2615 nunquam
902 2575 1130 2602 exscreare

252 2634 380 2662 ausus
411 2622 606 2662 sudorem
638 2635 797 2674 quoquc
838 2622 996 2673 frontis
1026 2622 1131 2661 bra-

253 2680 347 2722 chio
378 2681 629 2735 deber-yeret.
678 2678 743 2720 Cf.
772 2679 853 2720 Dio
875 2692 943 2732 ap.
966 2679 1129 2733 Xiphil.

251 2739 343 2781 LXI
376 2742 447 2792 20,
475 2738 601 2780 LXIII
635 2738 675 2781 9.
797 2741 1029 2779 sententias
1061 2740 1131 2779 iu-

253 2799 393 2840 dicum
435 2824 480 2831 —
524 2812 712 2854 pavore:
763 2799 892 2840 etiam
945 2797 998 2839 de
1049 2797 1133 2838 hoc

253 2858 379 2913 plura
421 2859 534 2912 apud
569 2857 824 2901 Suetonium
870 2871 964 2911 cap.
999 2858 1055 2901 23
1090 2862 1133 2898 et

254 2918 441 2959 Dionem
474 2918 583 2959 locis
619 2917 839 2959 indicatis.
905 2917 1025 2967 Quae
1051 2930 1131 2959 an-

254 2977 463 3019 tecedunt
497 2985 658 3018 coetum
688 2976 808 3017 illum
838 2990 970 3017 manu
1001 2991 1130 3016 vene-

254 3043 390 3088 ratus,
425 3036 534 3078 haec
566 3035 815 3092 significant
837 3036 1134 3076 adorationem

254 3096 406 3151 populi
435 3110 459 3137 a
480 3095 654 3138 Nerone
676 3102 910 3149 peractam,
946 3101 989 3136 et
1021 3094 1133 3135 hanc

254 3169 411 3198 vocem
468 3162 684 3211 tamquam
743 3154 998 3209 quotidiano
1052 3167 1133 3195 usu

255 3217 398 3256 tritam
418 3214 591 3256 Tacitus
618 3216 789 3256 vitavit.
851 3213 967 3255 Nero
989 3220 1133 3254 autem

256 3275 454 3316 adoravit
486 3275 717 3329 populum,
768 3275 869 3328 quia
909 3274 950 3313 in
989 3279 1134 3314 certa.-

257 3334 447 3375 minibus
491 3334 659 3376 iudices
701 3332 828 3374 huius
861 3333 1057 3374 favorem
1092 3338 1134 3373 et

259 3407 483 3435 assensum
531 3395 575 3434 in
617 3392 850 3434 iudicando
897 3393 1133 3446 praecipue

259 3453 530 3507 spectabant.

348 3510 451 3565 Cap.
487 3513 527 3554 5.
590 3513 665 3553 sed
684 3514 822 3566 qui—
842 3511 1131 3552 advenerant.-

260 3572 343 3611 iani
379 3572 522 3612 severi
555 3584 605 3613 ac
638 3570 820 3612 modesti
858 3574 1135 3624 opponuntut

262 3629 412 3670 turbae
455 3630 645 3672 urbanae
690 3643 740 3672 ac
782 3629 975 3671 lascivae
1007 3627 1134 3669 modo

263 3692 638 3731 commemoratae.

772 3686 976 3740 lasciviae
1006 3689 1135 3729 inem-

1210 2383 1348 2438 perti:
1380 2380 1567 2436 praetuli
1596 2380 1709 2422 hanc
1726 2379 1958 2422 Puteolani
1983 2391 2092 2422 con-

1214 2443 1425 2484 iecturam
1459 2442 1516 2493 ei,
1550 2454 1677 2496 quam
1703 2439 1750 2482 G.
1775 2439 1876 2482 Otto
1895 2438 2091 2484 Divinat.

1215 2501 1384 2543 Livian.
1431 2514 1472 2555 p.
1506 2499 1562 2543 41
1596 2501 1822 2554 proposuit
1855 2499 2088 2556 (lascivia),

1217 2562 1414 2615 quamvis
1448 2561 1626 2614 propius
1660 2559 1889 2602 accedenti
1922 2557 1976 2600 ad
2007 2557 2093 2599 dn..

1217 2626 1310 2660 ctus
1344 2619 1443 2660 libri
1466 2618 1545 2660 Ma.
1608 2618 1714 2660 Nam
1746 2619 1992 2674 ineoepertus
2017 2617 2093 2661 ubi

1217 2685 1283 2720 est
1315 2678 1509 2732 ἄπειρος
1540 2678 1636 2718 sive
1675 2678 1879 2732 iynarus,
1930 2681 1977 2716 ut
2008 2676 2093 2718 hoc

1216 2738 1338 2790 loco,
1391 2737 1634 2792 genitivum
1677 2738 1843 2789 poscit,
1897 2734 2090 2777 ablativo

1216 2798 1436 2853 iungitur,
1489 2809 1586 2839 cum
1619 2798 1792 2850 passiva
1824 2793 2090 2852 significatio

1217 2857 1340 2898 adest
1389 2870 1477 2897 non
1522 2854 1795 2911 exploratus,
1854 2859 1899 2896 et
1943 2860 2093 2896 sextus

1217 2930 1341 2958 casus
1354 2916 1625 2958 instrumenti
1642 2917 1865 2957 notionem
1880 2915 2091 2957 continet.

1216 2978 1266 3018 H.
1291 2976 1308 3017 I
1339 2976 1390 3018 8:
1425 2976 1493 3016 vir
1521 2975 1734 3030 facundus
1777 2981 1816 3017 ee
1858 2974 1983 3029 pacis
2013 2987 2093 3014 ar-

1216 3036 1346 3086 tibus,
1381 3034 1446 3074 bel
1472 3035 1499 3075 ‘s
1532 3035 1791 3089 inexpertus.
1855 3033 1906 3075 H.
1938 3032 1977 3073 Π
2009 3033 2092 3075 75:

1216 3108 1315 3135 suas
1339 3093 1447 3149 leqio
1508 3109 1527 3134 s
1550 3093 1669 3134 civili
1699 3093 1806 3135 bello
1828 3093 2090 3148 inexpertas.

1217 3154 1287 3195 Sic
1319 3153 1468 3194 Livius
1493 3165 1669 3208 quoque
1688 3151 1821 3194 xxm
1849 3150 1928 3194 18:
1963 3165 2092 3192 exer-

1218 3215 1344 3254 cilum
1385 3214 1430 3253 in
1485 3214 1603 3254 tectis
1650 3212 1819 3264 habuit,
1889 3210 2091 3252 adversus

1217 3274 1362 3313 omnia
1394 3272 1586 3313 humana
1613 3271 1731 3312 mala
1775 3283 1902 3325 saepe
1934 3283 1987 3310 ac
2019 3269 2092 3310 diu

1218 3332 1428 3383 duratum,
1466 3331 1585 3372 bonis
1615 3332 1883 3386 inexpertum
1915 3326 2090 3384 (durch

1219 3390 1359 3432 Gliick
1399 3391 1512 3431 noch
1559 3389 1681 3431 nicht
1720 3386 1933 3445 gepriift')
1968 3394 2090 3441 atque

1216 3451 1438 3491 insuetum.

1305 3509 1525 3550 turbarent
1563 3521 1751 3563 quat-:os
1796 3505 1902 3547 dicit
1933 3504 2088 3558 Augu-

1217 3573 1364 3610 stauos
1397 3570 1550 3623 eisque
1580 3566 1768 3608 similes.
1801 3563 1897 3605 XIV
1935 3561 2001 3603 15.

1305 3627 1503 3668 sedilibus
1543 3626 1818 3668 continuant.-
1860 3634 1904 3663 v.
1938 3622 2085 3660 annot

1218 3683 1424 3729 adlffoo
