2280 4004
155 302 158 304 Α
231 275 257 306 a
287 263 337 309 O.
370 265 443 313 35.
805 266 967 311 LIBER
1001 268 1073 313 Vl.
1133 268 1241 320 Car.
1275 268 1465 312 34—37.
1963 267 2048 311 351

146 408 597 475 &victoriamque
651 424 977 463 concessere.
1071 410 1191 461 Mox
1225 409 1515 462 Artabanus
1571 412 1678 461 to'ta
1725 409 1860 462 mole
1903 410 2052 478 regni

230 500 384 551 ultum
442 501 514 552 iit.
606 501 789 553 Peritia
846 501 1075 552 locorum
1139 502 1202 552 ab
1258 501 1461 554 Hiberis
1518 501 1696 553 melius
1761 507 2049 569 pugnatum.

229 591 336 642 Nec
374 591 494 642 ideo
534 592 882 655 abscedebat,
944 592 995 642 ni
1042 593 1318 643 contractis
1358 592 1647 659 legionibus
1685 591 1945 657 Vitellius,
2002 596 2052 643 et

230 681 432 733 subdito
469 696 709 745 rumore,
766 686 1015 746 tamquam
1055 682 1473 748 Mesopotamiam
1511 682 1812 749 invasurus,
1867 687 2051 735 metum

228 773 440 825 Romani
477 772 596 824 belli
632 772 856 824 fecisset.
929 773 1050 824 Tum
1090 774 1278 825 omissa
1319 774 1592 839 Armenia,
1629 783 1912 841 versaeque
1947 774 2090 828 Δι’-5

230 862 398 914 tabani
441 873 558 927 reS,
617 862 876 915 inliciente
916 863 1148 928 Vitellio,
1202 864 1500 916 desererent
1542 881 1718 933 regem
1757 867 1962 918 saevum
2001 865 2054 916 in

227 969 354 1020 pace
414 958 464 1006 et
517 953 750 1006 adversis
820 954 1129 1021 proeliorum
1194 956 1478 1007 exitiosum.
1577 957 1738 1024 Igitur
1787 957 2053 1022 SinnaceS,

228 1056 374 1110 quem
414 1049 563 1096 antea
598 1045 851 1096 infensum
890 1044 1186 1110 memoravi,
1226 1051 1421 1111 patrem
1446 1046 1791 1113 Abdagaesen
1825 1047 2056 1113 aliosque

228 1134 732 1216 ⁰·Q§.„P⁰¹¹Si¹ii⁷
785 1141 834 1187 et
868 1141 986 1187 tunc
1024 1137 1277 1187 continuis
1317 1136 1546 1187 cladibus
1585 1138 1950 1203 promptioreS,
1990 1137 2056 1189 ad

228 1226 567 1278 defectionem
595 1226 762 1291 trahit,
795 1227 1130 1278 adfluentibus
1165 1226 1400 1293 paulatim
1433 1228 1518 1293 qui
1547 1232 1682 1279 metu
1706 1229 1870 1295 magis
1911 1243 2056 1294 quam
2074 1245 2122 1282 io

227 1317 570 1369 benivolentia
610 1318 825 1370 subiecti
873 1319 1088 1384 repertis
1142 1318 1435 1369 auctoribus
1473 1317 1783 1370 sustulerant
1821 1319 2054 1369 animum.

228 1407 334 1459 Nec
370 1408 467 1458 iam
506 1408 643 1460 aliud
681 1408 942 1460 Artabano
977 1409 1255 1475 reliquum,
1317 1423 1463 1474 quam
1515 1410 1559 1460 si
1610 1410 1694 1475 qui
1731 1415 2058 1461 externorum

230 1499 435 1565 corpori
475 1499 721 1551 custodes
757 1499 985 1565 aderant,
1025 1500 1133 1551 suis
1163 1500 1375 1566 quisque
1415 1500 1623 1553 sedibus
1657 1506 1908 1566 extorreS,
1949 1502 2059 1567 quis

233 1604 398 1656 neque
438 1589 560 1641 boni
598 1590 883 1642 intellectus
925 1605 1090 1656 neque
1127 1590 1248 1642 mali
1291 1606 1430 1656 cura,
1459 1591 1552 1643 sed
1586 1592 1825 1644 mercede
1863 1591 2061 1644 aluntur

227 1681 443 1732 ministri
470 1681 768 1733 sceleribus
842 1682 932 1733 His
968 1682 1244 1748 adsumptis
1273 1683 1325 1732 in
1351 1682 1630 1750 longinqua
1668 1688 1718 1734 et
1747 1685 2124 1740 conterminam

227 1771 464 1838 Scythiae
498 1772 668 1839 sugam
711 1772 997 1837 maturavit,
1036 1788 1127 1838 spe
1166 1772 1369 1838 auxilii,
1409 1774 1527 1839 quia
1561 1774 1813 1841 Hyrcanis
1850 1775 2062 1827 Carma-

227 1862 426 1928 niisque
479 1877 573 1928 per
622 1863 927 1915 adfinitatem
980 1863 1196 1916 innexus
1248 1869 1384 1916 erat:
1451 1870 1601 1931 atque
1649 1866 1850 1918 interim
1905 1882 2060 1933 posse

227 1952 436 2004 Parthos
477 1953 759 2005 absentium
795 1969 1020 2020 aequOS,
1081 1955 1432 2020 praesentibus
1470 1955 1717 2021 mobiles,
1773 1957 1838 2008 ad
1878 1957 2060 2023 paeni-

144 2043 433 2097 37tentiam
471 2044 669 2096 mutari.
767 2044 836 2095 At
869 2044 1097 2097 Vitellius
1150 2046 1370 2113 profugo
1408 2046 1670 2097 Artabano
1727 2051 1777 2098 et
1809 2047 1955 2100 flexis
1993 2048 2058 2099 ad

232 2148 418 2185 novum
458 2148 633 2201 regem
685 2119 998 2200 popularium
1051 2137 1261 2202 animis,
1327 2136 1555 2188 hortatus
1587 2136 1844 2188 Tiridaten
1884 2142 2123 2204 paratam

353 2250 396 2292 2.
439 2243 578 2287 ultimi
619 2246 665 2287 id
694 2246 757 2288 M:
802 2249 993 2289 correxit
1033 2247 1229 2302 Lipsius,
1278 2253 1379 2290 ante
1421 2259 1550 2303 ‘luem
1586 2248 1739 2291 ultimi.
1801 2249 1848 2291 id
1883 2250 2058 2305 peritia.

233 2304 306 2362 ab]
341 2305 400 2346 ad
429 2305 483 2348 M.
559 2309 603 2347 4.
637 2306 907 2349 sub-dictorum
940 2320 1015 2349 ore
1048 2308 1103 2350 M.
1195 2307 1237 2350 9.
1273 2306 1443 2349 consilit
1473 2307 1537 2348 M:
1571 2308 1821 2350 emendavit
1852 2308 2059 2352 Faernus.

231 2403 272 2445 id
328 2403 507 2446 verbum
574 2406 781 2447 omissum
842 2413 1101 2462 sequeretur
1271 2420 1373 2461 quos
1393 2420 1520 2462 super
1543 2421 1693 2461 eques.-
1729 2409 1899 2463 equites
1922 2408 2061 2450 Alba-

230 2464 463 2518 appositio,
507 2463 647 2505 veluti
679 2464 731 2506 A.
780 2465 858 2508 16:
905 2479 959 2507 ac
988 2466 1100 2508 velut

229 2523 348 2578 pacti
378 2525 591 2579 (essent),
620 2525 833 2565 exercitus
866 2524 1099 2578 licentiam,

232 2581 318 2623 ‹lua-
346 2581 540 2635 salutem,
556 2581 670 2625 ‘haec
699 2583 849 2625 seditio
871 2585 964 2626 sine
993 2599 1100 2627 san-

231 2641 358 2694 quine
388 2642 513 2683 stetit.

310 2706 357 2741 ut
383 2702 581 2756 conserta
601 2700 743 2742 acies:
765 2700 962 2742 conferta
984 2702 1101 2743 acies

232 2757 488 2800 Hiberorum
509 2760 745 2813 opponitur
770 2761 988 2801 contraria
1010 2761 1100 2802 dis-

232 2818 382 2859 tractis
405 2819 556 2859 turmis
581 2817 850 2861 Parthorum.
887 2826 1100 2872 conserta,

234 2880 278 2915 ut
311 2880 377 2916 est
409 2877 451 2916 in
485 2874 540 2928 M,
572 2876 686 2918 bene
718 2889 766 2918 se
798 2874 1004 2929 haberet,
1064 2879 1099 2919 si

232 2935 436 2987 scriptum
462 2940 578 2975 esset
603 2942 825 2976 consertae
852 2942 894 2977 et
919 2942 1101 2991 utraque

231 2993 350 3034 acies
374 2991 626 3035 Parthorum
648 2994 996 3050 {liberorumque
1030 2997 1100 3035 in..

233 3050 532 3107 telligeretur,
578 3051 632 3094 de
675 3065 761 3094 una
807 3060 952 3096 autem
1003 3055 1100 3095 acie

233 3115 332 3162 apte
351 3109 437 3152 dici
459 3113 627 3166 nequit.
659 3110 834 3154 Frustra
852 3112 1100 3154 Waltherus

233 3171 488 3220 provocavit
508 3170 561 3212 ad
583 3168 723 3211 Curtii
745 3170 803 3228 111
835 3173 862 3213 2
898 3173 950 3214 13
973 3174 1100 3227 (con-

232 3232 349 3267 serta
368 3228 526 3268 robora
547 3230 738 3270 virorum
751 3254 806 3260 -
819 3231 951 3271 armis
976 3243 1102 3271 arma

234 3289 452 3342 conserta)
468 3291 513 3326 et
542 3287 591 3327 11
628 3290 657 3329 4
680 3289 897 3343 (conserta
916 3295 956 3329 et
979 3289 1103 3342 quasi

232 3343 509 3385 cohaerentes
524 3349 655 3398 atque
670 3346 900 3387 contaem'mcs
914 3359 1101 3401 ,mquam

232 3404 373 3444 coacti
394 3405 654 3456 conserere),
679 3414 806 3455 porro
829 3403 882 3444 ad
907 3403 1100 3445 eiusdem

237 3460 328 3503 vn}
365 3462 417 3503 13
455 3463 506 3504 ¹2
537 3460 616 3517 (ibi
646 3460 758 3502 levia
793 3462 964 3516 proelia
995 3475 1102 3503 con-

231 3521 474 3574 serebant).·
527 3532 623 3561 nam
666 3521 707 3560 in
754 3518 819 3560 his
853 3519 962 3562 locis
994 3534 1100 3562 cort-

231 3591 376 3620 eerere
407 3591 527 3621 suam
562 3579 803 3633 potentiam
837 3584 1007 3631 tuetur,
1057 3581 1101 3620 in

234 3634 437 3683 Tacitino.
462 3637 615 3684 eadem
646 3638 827 3698 agnosci
860 3639 1025 3697 nequit.

1186 2478 1339 2508 norum
1357 2465 1706 2522 Hiberorumque
1731 2469 1957 2523 occupatis
1992 2467 2061 2509 lo-

1189 2526 1252 2566 cis
1280 2524 1587 2579 superioribus
1610 2526 1653 2566 in
1672 2524 1852 2568 Parthos
1879 2528 2062 2583 sagittas

1187 2583 1458 2640 dirigebant3
1493 2597 1588 2625 cum
1623 2584 1711 2627 illis
1744 2592 2063 2641 componuntur

1182 2643 1392 2699 propiora
1421 2641 1603 2684 vulnera
1624 2656 1649 2684 a
1680 2644 1830 2697 pedite
1863 2645 2002 2688 illata.

1276 2700 1381 2756 Cap.
1416 2701 1488 2744 36.
1550 2716 1650 2743 moa:
1677 2703 1952 2745 Artabanus:
1985 2715 2064 2758 per

1186 2760 1444 2814 particulam
1492 2774 1592 2801 moa:
1644 2760 1819 2803 videtur
1861 2762 2060 2804 indicare

1185 2818 1380 2871 Tacitus,
1424 2818 1534 2860 haec
1566 2832 1678 2875 quae
1710 2827 1956 2877 sequuntur
1986 2823 2059 2863 in-

1187 2877 1334 2920 cidere
1383 2878 1425 2919 in
1467 2878 1652 2920 alterum
1706 2892 1888 2922 annum:
1945 2894 2061 2922 nunc

1187 2938 1303 2978 enim
1321 2942 1496 2990 praeter
1526 2950 1688 2979 morem
1712 2940 1854 2995 iungit
1880 2953 1950 2981 res
1982 2952 2062 2994 per

1184 2995 1293 3037 duos
1311 3009 1451 3037 annos
1470 3002 1616 3052 gestas
1636 2998 1679 3038 in
1693 2996 1873 3040 Oriente
1890 3003 1949 3055 (c.
1965 2999 2058 3054 38).

1277 3054 1467 3109 aliosque
1514 3054 1700 3097 occultos
1739 3057 1937 3099 consilii:
1984 3058 2061 3111 qui

1189 3113 1420 3155 consilium
1463 3125 1586 3154 suum
1631 3112 1839 3154 adversus
1871 3114 2059 3155 Artaba-

1187 3184 1287 3212 num
1313 3177 1415 3212 ante
1435 3171 1703 3215 occulerant..
1752 3172 1914 3213 Eadem
1940 3178 2058 3214 stru-

1188 3236 1310 3271 ctura
1341 3228 1398 3270 lv
1432 3230 1454 3270 7
1471 3242 1482 3269 z
1532 3228 1647 3270 ultor
1678 3231 1940 3272 metuebatur
1971 3244 2060 3272 non

1187 3287 1375 3328 occultus
1415 3286 1517 3329 odit.
1593 3286 1861 3343 Abdaqaesis
1900 3302 2058 3330 nomen

1188 3346 1225 3387 M
1260 3350 1510 3387 constanter
1543 3356 1621 3397 per
1641 3359 1709 3397 ae,
1742 3358 1828 3388 non
1853 3349 2058 3400 e,.etre··t,

1187 3417 1313 3458 quem
1347 3410 1523 3445 secutus
1555 3416 1647 3444 sum
1682 3405 1818 3446 fretus
1852 3407 2059 3462 analogia

1188 3462 1390 3504 vocabuli
1452 3462 1679 3504 Monaeses
1735 3465 1850 3519 apud
1907 3466 2055 3509 Horat.

1188 3519 1326 3563 carm.
1360 3519 1418 3563 111
1463 3521 1491 3563 6
1531 3520 1574 3563 9.
1637 3519 1764 3566 conf.
1798 3523 1851 3565 ad
1890 3524 1970 3566 XV
2010 3527 2053 3568 2.

1185 3578 1327 3621 Aliam
1384 3585 1529 3622 tamen
1590 3582 1801 3625 rationem
1857 3584 2057 3641 sequitur

1197 3637 1430 3698 Vologeses.
