2222 4022
246 286 324 332 ΧΠ
1026 294 1293 339 PROOEMII

250 433 471 486 dentiam
512 441 562 487 et
599 437 1033 504 immaturitatem,
1075 445 1129 492 ut
1167 441 1266 492 hoc
1307 441 1600 508 opusculum
1643 436 1704 494 ab
1747 430 1957 496 amore
1993 445 2077 511 qui

250 526 415 593 magis
450 528 743 593 profecerat
792 545 987 595 usuque
1026 537 1076 583 et
1113 533 1467 599 experimentis
1508 534 1757 586 didicerat
1797 534 1933 601 quod
1964 544 2081 586 >nia-

244 617 380 669 xime
415 619 728 685 probandum
771 627 907 672 esset
952 637 1114 688 genus
1153 624 1388 689 dicendi,
1443 639 1545 675 non
1587 626 1919 691 compositum
1958 638 2078 677 esse

246 708 495 760 videatur.
570 711 786 762 Accedit
823 713 955 778 quod
999 703 1263 780 cumpost
1301 716 1523 778 occisum
1553 715 1892 767 Domitianum
1915 714 2078 782 Agri-

250 800 395 852 colae
435 802 587 852 vitam
617 803 792 866 edidit,
821 795 1101 869 ipsdliaud
1131 778 1648 873 obscuressprofessus
1684 811 1765 858 est
1789 808 1862 876 (c.
1888 798 1921 858 ἒ
1944 812 1998 858 et·
2017 807 2077 873 3)

244 907 368 943 sese
408 908 499 958 per
534 893 822 958 quindecim
863 911 1023 947 annos
1059 897 1313 961 tacuisse3
1373 897 1507 949 adde
1545 898 1679 964 quod
1718 898 1889 948 insunt
1922 898 1990 948 in·
2014 911 2076 948 eo

253 999 488 1035 sermone
517 1000 645 1050 quae
673 991 924 1053 tamquam
960 988 1169 1040 liberius
1202 989 1335 1040 dicta
1361 990 1696 1055 suspiciosum
1731 994 1780 1040 et
1808 989 2076 1055 super‘bffln

244 1075 520 1126 Domitiani
557 1077 774 1128 animum
804 1079 1006 1130 irritare
1043 1085 1267 1145 possent.
1341 1081 1418 1132 Ex
1460 1081 1690 1132 omnibus
1712 1080 1870 1131 Taciti
1909 1078 2083 1145 operi-

250 1168 342 1219 bus
379 1169 478 1219 hoc
513 1185 664 1220 unum
701 1176 754 1220 ut
790 1171 979 1222 editum
1019 1174 1242 1239 respexit
1273 1173 1459 1224 Plinius
1499 1173 1666 1224 minor
1690 1173 1846 1239 Epist.
1878 1172 2071 1224 1X10:

238 1265 478 1324 poemata
515 1262 800 1324 quiescunt,
858 1277 989 1326 qzcae
1050 1269 1101 1312 tu
1139 1263 1270 1312 inter
1322 1279 1532 1314 nemora
1578 1269 1629 1313 et
1664 1263 1804 1314 lucos
1857 1252 2077 1312 commod-⁷

244 1349 447 1399 dissime
485 1349 666 1414 perfici
710 1355 898 1413 putas,
956 1366 1085 1417 quae
1135 1353 1408 1405 reserenda
1458 1358 1573 1405 sunt
1610 1354 1672 1405 ad
1713 1354 1774 1406 Ο.
1815 1353 1847 1405 9
1886 1358 1935 1405 et
1980 1355 2078 1405 12:

244 1440 445 1504 poecile,
505 1441 551 1490 si
599 1442 744 1493 modo
798 1443 997 1509 diynum
1038 1444 1232 1509 aliquid
1266 1445 1534 1498 elaborare
1575 1451 1622 1496 et
1672 1445 1871 1512 efficere
1907 1444 2078 1507 veiint,

247 1563 313 1570 --
355 1531 408 1581 in
447 1547 658 1583 nemora
697 1539 744 1583 et
780 1535 920 1584 lucos
957 1564 1023 1573 —
1067 1535 1397 1586 recedendum
1449 1543 1536 1587 est.
1611 1536 1834 1588 Nemora
1870 1550 1996 1586 vero
2024 1540 2080 1585 et

246 1623 347 1673 luci
383 1655 449 1662 —-
484 1628 673 1674 tantam
707 1623 828 1673 mihi
863 1624 1102 1690 adferunt
1135 1627 1468 1692 voluptatem,
1511 1632 1567 1676 ut
1600 1626 1732 1676 inter
1769 1623 2078 1689 praecipuos

245 1712 522 1762 carminum
555 1714 754 1778 fructus
786 1729 1058 1778 numerem,
1097 1720 1192 1765 cet.
1270 1716 1379 1775 Quo
1417 1715 1578 1781 magis
1617 1715 1925 1781 reprimendi
1964 1718 2080 1765 sunt

248 1803 427 1854 fluctus
487 1803 851 1855 dubitationum
909 1805 973 1855 de
1011 1819 1137 1856 vero
1187 1805 1296 1855 eius
1355 1809 1564 1855 auctore
1619 1804 1739 1854 moti
1794 1803 2006 1868 primum
2045 1819 2077 1854 a

245 1893 404 1944 Beato
443 1893 713 1957 Rhenano,
777 1894 980 1944 multum
1021 1894 1152 1944 aucti
1187 1909 1213 1944 a
1254 1893 1387 1943 Iusto
1424 1893 1626 1958 Lipsi0,
1688 1907 1749 1943 ac
1786 1894 2076 1945 ne--nostris

245 1983 445 2050 quidem
485 1983 796 2048 temporibus
835 1982 985 2048 plane
1025 1984 1223 2047 sedati,
1291 1998 1588 2048 quamquam
1639 1983 1870 2035 diversas
1906 1988 2076 2049 partes

246 2073 395 2125 Gottl.
436 2072 656 2139 Langius
695 2073 745 2122 in
791 2073 1217 2123 commentatione
1259 2072 1504 2138 Dialoqus
1541 2073 1601 2122 cle
1638 2073 1930 2125 oratoribus
1974 2074 2074 2124 Ta-

249 2165 345 2215 cito
383 2163 667 2213 vindicatas
695 2168 709 2195 1
765 2163 965 2214 sortiter
1004 2163 1265 2227 sustinuit,
1329 2163 1444 2213 dum
1487 2163 1700 2214 aliorum
1737 2164 2078 2232 cogitationes

246 2254 308 2305 ad
349 2253 560 2304 Plinium
613 2253 892 2317 minorem,
956 2253 1039 2318 qui
1088 2258 1233 2304 sexto
1291 2253 1556 2303 consulatu
1602 2254 1901 2319 Vespasiani
1952 2268 2080 2320 puer

249 2352 372 2412 erat,
413 2362 515 2396 non
553 2344 781 2408 iuveniS,
823 2343 1036 2394 ali-orum
1073 2344 1136 2394 ad
1183 2343 1558 2407 Quintilianum,
1598 2344 1682 2409 qui
1719 2344 1901 2395 eodem
1944 2358 2077 2396 anno

248 2441 346 2491 iam
406 2437 650 2504 magister
702 2435 1025 2501 eloquentiae
1078 2434 1294 2486 florebat
1347 2450 1513 2500 neque
1563 2434 1760 2485 iuvenis
1815 2435 2082 2487 admodum

249 2536 373 2594 erat,
403 2529 676 2580 infeliciter
709 2526 964 2576 aberrant.
1042 2525 1150 2586 Qua
1185 2525 1236 2573 in
1268 2539 1420 2575 causa
1451 2525 1494 2575 si
1530 2540 1680 2576 unum
1706 2526 2082 2592 recogitassent

250 2619 447 2683 critici,
506 2618 569 2668 ad
620 2631 828 2682 pravum
882 2613 1123 2665 iudicium
1175 2628 1279 2664 non
1334 2613 1558 2679 prolapsi
1617 2620 1804 2666 essent.
1878 2616 2078 2668 Etenim

249 2727 375 2777 quae
414 2710 573 2760 virtus
605 2713 662 2759 ‚et
710 2707 935 2773 potentia
974 2706 1240 2772 perpaucis
1277 2706 1412 2756 omni
1461 2720 1588 2757 aevo
1625 2706 1915 2758 hominibus
1953 2720 2081 2758 oon·-
2138 2727 2152 2738 =

254 2816 400 2852 cossa
438 2799 704 2866 reperitur,
748 2798 864 2848 dico
899 2798 1000 2848 vim
1035 2796 1293 2861 imita-ndi,
1349 2796 1445 2848 hac
1484 2797 1617 2848 inter
1653 2798 1910 2850 Romanos
1949 2797 2079 2850 adeo

248 2892 449 2943 Tacitus
491 2890 760 2954 excelluit,
801 2894 855 2939 ut
888 2889 1049 2955 ipsum
1089 2887 1433 2955 Thucydidem
1469 2892 1706 2954 superet,
1767 2888 1856 2939 vix
1884 2888 2079 2940 Platoni

249 2997 443 3035 summo
485 2983 593 3033 eius
627 2982 748 3032 artis
789 2981 1018 3047 exemplo
1048 2980 1319 3044 concedat,
1341 2981 1547 3031 Latinos
1578 2995 1746 3031 rerum
1784 2980 2078 3046 scriptor-effi,

254 3075 403 3125 ctiam
438 3073 723 3126 Sallustium
760 3078 808 3123 et
832 3073 1041 3137 Livium,
1082 3072 1237 3138 longo
1270 3071 1536 3121 intervallo
1566 3076 1681 3136 post
1717 3085 1774 3122 se
1812 3070 2078 3136 relinquat.

249 3166 404 3233 Atqui
437 3165 566 3216 haec
604 3180 687 3215 ars
712 3180 804 3231 per
842 3164 978 3215 illum
1017 3164 1080 3215 de
1113 3164 1400 3214 oratoribus
1437 3177 1723 3214 sermonem
1757 3161 1826 3212 ita
1851 3161 2083 3228 splendet

249 3263 298 3307 et
342 3258 558 3322 eminet,
612 3261 666 3307 ut
705 3257 748 3307 si
788 3271 909 3307 casu
949 3256 1166 3322 quodam
1204 3256 1408 3323 ignotus
1446 3258 1582 3306 esset
1620 3258 1798 3305 auctor
1836 3253 1977 3317 eius,
2017 3252 2080 3304 ad

352 3460 389 3500 1.
433 3458 560 3501 Conf.
595 3460 704 3502 Acta
748 3461 969 3503 seminarii
1015 3461 1126 3515 rogii
1215 3461 1285 3515 qui
1310 3460 1444 3516 vulgo
1475 3459 1625 3501 fertur„
1652 3455 1872 3511 dialogum
1898 3453 1952 3496 de
1971 3453 2081 3496 Ora-

255 3526 299 3562 et
347 3520 573 3562 societatis
620 3519 836 3576 philolog.
882 3521 998 3575 Lips.
1047 3520 1128 3561 t·.l
1215 3521 1395 3562 toribus.
1461 3519 1642 3573 Scripsit
1671 3514 1787 3558 Frid.
1823 3512 2082 3569 Aug.Eck-

254 3591 298 3644 p.
333 3579 403 3622 77.
467 3578 633 3633 Scripta
668 3578 950 3620 miscellanca
974 3578 1127 3632 Langii
1217 3580 1345 3621 stein.
1410 3576 1529 3620 llnlis
1566 3577 1722 3619 Suxon.
1760 3572 1885 3615 1835.
1922 3573 1963 3614 4.

256 3648 298 3694 p.
329 3637 488 3682 3-14.
554 3634 871 3692 t’rologomena
903 3638 943 3677 in
979 3635 1130 3688 'l'aciti,
