2280 4004
588 77 716 159 staff}
753 113 813 150 aa
856 86 908 142 fs
1019 84 1102 141 [aa

627 182 739 279 sizo?
838 192 958 237 ἶνῗμ
1030 187 1109 233 42³⁶:

246 285 271 319 ιι
301 271 353 317 c.
388 273 469 317 17..

1144 183 1281 237 *θεινέμε-

828 268 991 315 LLBER
1020 268 1071 313 11.
1140 270 1247 315 CA?
1278 270 1470 315 50-52

1984 268 2075 313 135

243 410 444 464 tabatui
478 409 726 476 Tiberius,
767 426 879 462 cum
913 411 1046 462 inter
1081 409 1211 461 filios
1251 410 1359 461 eius
1392 413 1441 461 et
1470 408 1614 477 leges
1654 414 1861 462 senatus
1900 409 2076 465 disce-

192 509 421 572 ptaret

497 502 639 554 Victa
675 507 752 555 est
791 502 902 554 sine
942 501 1095 552 dubio
1135 501 1234 565 lex,
1267 500 1359 552 sed
1397 515 1562 567 neque
1592 501 1764 553 statim
1807 506 1856 552 et
1893 503 2071 568 paucis

246 595 520 663 suffragiiS,
559 593 819 675 quomodo
861 595 1010 666 etiam
1051 608 1163 644 cum
1201 593 1432 671 valerent
1458 592 1613 672 leges
1650 592 2000 665 vincebantur.

383 685 577 738 Eodem
629 699 762 735 anno
817 667 1048 750 coeptum
1100 685 1152 734 in
1188 683 1364 734 Africa
1415 665 1624 747 bellum,
1675 664 1814 736 duce
1853 683 2072 736 hostium

159 695 231 745 52

247 776 580 830 Tacfarinate

657 776 702 826 Is
731 775 936 826 natione
960 774 1191 839 Numida,
1230 774 1282 824 in
1318 775 1499 825 castris
1529 774 1769 826 Romanis
1806 774 2071 827 auxiliaria
2090 793 2113 829 s

247 867 494 934 stipendia
531 866 755 929 meritus,
797 879 917 917 mox
956 865 1216 930 desertor,
1251 879 1414 933 vagos
1450 864 1663 931 primum
1703 870 1753 916 et
1787 865 2070 918 latrociniis

247 965 418 1039 suetos
457 958 523 1011 ad
565 958 806 1025 praedam
842 963 891 1008 et
926 962 1096 1023 raptus
1137 971 1489 1024 congregare,
1531 956 1650 1007 dein
1682 971 1824 1008 more
1861 956 2071 1008 militiae

245 1067 336 1117 per
366 1049 549 1102 vexilla
589 1055 638 1100 et
695 1054 883 1100 turmas
931 1063 1267 1114 componere,
1326 1051 1584 1113 postremo
1626 1062 1729 1098 non
1779 1047 2071 1099 incondItae

244 1141 423 1192 turbae
473 1139 566 1191 sed
601 1139 1012 1191 Musulamiorum
1054 1139 1155 1189 dux
1207 1137 1401 1189 haberi.

1488 1137 1668 1188 Valida
1724 1153 1783 1189 ea
1845 1153 1974 1205 gens
2023 1144 2074 1190 ει

241 1230 600 1283 solitudinibus
627 1230 837 1281 Africae
860 1229 1161 1295 propinqua,
1196 1227 1336 1278 nullo
1365 1229 1514 1280 etiam
1546 1232 1647 1277 tum
1685 1227 1883 1279 urbium
1918 1228 2069 1294 cultu,
2091 1252 2139 1289 ω

244 1322 376 1389 cepit
410 1338 578 1386 arma,
618 1322 923 1388 Maurosque
959 1320 1163 1371 accolas
1201 1319 1253 1369 in
1290 1318 1474 1369 bellum
1514 1319 1680 1369 traxit.

240 1414 484 1480 Mazippa.

1753 1319 1867 1371 Dux
1906 1324 1955 1371 et
1991 1320 2072 1372 his

557 1414 863 1479 Divisusque
907 1413 1179 1475 exercitus,
1223 1415 1277 1461 ut
1312 1410 1608 1461 Tacfarinas
1643 1410 1806 1462 lectos
1845 1411 1986 1462 viros
2024 1416 2075 1463 et

242 1508 519 1560 Romanum
575 1506 628 1555 in
663 1505 875 1555 modum·
906 1509 1127 1554 armatos
1167 1501 1347 1574 castris
1389 1496 1654 1565 attineret,

1714 1501 1982 1567 disciplina
2024 1509 2075 1554 ει

244 1598 469 1665 imperiis
496 1602 774 1660 suesceret,
801 1596 1026 1661 Mazippa
1058 1595 1158 1646 levi
1194 1610 1303 1644 cum
1343 1594 1490 1659 copia
1522 1593 1759 1644 incendia
1799 1598 1849 1644 et
1887 1594 2073 1645 caedes

354 1739 396 1782 4.
433 1738 591 1796 affrica
622 1736 675 1778 M.

243 1797 496 1849 Beroaldus,
591 1796 658 1840 10.
692 1795 875 1851 Africae
906 1795 948 1837 h.
983 1795 1013 1837 l.
1048 1795 1101 1837 M.

361 1925 471 1980 quod
531 1924 600 1965 lex
659 1923 854 1966 iubebat:
916 1923 1120 1980 intellige

247 1985 425 2042 Papiam
475 1983 751 2039 Poppaeam.-
812 1996 854 2025 v.
908 1984 987 2024 XV
1051 1983 1119 2026 19.

246 2044 357 2086 Ptin.
390 2043 470 2098 Ep.
510 2042 586 2084 VH
610 2042 677 2086 16.
733 2042 870 2096 Lipsii
903 2042 956 2084 ad
978 2042 1034 2082 111
1065 2042 1121 2085 25

246 2103 428 2145 Excurs.
453 2101 502 2143 G.

338 2160 443 2215 Cap.
462 2161 532 2203 52.
575 2174 656 2215 per
684 2158 846 2200 vexilla
870 2166 909 2200 et
931 2165 1121 2200 turmas:

249 2234 327 2276 per
358 2219 524 2262 vexilla
555 2218 770 2273 peditem,
821 2219 1012 2273 equitem
1046 2231 1124 2272 ρει

250 2287 424 2322 turmas.
488 2277 744 2319 Aemulatur
786 2277 998 2332 superbus
1030 2276 1123 2318 Nu-

249 2340 365 2381 mida
413 2337 608 2380 ordinem
659 2336 811 2378 militis
861 2336 1124 2392 legionarii:

249 2398 312 2440 ibi
344 2399 459 2439 enim
491 2395 651 2439 vexilla
694 2402 737 2437 et
778 2403 966 2447 turmae,
1012 2394 1126 2453 apud

251 2458 394 2500 socios
427 2456 553 2512 signa
582 2456 679 2497 sive
713 2455 907 2497 cohortes
940 2460 984 2496 ει
1009 2454 1124 2496 alae.

250 2515 357 2560 lude
388 2527 491 2558 mox
521 2514 650 2557 lectos
681 2515 795 2556 viros
831 2521 870 2556 et
887 2515 1126 2557 Romanum

251 2576 299 2618 in
328 2575 495 2616 modum
525 2580 728 2615 armatos.
791 2572 858 2616 Cf.
899 2573 952 2614 ad
984 2573 1021 2615 11
1058 2574 1123 2616 17.

350 2633 704 2676 Musulamiorum
756 2633 873 2678 dux.-
937 2634 1126 2674 nominis

253 2693 392 2735 forma
451 2706 477 2734 a
531 2691 746 2734 Beroaldo
802 2699 1001 2734 correcta
1061 2697 1128 2734 est

256 2751 616 2804 nummorum,
651 2764 677 2794 a
707 2751 911 2794 Bekkero
946 2752 1126 2806 propius

255 2810 308 2851 ad
341 2810 536 2852 codicem
570 2810 952 2862 Musulamiorum,
989 2817 1032 2851 et
1064 2812 1128 2851 sic

256 2869 449 2911 scribere
481 2869 654 2910 videtur
686 2869 725 2910 M
758 2868 818 2909 1v
850 2870 922 2921 24,
956 2870 993 2909 si
1026 2868 1129 2924 quid

258 2926 475 2969 fidendum
527 2933 593 2969 est
641 2927 818 2969 silentio
868 2926 1034 2969 Baiteri
1087 2933 1130 2969 et

258 2985 437 3038 Furiae,
490 2991 534 3028 et
564 2987 629 3028 sic
661 2991 728 3027 est
759 2986 874 3041 apud
903 2985 1129 3028 Aurelium

261 3045 482 3087 Victorem
543 3043 596 3087 de
659 3043 918 3087 Caesaribus
982 3059 1019 3087 c.
1073 3049 1128 3088 4:

259 3117 467 3160 caesaque
483 3104 836 3146 Musulamiorum
851 3118 1015 3156 manus,
1035 3104 1130 3147 fru-

260 3163 420 3218 stulum
458 3163 502 3203 in
530 3162 718 3205 Claudii
766 3165 857 3205 vita
900 3177 953 3205 ex
995 3162 1130 3204 Taciti

262 3221 494 3262 Annalium
544 3221 655 3263 libro
707 3221 934 3276 deperdito
980 3222 1129 3277 aliquo

266 3280 449 3334 (quippe
480 3277 566 3320 hoc
597 3280 800 3324 Aurelius
834 3295 888 3323 ex
921 3281 1130 3322 Suetonio

264 3343 415 3391 petere
447 3348 534 3378 non
567 3339 730 3393 potuit)
779 3345 1021 3393 acceptum.
1084 3338 1130 3379 In

265 3395 382 3439 Flori
437 3395 662 3437 codicibus
709 3395 768 3437 lv
828 3400 881 3439 12
925 3399 983 3440 40
1033 3404 1132 3438 sunt

266 3453 532 3506 Musulami,
597 3454 845 3507 Musulam‘,
911 3454 1132 3507 Misulani,

266 3513 504 3556 Musiliam'.
541 3511 742 3555 Fortasse
764 3514 926 3555 rectius
948 3513 1133 3555 Misula-

265 3586 419 3628 uorum
449 3572 492 3619 h.
524 3572 557 3615 1.
567 3604 586 3628 ,
627 3579 675 3617 ut
707 3578 773 3616 est
803 3572 917 3628 apud
948 3572 1132 3616 Plinium

269 3630 305 3674 V
322 3623 380 3687 4,
393 3622 549 3690 ,etiam
564 3624 876 3691 Ptolemaeum
882 3629 942 3676 lv
961 3624 991 3687 3
1011 3624 1062 3689 δῖ.
1071 3632 1133 3691 24

779 1736 820 1778 9.
854 1735 1021 1778 musula
1051 1736 1261 1777 maiorum
1295 1735 1348 1777 M.

1448 1733 1589 1775 valide
1623 1747 1755 1789 aqeus
1785 1733 1847 1775 M:
1885 1734 2076 1776 correxit
2129 1727 2133 1731 ’

1193 1925 1238 1963 in
1271 1922 1394 1964 libris
1426 1920 1708 1972 melioribus,
1752 1932 1862 1976 quos
1895 1927 2073 1964 secutus
2144 1966 2147 1968 ,

1195 1987 1261 2022 est
1292 1980 1588 2037 Wilbergius,
1630 1980 1728 2021 aliis
1762 1981 1942 2022 formam
1976 1987 2075 2025 Μι-

1196 2041 1425 2099 σουλιὶιιοι
1450 2039 1774 2081 exhibentibus.
1799 2039 1934 2082 Sedes
1958 2040 2075 2083 bene

1194 2080 1348 2140 definit
1389 2098 1688 2150 Ptolemaeus,
1731 2099 1775 2139 in
1815 2098 1881 2139 his
1932 2106 2075 2141 terrae

1194 2157 1452 2215 regionibus
1484 2157 1624 2198 bonus
1659 2163 1836 2199 auctor·
1870 2158 1961 2200 ιιὸν
1983 2160 2074 2217 μὲν

1195 2220 1467 2275 Κιρτησίων
1526 2221 1605 2259 καὶ
1675 2233 1715 2259 1
1710 2221 1753 2266 ἴς
1808 2217 2076 2274 Νουιιιὸίας

1194 2277 1630 2348 ιιεσημβρινώιεροι
1676 2269 1767 2319 ὑπὸ
1820 2269 1870 2320 τὸ
1908 2256 2074 2321 Adaiou

1197 2335 1307 2393 ὅσος
1338 2338 1649 2380 Μισουλανοί.

1288 2394 1520 2453 disciplina
1551 2402 1591 2437 et
1620 2395 1812 2452 imperiis
1837 2401 2073 2439 suesceret:

1197 2462 1410 2497 suesceret
1463 2453 1696 2496 intellectu
1757 2455 1902 2496 activo
1950 2463 2074 2496 'nove

1197 2515 1387 2569 positum
1421 2519 1487 2555 est
1519 2524 1596 2568 pro
1630 2516 1952 2568 assuefaceret5
1993 2513 2074 2555 ab-

1198 2574 1360 2615 lativus
1382 2579 1449 2615 est
1471 2585 1596 2615 casus
1617 2573 1909 2614 instrumenti.
1963 2571 2075 2614 Vul-

1199 2646 1347 2689 garem
1399 2644 1523 2674 usum
1583 2631 1758 2674 dicendi
1809 2630 1882 2674 hic
1927 2637 2075 2673 noster

1198 2698 1375 2734 secutus
1431 2697 1496 2733 est
1548 2690 1587 2732 11
1632 2692 1717 2734 44:
1768 2698 1816 2733 ut
1863 2698 2076 2733 suesceret

1202 2751 1414 2808 (Drusus)
1447 2748 1640 2793 militiae.

1292 2811 1552 2864 Maurosque
1602 2809 1777 2851 accolas
1825 2810 1872 2850 in
1925 2808 2076 2851 bellum

1202 2870 1335 2910 traxit
1348 2883 1363 2910 .·
1399 2870 1688 2924 interpretare
1701 2867 1967 2911 'l'heodiscez
1988 2869 2078 2910 und

1200 2942 1276 2983 z-oq
1308 2928 1441 2970 iknen
1471 2929 1759 2970 benachbarte
1784 2927 1971 2972 Mauren
2003 2930 2077 2970 mit

1201 2987 1248 3027 in
1261 2987 1341 3029 den
1352 2987 1486 3044 Krieq
1498 2987 1672 3040 hinein3
1693 2999 1781 3028 non
1794 2987 1861 3028 die
1873 2987 1919 3031 M
1922 3000 2075 3040 auren,

1202 3052 1249 3086 ut
1297 3046 1433 3104 vulgo
1491 3048 1728 3101 accipiunt.
1808 3045 1912 3087 Nam
1962 3045 2077 3088 inter

1203 3105 1482 3147 Musulamios
1516 3112 1559 3147 ει
1582 3107 1875 3148 Mauretaniae
1909 3104 2076 3146 incolas

1202 3166 1434 3206 interiecta
1468 3171 1559 3204 erat
1590 3177 1747 3219 magna
1777 3175 1874 3216 pars
1892 3164 2076 3217 provin-

1204 3224 1298 3264 ciae
1330 3222 1507 3263 Africae
1540 3221 1850 3276 Numidiaque,
1898 3226 1941 3261 et
1972 3221 2077 3262 luha

1203 3294 1279 3321 rex
1332 3281 1647 3332 Mauretaniae,
1712 3280 1875 3321 amicus
1924 3279 2075 3332 populi

1203 3339 1383 3379 Romani
1437 3338 1519 3392 (lv
1561 3338 1667 3393 26),
1725 3349 1813 3377 non
1871 3349 2076 3390 passurus

1205 3403 1296 3436 crat
1344 3402 1390 3437 ιιι
1434 3410 1615 3452 regnum
1670 3397 1764 3437 eius
1815 3396 1858 3436 in
1912 3395 2076 3438 bellum

1205 3456 1461 3496 traheretur.
1524 3454 1732 3497 Nimirum
1773 3454 1816 3495 in
1867 3455 2077 3498 interiora

1204 3513 1381 3555 Africae
1414 3526 1552 3570 usque
1576 3513 1630 3555 ad
1649 3513 1928 3557 Musulamios
1952 3506 2075 3556 Mau-

1205 3585 1348 3628 rorum
1377 3579 1526 3630 partes
1559 3572 1781 3632 dispersae
1807 3571 2074 3630 habitabant,

1204 3622 1368 3681 nullius
1384 3633 1580 3693 imperio
1613 3626 1827 3692 subditae
1885 3687 1905 3691 ..
1929 3686 1951 3691 ..
