2280 4004
270 308 332 350 80
1027 300 1319 349 ANNALIVM
1840 321 1880 352 a.
1892 338 1896 342 ,
1910 303 1958 354 ll.
1986 303 2095 356 8042

273 449 599 512 trahebatur;
638 455 860 511 moxque
883 442 1084 511 vulgus,
1122 443 1249 496 duro
1285 443 1500 512 imperio
1534 444 1774 512 habitum,
1809 447 1998 514 probra
2036 445 2099 500 ati

274 540 492 591 verbera
543 535 837 588 intentabat.
934 534 997 586 Et
1049 539 1195 586 erant
1258 539 1434 587 contra
1496 536 1581 603 qui
1636 541 1823 589 tantam
1867 537 2102 590 fortunae

278 627 721 680 commutationem
767 626 1146 678 miserarentur.
1233 626 1518 694 Secutaque
1568 643 1679 679 cum
1715 628 1902 695 parvis»
1925 628 2101 682 lib‘eris

278 719 465 770 coniux
505 712 685 770 cuncta
722 711 1422 784 lamentatione-,complebat
1496 718 1725 771 Diversis
1768 724 1819 771 et
1855 720 2101 774 contectis

239 808 527 862 avehiculis
582 809 862 874 abduntur,
926 809 1042 860 dum
1091 809 1444 861 Pharasmanis
1501 809 1640 862 iussa
1699 810 2101 878 exquirerentur.

275 901 351 953 Illi
391 901 576 967 cupido
615 900 764 968 regni
803 900 959 952 fratre
996 906 1045 952 et
1082 899 1183 952 filia
1217 901 1415 967 potior,
1474 901 1771 969 animusque
1821 902 2103 955 sceleribus

273 997 496 1059 paratus
569 992 711 1044 Visui
748 997 916 1051 tamen
972 992 1252 1058 consuluit,
1313 1008 1379 1045 ne
1433 1008 1604 1046 coram
1647 993 1972 1047 interficeret.
2043 994 2106 1048 Et

275 1084 624 1150 Radamistus,
687 1084 832 1150 quasi
884 1084 1008 1135 iuris
1058 1084 1259 1136 iurandi
1291 1100 1511 1151 memor,
1575 1100 1679 1137 non
1721 1086 1941 1151 ferrum,
2000 1101 2104 1138 non

277 1190 529 1227 venenum
568 1175 621 1226 in
660 1189 893 1227 sororem
942 1180 991 1227 et
1025 1181 1255 1241 patruum
1296 1176 1571 1243 expromit,
1622 1177 1714 1229 sed
1754 1177 2013 1244 proiectos
2051 1177 2105 1229 in

216 1266 478 1318 nohumum
533 1271 583 1317 et
618 1270 763 1318 veste
799 1265 952 1316 multa
991 1267 1238 1333 gravique
1276 1272 1481 1333 opertos
1521 1272 1684 1319 necat.
1757 1267 1869 1320 Filii
1905 1274 2106 1336 quoque

274 1357 596 1422 Mithridatis,
637 1357 773 1424 quod
811 1357 1053 1409 caedibus
1079 1364 1341 1424 parentum
1372 1358 1832 1424 inlacrimaverant,
1870 1358 2106 1412 trucidati

277 1454 408 1501 sunt.
496 1449 564 1500 At
601 1448 887 1509 Quadratus
927 1463 1250 1515 cognoscens
1286 1449 1541 1516 proditum
1575 1449 1900 1502 Mithridaten
1936 1454 1989 1502 et
2018 1465 2108 1503 re-
2122 1447 2193 1497 48

276 1555 431 1606 gnum
469 1539 531 1590 ab
561 1539 978 1591 interfectoribus
1007 1540 1244 1605 obtineri,
1279 1546 1433 1593 vocat
1462 1541 1744 1606 consilium,
1785 1540 1938 1593 docet
1974 1546 2104 1607 acta,

279 1634 328 1682 et
369 1646 434 1681 an
474 1631 812 1688 ulcisceretur
853 1631 1118 1682 consultat.
1215 1632 1393 1683 Paucis
1433 1632 1590 1684 decus
1627 1633 1881 1699 publicum
1922 1646 2108 1697 curae;

217 1723 446 1790 isplures
497 1728 600 1774 tuta
654 1723 926 1775 disserunt.
1019 1724 1179 1775 Omne
1228 1724 1397 1776 scelus
1452 1729 1713 1777 externum
1764 1739 1875 1777 cum
1919 1724 2108 1777 laetitia

277 1815 592 1878 habendum3
649 1814 844 1866 semina
895 1815 1044 1867 etiam
1087 1816 1318 1867 odiorum
1359 1817 1626 1882 iacienda,
1678 1822 1732 1867 ut
1779 1831 1934 1884 saepe
1965 1817 2110 1885 prin-

280 1906 418 1972 cipes
445 1905 657 1959 Romani
696 1905 910 1958 eandem
940 1906 1251 1972 Armeniam,
1293 1908 1466 1974 specie
1501 1907 1806 1975 largitionis,
1845 1907 2108 1960 turbandis

279 1997 613 2048 barbarorum
663 1997 844 2048 animis
893 1998 1235 2064 praebuerint.
1323 1999 1586 2051 Poteretur
1621 1999 1940 2051 Radamistus
1977 1999 2108 2051 male

282 2089 472 2156 partiS,
527 2089 643 2141 dum
683 2089 876 2142 invisus
912 2089 1149 2156 infamiS‚
1189 2090 1392 2156 quando
1435 2090 1487 2142 id
1527 2090 1688 2157 magis
1729 2106 1793 2142 ex
1827 2105 1922 2142 usu
1960 2103 2107 2157 quam

213 2198 264 2234 20
282 2181 325 2233 si
379 2195 491 2231 cum
528 2180 694 2247 gloria
735 2181 945 2247 adeptus
997 2180 1144 2233 foret.
1221 2183 1276 2233 In
1317 2181 1448 2233 hanc
1486 2182 1785 2233 sententiam
1827 2181 1962 2232 itum.
2035 2181 2111 2233 Ne

280 2277 448 2322 tamen
486 2271 727 2323 adnuisse
759 2272 978 2324 facinori
1010 2273 1307 2325 viderentur
1343 2279 1392 2325 et
1429 2272 1634 2325 diversa
1671 2274 1860 2325 Caesar
1896 2272 2108 2336 iuberet,

281 2363 423 2415 missi
459 2363 523 2414 ad
554 2363 927 2417 Pharasmanen
962 2365 1123 2426 nuntii
1156 2371 1210 2416 ut
1244 2365 1547 2418 abscederet
1582 2381 1610 2417 a
1646 2365 1827 2417 finibus
1852 2364 2110 2418 Armeniis

398 2537 436 2578 1.
471 2551 570 2578 mom
602 2538 703 2592 quia
726 2535 814 2580 Ma:
847 2544 1089 2581 correctum
1124 2541 1167 2582 in
1201 2539 1249 2581 G.
1343 2543 1384 2584 2.
1420 2546 1599 2582 econtra
1626 2537 1703 2581 ma.
1797 2541 1840 2582 3.
1873 2545 2108 2583 commuca-

277 2595 435 2637 tionem
465 2595 560 2636 Ma:
594 2597 914 2639 commotionem
948 2597 980 2639 G
1009 2604 1051 2640 et
1085 2598 1373 2641 Oxonienses.
1466 2603 1508 2642 4.
1543 2599 1700 2640 coniux
1728 2596 1804 2650 illa,
1839 2604 2027 2650 coniunx
2057 2597 2106 2640 G.

278 2653 319 2695 5.
353 2655 440 2709 sar.
476 2651 556 2697 Ma.
651 2656 691 2698 7.
725 2656 985 2709 interficeret
1020 2656 1108 2699 Ma:
1144 2658 1176 2699 G
1208 2659 1548 2711 interficeretur,
1581 2664 1682 2699 ante
1713 2657 1964 2699 Bekkerum
1999 2655 2107 2699 ede-

276 2711 382 2755 bant
413 2713 772 2768 interficerentur.
877 2715 920 2757 8.
952 2717 1017 2758 ius
1049 2717 1227 2758 iurandi
1258 2715 1337 2759 Ma.
1452 2718 1519 2759 11.
1549 2716 1614 2759 ill.
1650 2716 1721 2760 Or.
1821 2717 1888 2760 13.
1922 2716 2108 2773 optineri

276 2769 359 2814 Ma.
439 2774 507 2816 15.
543 2787 629 2815 oms
663 2786 759 2814 cum
793 2773 870 2815 lin.
891 2772 972 2827 Ma,
1007 2789 1148 2818 omnes
1183 2775 1241 2817 G:
1276 2777 1467 2818 correxit
1485 2776 1671 2832 Lipsius.
1767 2775 1834 2820 16.
1868 2774 2106 2819 modiorum

277 2843 328 2885 pr
359 2829 438 2874 Ma.
534 2835 605 2878 22.
638 2835 903 2888 saramanen
933 2831 1014 2878 Ma.

279 2976 323 3016 et
346 2974 543 3016 ordinem
561 2976 838 3017 narrationis.
877 2977 1148 3020 Mithridates

277 3034 453 3075 iniectis
496 3036 661 3076 catenis
700 3035 928 3077 custodiae
968 3036 1149 3079 traditus

279 3098 371 3144 est3
403 3092 518 3134 idem
551 3094 763 3148 compede
786 3095 1040 3137 trahebatur
1066 3109 1149 3151 pu..

1236 2977 1480 3021 rebellionis
1518 2977 1765 3034 praebebat.
1827 2975 1958 3020 169:
2005 2977 2107 3019 odia

1237 3039 1281 3078 ἰη
1331 3038 1502 3093 lonyum
1554 3039 1739 3088 iaciens,
1796 3034 1867 3077 ubi
1923 3036 2105 3090 perinde

1236 3097 1410 3138 serendi
1459 3099 1628 3153 imago,
1684 3095 1759 3138 sed
1806 3107 1964 3136 nomen
2005 3096 2106 3137 odia

278 3152 422 3194 blicae
445 3152 715 3209 ignominiae
739 3167 883 3207 causa,
918 3167 1003 3211 quo
1033 3155 1150 3197 facto

277 3211 438 3267 vulgus
471 3214 596 3267 quasi
628 3213 860 3255 invitatum
908 3214 1066 3268 probra
1099 3229 1150 3257 ac

277 3271 463 3311 verbera
504 3272 763 3325 intentavit,
814 3273 1014 3315 nonnulli
1054 3275 1150 3329 ipso

279 3329 495 3371 dedecore
555 3333 660 3372 moti
724 3337 886 3374 tantam
950 3334 1150 3375 fortunae

279 3390 567 3431 mutationem
601 3391 932 3434 miserabantur.

289 3444 296 3452 ‘
366 3446 470 3501 Cap.
498 3449 570 3491 48.
629 3452 793 3492 semina
812 3453 938 3493 etiam
958 3451 1151 3494 odiorum

277 3507 504 3548 iacienda.-
568 3508 668 3550 odia
713 3512 869 3566 accipe
918 3516 1054 3552 status
1106 3517 1149 3552 et

278 3567 446 3607 animos
480 3579 630 3608 eorum
664 3570 737 3623 qui
778 3569 879 3611 odio
913 3583 960 3612 se
992 3582 1147 3624 prosc-

280 3630 482 3677 quuntur.
546 3625 634 3668 Nos
693 3627 876 3670 dicimus
950 3630 1147 3685 Versein-

282 3682 462 3738 dunqen.
531 3683 606 3728 ΧΓ
629 3685 708 3729 19:
756 3687 940 3730 Corbulo
986 3690 1151 3732 semina

1237 3156 1365 3209 paulo
1399 3155 1528 3197 aliter
1563 3155 1724 3196 dictum
1759 3159 1840 3197 est.
1902 3153 1967 3196 Ob
2014 3168 2104 3197 rem

1238 3215 1354 3257 conf.
1390 3214 1438 3256 G.
1472 3216 1543 3258 33.

1299 3272 1404 3328 Cap.
1427 3274 1499 3317 49.
1546 3274 1724 3329 ignavia
1756 3273 1927 3316 animi>
1954 3272 2098 3316 littera

1238 3345 1266 3373 a
1299 3333 1451 3375 Mureti
1504 3333 1668 3375 indicio
1734 3335 1936 3375 restituta
1996 3338 2096 3374 ante

1236 3392 1576 3448 subsequentem
1609 3403 1762 3434 vocem
1797 3393 1934 3434 animi
1955 3393 2100 3445 periit.

1238 3451 1393 3506 Ignavi
1436 3453 1509 3507 qui
1545 3458 1688 3504 tenet,
1730 3463 1815 3492 non
1859 3451 2100 3506 genitivum

1236 3511 1471 3563 praedicati
1506 3513 1578 3566 qui
1612 3511 1771 3552 dicitur
1801 3507 1992 3561 habebit,
2025 3509 2101 3551 sed

1236 3583 1382 3611 casum
1421 3584 1445 3611 e
1476 3572 1672 3624 proximo
1722 3567 1956 3609 deridiculo
1988 3580 2101 3622 pen-

1236 3629 1424 3681 dentem,
1450 3628 1695 3671 reluctante
1727 3627 1970 3669 sentontia:
2003 3640 2099 3670 nam

1236 3688 1281 3730 in
1330 3690 1474 3731 animo
1537 3690 1699 3743 ignavo
1759 3684 1869 3729 nihil
1925 3686 2099 3731 ridiculi
