2280 4004
870 279 898 282 *⁷
942 257 1342 317 '‘amnnlvnx

258 267 351 321 104
1764 272 1801 316 ,ἶ
1815 269 1953 316 &ele
1973 267 2090 321 m·

257 411 313 463 in
350 416 608 479 posterum
643 410 828 464 milites
864 409 965 463 sibi
1001 415 1053 463 et
1076 411 1350 478 plerosque
1381 411 1694 482 gladiatores
1731 410 2093 483 cirminb'ditg

264 505 348 570 qui
398 505 621 556 rixarum
671 502 813 554 initia
863 502 1066 554 modica
1117 508 1168 554 et
1219 504 1364 570 quasi
1412 505 1606 571 privata
1656 505 1912 558 sinerentt
1958 505 2094 573 §4⁰13

260 595 416 646 laesis
452 594 670 645 validius
706 599 970 661 ageretur,
1030 610 1168 646 arma
1203 595 1505 648 inferebant,

1577 597 1850 649 Ludicram
1885 602 2115 664 qim,

262 685 520 736 licentiam
574 690 623 737 et
678 685 905 737 fautores
950 685 1249 757 histrionum
1298 687 1438 739 velut
1488 688 1540 740 in
1590 688 1786 755 proelia
1837 689 2088 742 convertit
2112 680 2177 727 ¹5³⁴*

225 775 556 843 simpunitate
613 782 663 828 et
712 777 983 843 praemiiS,
1047 762 1197 845 atque
1250 779 1360 845 ipse
1413 780 1641 832 occultus
1698 786 1748 832 et
1793 780 2091 848 plerunque

267 883 440 920 coram
464 873 814 935 prospectam,
855 869 1022 922 donec
1056 869 1284 922 discordi
1321 870 1524 938 populo,
1556 877 1605 923 et
1641 872 2089 940 gravior-israelus

263 965 480 1026 terrore,
519 975 622 1012 non
658 960 794 1012 aliud
830 961 1110 1013 remedium
1130 967 1386 1028 repertum
1425 968 1519 1029 est,
1558 972 1706 1030 quam
1730 968 1785 1015 ut
1813 963 2096 1029 histriones

265 1051 407 1104 Italia
443 1052 753 1118 pellerentur
784 1053 1031 1120 milesque
1067 1053 1265 1106 theatro
1299 1066 1499 1107 rursum
1533 1054 1810 1108 adsideret.

404 1143 499 1195 Per
548 1144 683 1196 idem
732 1149 927 1211 tempus
984 1149 1148 1198 actum
1197 1145 1252 1200 in
1298 1151 1478 1199 senatu
1526 1146 1591 1199 de
1634 1145 1896 1199 fraudibus
1928 1145 2176 1203 'libens-26

203 1237 459 1299 aetorum,
514 1235 944 1303 efflagitatumque
977 1240 1032 1287 ut
1068 1236 1315 1291 adversus
1353 1237 1485 1290 male
1520 1237 2096 1291 meritosrevoeandee

265 1326 513 1379 libertatis
562 1327 640 1379 ius
688 1327 917 1393 patronis
959 1327 1181 1384 daretur.
1271 1328 1380 1381 Nec
1414 1327 1630 1383 deerant
1666 1328 1753 1396 qui
1802 1330 2091 1382 censerent.

384 1502 428 1545 3.
461 1501 560 1544 lesis
590 1500 672 1545 Ma.
759 1502 1008 1559 inferebant
1039 1501 1156 1557 GMa,
1186 1515 1276 1547 non
1309 1504 1558 1549 inserebant
1586 1504 1734 1562 Regii,
1765 1515 1850 1548 nec
1883 1505 2099 1561 imm

268 1560 514 1604 Puteolani.
606 1561 650 1605 4.
682 1561 813 1604 uelud
841 1561 923 1605 Ma.

269 1626 434 1677 tumque
465 1620 559 1664 Ma:
593 1620 628 1673 G
660 1623 1037 1679 efflaqitoetumque.

337 1775 386 1825 vet
409 1770 603 1824 fautores
627 1769 905 1811 histrionum:
940 1769 1026 1811 hoc
1063 1769 1143 1811 ad-

272 1827 404 1881 didit,
438 1834 485 1869 ut
522 1842 649 1885 quam
682 1829 903 1870 licentiam
934 1828 1146 1872 ludicram

273 1888 458 1940 dixerit,
490 1889 533 1929 in
568 1895 718 1943 aperto
752 1895 884 1931 esset.

371 1947 476 2001 Cap.
525 1948 596 1992 26.
656 1950 949 2005 perscripsere
1003 1956 1147 1990 tamen

274 2021 525 2049 consensum
555 2016 756 2050 senatus:
791 2009 907 2051 conf.
933 2008 1032 2049 XIV
1061 2008 1146 2052 49:

276 2066 470 2109 'consules
496 2068 706 2123 perlicere
739 2068 954 2110 decretum
973 2075 1147 2110 senatus

273 2138 362 2168 uon
409 2127 505 2168 ausi
565 2127 615 2168 de
675 2138 884 2170 consensu
936 2129 1147 2184 scripsere

277 2186 473 2228 Caesari.
509 2186 557 2227 Id
574 2188 715 2241 ipsum
741 2188 857 2243 quod
886 2200 1146 2229 consensum

276 2245 453 2303 Caesari
486 2246 756 2299 scribebant,
789 2248 942 2289 modus
975 2246 1146 2305 quidam

275 2305 359 2347 fuit
390 2306 702 2359 percontandi,
747 2307 862 2349 unde
894 2320 997 2348 usus
1039 2306 1146 2348 sub-

276 2366 501 2420 sequentis
555 2365 798 2420 particulae
853 2369 952 2421 (an)
1002 2366 1147 2421 expli-

278 2425 441 2466 candus
475 2429 555 2466 est.
621 2425 747 2478 Quod
785 2425 974 2482 legimus
1005 2425 1048 2466 in
1082 2420 1149 2468 Ma

279 2484 496 2526 Icsensum
516 2487 647 2527 estin
677 2495 941 2537 consensum,
967 2491 1014 2526 ut
1035 2485 1148 2526 scri-

277 2549 397 2597 ptum
417 2546 460 2584 in
476 2542 572 2597 BG3
606 2544 653 2585 in
675 2546 909 2597 repetitum
940 2558 993 2586 ex
1017 2551 1148 2586 versu

280 2603 588 2655 praecedente,
609 2617 702 2645 eum
724 2606 769 2644 in
792 2606 970 2659 antiquo
995 2616 1148 2645 exem-

279 2662 352 2714 plo
386 2663 450 2703 sic
482 2664 689 2716 scriptum
726 2669 867 2704 esset:

278 2720 471 2776 incipere
495 2735 584 2762 uon
602 2723 698 2763 ausi
727 2747 783 2753 —
811 2734 978 2778 persor.
1009 2728 1150 2762 tamen

278 2791 484 2824 *csensum
501 2788 688 2833 senatus,
712 2781 786 2822 ille
806 2796 864 2823 an
887 2788 1000 2823 auct.
1017 2788 1149 2823 const.

364 2847 431 2892 ut,
466 2842 564 2882 vine
610 2855 668 2882 au
711 2855 845 2895 aequo
879 2866 935 2874 ——-
979 2841 1151 2882 consul-

281 2907 451 2942 tarent:
497 2902 765 2942 enuntiatum
797 2902 894 2942 vine
927 2914 986 2942 au
1017 2914 1151 2954 aequo

282 2974 376 3002 cum
401 2961 601 3014 patronis
634 2961 728 3000 iure
772 2967 951 3015 afferent
992 2959 1154 3014 pendet

283 3018 473 3062 everbis
503 3026 549 3062 ut
580 3020 835 3061 sententiam
868 3033 1013 3061 eorum
1046 3032 1152 3059 eon-

281 3079 506 3122 swltarent.
577 3078 742 3120 Liberti
793 3091 871 3133 per
918 3078 1153 3120 ludibrium

282 3140 543 3181 sententiam
583 3144 863 3193 patronorum
906 3139 1154 3194 exquirunt,

282 3200 386 3240 vine
429 3211 483 3240 an
525 3211 669 3254 aequo
711 3199 808 3240 iure
852 3212 948 3240 cum
990 3199 1044 3239 iis
1083 3199 1153 3254 agi

284 3272 310 3299 a
354 3269 454 3299 sese
492 3258 655 3310 velint,
695 3259 811 3300 inter
858 3271 970 3314 quae
1024 3257 1155 3299 iidem

284 3326 437 3360 manus
467 3318 723 3359 intentando
753 3318 806 3360 ad
827 3320 914 3359 vim
932 3323 1156 3373 promptos

286 3389 333 3420 se
367 3390 466 3420 esse
498 3378 747 3420 ostendunt.
812 3377 867 3419 111
900 3378 980 3421 36:
1023 3378 1156 3419 liber-

286 3440 397 3492 lique
443 3439 571 3478 etiam
614 3451 667 3478 ac
711 3439 824 3479 servi
868 3446 1051 3494 patrono
1094 3437 1159 3478 vel

288 3498 456 3538 domiuo
512 3512 605 3539 cum
657 3511 809 3549 voces,
863 3512 958 3539 cum
1009 3511 1160 3539 uiantes

287 3557 566 3609 intentarent,
587 3558 699 3598 ultro
717 3558 1026 3599 metuebantur.
1072 3556 1160 3599 Ce-

289 3620 427 3656 terum
458 3615 715 3670 particulam
750 3616 839 3669 VT,
873 3622 974 3659 ante
1020 3616 1077 3659 Vl
1110 3618 1154 3658 in

291 3674 536 3734 ἀρχετύπῳ
575 3681 650 3718 aut
682 3678 884 3719 omissam
918 3682 991 3718 aut
1023 3689 1048 3719 a
1079 3688 1153 3719 re-

1011 1562 1154 1619 prael.
1189 1562 1260 1606 Or.

1373 1565 1415 1609 5.
1449 1565 1538 1623 inp.
1574 1559 1652 1608 Ma.
1749 1564 1818 1610 10.
1852 1571 1892 1608 et
1921 1565 2098 1644 11an

1233 1769 1430 1812 centiore
1481 1767 1661 1815 librario
1700 1779 1790 1810 non
1839 1767 2005 1823 visam,
2058 1775 2103 1814 et

1233 1830 1455 1871 sententia
1491 1828 1677 1884 requirit
1721 1833 1764 1869 et
1795 1826 2101 1884 praegressum

1232 1902 1280 1931 eo
1302 1888 1510 1944 postulat.
1564 1887 1683 1929 ldem
1710 1887 1822 1930 vidit
1844 1886 2101 1942 Ernestiuu

1231 1949 1472 2003 Seyffertus
1522 1948 1750 2002 proposuit
1801 1954 1848 1990 ut
1899 1947 1998 1990 vine
2043 1973 2100 1981 —-

1231 2016 1426 2066 ayereut,
1462 2009 1717 2050 sententiam
1738 2009 1975 2051 amicorum
1993 2021 2100 2050 eon-

1231 2068 1466 2120 sultarent,
1511 2073 1555 2109 et
1593 2079 1695 2108 mox
1725 2063 1970 2110 verberibus
1996 2066 2101 2127 pla-

1233 2129 1328 2170 citis
1361 2126 1695 2170 commendavit.
1759 2126 1881 2179 Quae
1915 2128 2103 2172 tentavit

1231 2187 1570 2242 Bezzenberger
1601 2187 1646 2227 in
1679 2185 1747 2228 his
1778 2185 1953 2239 Verbis,
1988 2183 2104 2244 apud

1231 2248 1373 2302 ipsum
1443 2244 1805 2302 recognoscenda
1864 2245 2104 2290 lectoribus

1233 2306 1453 2361 relinquo.

1323 2368 1494 2421 impune
1533 2357 1600 2406 vel
1634 2376 1819 2420 poenam
1857 2378 1979 2408 suam
2011 2364 2102 2409 dis-

1233 2425 1484 2468 suadentes:
1517 2422 1602 2465 hoc
1632 2423 1806 2478 dicunt,
1847 2421 2106 2468 ‘liberti'eo

1234 2473 1410 2527 ludibrii
1443 2483 1730 2539 prolabuntur
1756 2489 1803 2526 ut
1825 2496 2011 2539 poenam
2036 2486 2105 2528 sui

1234 2546 1411 2598 impune
1437 2542 1716 2593 dissuadeant
1736 2542 1959 2599 patronis.'
1999 2544 2106 2587 Nam

1233 2604 1294 2655 si,
1329 2599 1444 2658 quod
1476 2615 1608 2643 unum
1637 2602 1757 2644 laeso
1782 2609 1964 2657 patrono
1996 2616 2107 2646 con-

1237 2675 1405 2703 cessum
1440 2668 1542 2713 est,
1575 2660 1687 2702 ultra
1721 2663 2006 2704 centesimum
2037 2662 2106 2704 la-

1235 2718 1380 2776 pidem
1413 2721 1685 2776 relegentur,
1718 2727 1818 2763 sese
1844 2721 2011 2763 lucrum
2036 2721 2107 2763 fa-

1239 2793 1365 2833 eere,
1425 2786 1631 2835 patronos
1696 2780 1898 2822 damnum
1950 2793 2108 2838 capere

1238 2842 1427 2881 iactant:
1477 2841 1638 2895 quippe
1685 2840 1877 2882 futurum
1923 2845 1972 2882 ut
2022 2840 2109 2895 ipsi

1238 2899 1391 2940 remoti
1426 2912 1450 2939 a
1482 2900 1676 2953 patronis
1711 2901 1827 2941 omni
1851 2899 1894 2940 in
1929 2911 2006 2942 eos
2035 2899 2109 2941 of-

1241 2959 1339 3000 ficio
1362 2959 1495 3000 soluti
1511 2959 1596 2999 sint
1619 2965 1662 3001 et
1684 2960 1727 3000 in
1754 2959 2109 3001 fecundissimum

1238 3018 1391 3059 Italiae
1425 3019 1651 3074 regionem
1685 3019 1857 3060 abeant.
1919 3018 2110 3061 Verbum

1238 3078 1459 3133 impulere,
1492 3084 1539 3118 ut
1572 3084 1637 3118 cst
1668 3079 1712 3119 in
1748 3077 1989 3131 codicibus,
2022 3089 2108 3119 non

1242 3144 1386 3191 aptum
1439 3143 1505 3179 cst
1556 3151 1606 3178 ac
1660 3138 1920 3179 sententiam
1977 3137 2108 3192 plane

1242 3196 1505 3251 pessumdat.
1553 3196 1707 3238 Natum
1740 3196 1849 3239 illud
1878 3209 1975 3239 esse
2004 3202 2111 3251 puto

1243 3270 1297 3299 ex
1328 3255 1498 3309 syllaba
1529 3268 1755 3311 perperam
1787 3257 1975 3311 repetita
2005 3257 2109 3314 (im-

1243 3319 1458 3371 punene),
1526 3329 1625 3356 mox
1681 3317 1856 3358 sinistre
1917 3318 2111 3358 correcta

1244 3374 1502 3434 (impulere).
1547 3373 1649 3416 Post
1679 3377 1924 3416 restitutum
1944 3375 2111 3430 impune

1245 3442 1425 3491 perapte
1474 3435 1714 3476 succedunt
1754 3436 1853 3489 quid
1899 3436 2009 3475 em'm
2055 3459 2111 3465 —

1244 3494 1438 3551 releget?

1333 3555 1602 3597 centesimum
1650 3554 1766 3594 ultra
1819 3552 1847 3592 l.
1895 3552 1944 3592 iu
1990 3564 2114 3593 oram

1246 3615 1535 3671 Campaniae.-
1566 3613 1807 3654 vicesimum
1837 3609 1905 3664 (id
1935 3609 2112 3653 codices

1243 3672 1473 3730 exhibent)
1490 3684 1593 3715 vere
1607 3675 1846 3713 correctum
1861 3674 1949 3711 est:
1977 3669 2107 3714 Gam.·
