2280 4004
183 326 220 372 α’
239 324 292 373 6.
325 327 394 375 15.
409 354 413 361 -
427 335 444 342 ”

795 325 960 368 LIBER
988 323 1022 366 1.
1085 318 1191 365 Gar.
1226 321 1414 366 54-56.

1947 317 2012 360 5oe

186 468 286 525 Sed
325 468 487 519 Varus
526 468 629 519 fato
674 471 723 518 et
757 466 807 517 vi
843 464 1059 516 Arminii
1108 462 1328 515 cecidit:
1387 462 1659 528 SegesteS,
1710 469 2009 526 quamquam

187 575 442 612 consensu
478 560 646 627 gentis
681 560 735 609 in
775 558 959 611 bellum
1001 561 1221 620 tractus,
1287 554 1487 605 discors
1527 549 1788 614 manebat,
1844 549 2009 600 auctis

185 652 419 719 privatim
457 651 607 715 odiis,
647 651 782 717 quod
808 650 1067 703 Arminius
1089 648 1239 701 filiam
1267 648 1376 700 eius
1413 646 1497 700 alii
1510 638 1722 712 'pactam
1751 645 2007 707 rapuerat.

190 742 360 796 Gener
394 741 616 815 invisus,
657 740 851 814 inimici
879 739 1090 813 7ξοοᾞειὴὴ
1132 752 1361 806 quaeque
1400 735 1530 802 apud
1567 733 1854 788 concordes
1891 733 2010 786 viu-

2127 693 2149 707 ,ἢ
2173 698 2208 714 μὴ.

2027 701 2080 739 ⁷54
2108 712 2148 740 ’fa
2168 718 2238 743 >diez
2279 721 2280 725 ¹

2115 744 2144 780 a

2039 784 2076 806 'ka
2085 794 2105 805 »3
2116 782 2180 806 3³3³*
2188 795 2202 807 ι
2233 791 2265 811 ζ*

104 833 303 887 56eula
341 832 583 898 caritatis,
605 817 937 884 incitamenta
977 833 1166 885 irarum
1202 829 1332 896 apud
1370 828 1601 880 infensos
1632 823 1807 878 erant(
1850 825 2055 893 Igiturs
2090 838 2207 875 22

193 921 522 975 Germanicus
560 928 794 989 quattuor
830 923 1088 990 legioneS,
1141 923 1360 988 quinque
1401 917 1717 971 auxiliarium
1757 916 1922 981 milia,
1962 919 2012 967 et

190 1001 536 1067 tumultuarias
562 1021 793 1067 catervas
816 1015 1181 1066 Germanorum
1220 1013 1292 1064 cis
1317 1012 1543 1063 Rhenum
1574 1007 1844 1062 colentium
1881 1007 2017 1062 Cae-

193 1107 339 1157 cinae
374 1105 556 1167 tradit3
607 1103 817 1155 totidem
850 1103 1115 1170 legioneS,
1169 1101 1418 1167 duplicem
1457 1099 1713 1150 sociorum
1753 1111 2013 1146 numerum

190 1196 300 1262 ipse
343 1194 503 1259 ducit3
542 1196 813 1262 positoque
847 1193 1057 1246 castello
1094 1207 1246 1258 super
1283 1188 1735 1265 vestigiabpaterni
1769 1185 2013 1263 ρςᾳφξῇιᾴῇ

189 1288 242 1338 in
278 1292 449 1339 monte
483 1288 674 1350 'l'aun0,
716 1284 1001 1351 expeditum
1037 1266 1403 1335 exercitum'in
1430 1282 1635 1334 Chattos
1672 1279 1817 1346 rapit,
1856 1277 2079 1330 Lucioio‘

191 1379 420 1445 Apronio
469 1379 532 1430 ad
590 1377 897 1428 munitiones
955 1376 1152 1426 viarum
1205 1379 1256 1425 et
1311 1374 1566 1424 fluminum
1617 1371 1814 1422 relicto.
1888 1370 2014 1421 Nam

194 1475 390 1532 (rarum
438 1468 510 1519 illi
555 1468 728 1534 caelo)
781 1467 1014 1519 siccitate
1063 1470 1112 1516 et
1157 1465 1388 1515 amnibus
1447 1463 1663 1515 modicis
1712 1460 2016 1512 inoffensum

193 1561 290 1615 iter
322 1562 713 1626 properaverat,
772 1557 1061 1621 imbresque
1097 1559 1147 1606 et
1195 1554 1451 1605 fluminum
1494 1558 1670 1604 auctus
1704 1548 2018 1618 regredienti

195 1648 524 1701 metuebatur.
597 1648 698 1701 Sed
734 1647 924 1699 Chattis
960 1645 1090 1697 adeo
1129 1645 1419 1711 inprovisus
1468 1642 1705 1706 advenit,
1758 1645 1840 1704 ut,
1882 1638 2017 1705 quod

195 1740 497 1792 imbecillum
534 1744 699 1792 aetate
735 1754 796 1792 ao
830 1753 983 1803 sexu,
1038 1737 1205 1791 statim
1244 1739 1439 1803 captum
1475 1739 1562 1785 aut
1597 1733 1897 1786 trucidatum
1935 1731 2016 1785 sit.
2035 1743 2085 1783 ¹5

318 1891 358 1935 1.
387 1891 555 1934 armeni
583 1890 638 1933 M.
699 1891 731 1933 4
762 1895 805 1932 et
836 1890 878 1932 5.
913 1895 1016 1946 aput
1044 1888 1098 1932 M.
1166 1888 1234 1933 10.
1270 1886 1319 1930 L.
1354 1885 1408 1929 M.

199 2033 301 2087 Quis
331 2045 420 2073 non
451 2038 490 2074 te
512 2031 803 2087 felicissimum
833 2045 928 2073 cum
952 2037 1069 2072 tanto

198 2091 422 2149 splendore
482 2103 727 2133 socerorum
777 2089 1070 2146 (Schwieyer-

200 2151 385 2209 alteru),
420 2165 514 2193 cum
544 2151 740 2206 coniugis
765 2150 953 2206 pudore,
987 2157 1072 2191 tum

199 2209 417 2253 masculae
449 2223 607 2265 quoque
636 2208 771 2266 prolis
819 2209 1071 2264 opportuni-

204 2277 290 2312 tate
308 2269 610 2326 praedicavit?
633 2270 786 2311 Soceri
804 2269 938 2324 igitur
957 2267 1072 2322 apud

203 2329 396 2372 Tacitum
437 2335 539 2370 sunt
577 2328 1077 2385 QQPEQ-QQ-AEQRQK

204 2391 323 2442 eius,
351 2444 354 2445 ⁷
387 2389 584 2445 imum..
609 2388 763 2439 mariti,
813 2388 881 2437 sui
931 2389 1074 2439 ,stacia

202 2439 444 2490 Theodisce
461 2453 671 2491 converte
687 2461 698 2489 ε
713 2448 789 2489 der
799 2447 1073 2502 Schwieqer-

203 2507 310 2550 sohn
337 2507 544 2560 verhasst,
575 2505 784 2563 feindlich
805 2507 975 2562 qcsinnt
1005 2506 1075 2547 die

204 2566 606 2623 Schwieqeriiltern.
638 2565 874 2620 Anaphora
903 2566 1074 2607 incitati

205 2627 417 2668 sermonis
457 2626 638 2682 ingenio
691 2624 920 2680 praeclare
963 2637 1072 2666 con-

205 2685 343 2727 venit.
437 2684 534 2726 Non
593 2685 816 2727 intellexit
877 2685 1073 2727 sensitve

209 2742 422 2796 Orellius,
455 2746 530 2800 qui
564 2744 792 2786 admodum
827 2744 998 2786 incerta
1031 2749 1075 2787 et

207 2802 340 2859 longe
373 2806 511 2858 petita
550 2804 718 2858 profert
750 2801 955 2845 Wolfium
998 2816 1073 2846 se-

210 2868 358 2903 cutus:
401 2861 567 2918 ‘utique
598 2869 699 2903 sunt
731 2862 816 2902 duo
848 2861 1073 2904 membra:

209 2934 342 2974 ρεπεν
393 2932 547 2962 socero
597 2921 818 2977 (Segesti)
883 2921 1074 2974 invisus,

211 2978 374 3019 inimici
411 2979 492 3031 ipsi
525 2980 664 3020 soceri
697 2980 923 3033 utriusque
967 2991 1077 3021 con-

213 3038 355 3094 iugis,
419 3037 658 3092 Sigimerus
699 3038 881 3079 Arminii
930 3044 1075 3091 pater,

211 3095 483 3137 'l'husneldae
504 3109 646 3148 socer,
665 3103 709 3138 et
723 3098 930 3152 Segestes
954 3103 1078 3151 pater

211 3154 506 3207 '1'husneldae‚
547 3156 731 3198 Arminii
775 3155 929 3198 socer’.
992 3157 1077 3199 Sed

210 3214 390 3255 Arminii
439 3220 603 3266 patrem
635 3216 915 3270 Siyimerum,
947 3228 1077 3270 quem

212 3274 404 3313 nominat
438 3273 636 3314 Velleius
667 3273 704 3316 11
733 3274 830 3325 118,
864 3286 960 3314 cum
993 3274 1078 3315 Τει-

213 3333 324 3372 citus
384 3342 594 3385 nusquam
648 3333 1078 3385 commemoraverit,

211 3390 290 3431 ille
308 3388 375 3430 his
395 3390 662 3443 temporibus
694 3392 779 3431 iam
802 3403 889 3431 non
912 3392 1078 3432 vixisse

213 3447 524 3491 existimandus
558 3455 648 3490 est:
687 3455 806 3490 certe
829 3450 900 3490 hie
933 3455 978 3490 ut
1011 3450 1078 3490 le·-

213 3507 418 3564 gentibus
461 3507 591 3560 plane
632 3510 808 3563 ignotus
851 3510 1078 3549 memorari

212 3579 299 3608 non
346 3568 503 3621 potuit.
596 3566 767 3609 Tacitus
817 3567 1080 3621 Seyimerum

214 3626 388 3669 fratrem
401 3626 631 3683 Segestisl
656 3628 707 3670 71
743 3628 787 3669 in
810 3625 1078 3669 deditionem

215 3685 353 3740 accipi
372 3691 528 3739 narrat,
552 3686 628 3741 sed
651 3685 727 3730 ille
752 3692 874 3741 pater
894 3685 1078 3729 Arminii

1153 2040 1241 2070 non
1265 2029 1404 2083 magis
1436 2028 1519 2069 fuit
1551 2039 1679 2082 quam
1705 2025 1911 2081 Segestes
1943 2035 2021 2078 pro

1154 2094 1308 2142 patruo
1324 2088 1418 2128 eius
1437 2086 1588 2128 haberi
1602 2091 1762 2139 potest.
1799 2084 2022 2125 Postremo

1153 2147 1492 2201 Bezzenberger
1522 2145 1606 2186 hoe
1638 2144 1722 2185 dici
1756 2143 2023 2197 pronuntiat,

1156 2205 1273 2261 quod
1302 2205 1525 2247 Arminius
1557 2204 1689 2245 filiam
1723 2203 1918 2259 Segestis
1951 2214 2025 2242 ra..

1153 2266 1346 2320 puisset,
1391 2277 1603 2321 generum
1638 2264 1828 2305 invisum
1862 2262 2025 2304 factum

1156 2337 1253 2366 esse
1288 2337 1469 2377 socero,
1513 2336 1642 2380 quem
1683 2323 1906 2365 inimicum
1941 2321 2025 2363 iam

1155 2390 1284 2428 antea
1314 2384 1556 2428 habuisseta

1246 2442 1352 2498 Cap.
1390 2444 1462 2488 56.
1525 2443 1696 2486 totidem
1728 2442 1940 2498 leqiones:
1982 2439 2026 2482 in

1156 2503 1411 2547 Chattorum
1461 2503 1589 2546 sedes
1640 2515 1736 2544 cum
1793 2500 2031 2556 superioris

1156 2562 1414 2607 Germaniae
1459 2561 1712 2618 legionibus
1761 2560 1813 2603 ab
1865 2558 2028 2612 oppido

1154 2623 1431 2679 Magontiaeo
1481 2621 1555 2664 vel
1607 2634 1662 2663 ex
1717 2619 1794 2663 illa
1842 2619 2029 2674 regione

1157 2681 1440 2725 Germanicus
1472 2680 1731 2737 ingreditur.
1801 2677 1927 2721 Gonf.
1954 2677 2031 2720 XII

1155 2743 1210 2786 27
1240 2748 1283 2786 et
1305 2741 1378 2786 28.
1440 2741 1564 2784 Mons
1583 2739 1754 2781 'Faunus
1777 2739 1850 2793 qui
1884 2738 2030 2778 statim

1156 2801 1403 2856 appellatur
1424 2801 1491 2856 (ei
1514 2799 1646 2842 hodie
1671 2810 1830 2840 nomen
1853 2802 1920 2838 est
1941 2802 2031 2838 tum

1157 2861 1382 2916 antiquum
1409 2872 1553 2912 suum,
1589 2866 1678 2901 tum
1713 2858 1780 2900 die
1806 2856 1924 2899 Helie
1957 2854 2030 2898 vel

1158 2919 1235 2961 der
1256 2919 1481 2974 Hem-ich),
1511 2931 1599 2960 non
1629 2917 1826 2972 procula
1847 2915 2032 2971 Magon.-

1156 2979 1273 3020 tiaco
1324 2980 1368 3019 in
1409 2978 1562 3020 dextra
1593 2978 1737 3021 Moeni
1780 2976 1873 3029 ripa
1921 2977 2033 3017 inter

1158 3038 1321 3091 oppida
1347 3037 1557 3079 hodierna
1579 3037 1791 3091 Homburq
1818 3041 1861 3078 et
1893 3034 2028 3075 Wies-

1160 3097 1297 3138 baden
1316 3098 1423 3138 situs
1450 3102 1529 3138 est.
1584 3097 1802 3139 Summum
1838 3094 1933 3136 eius
1962 3093 2032 3133 fa.-

1158 3157 1335 3211 stigium
1359 3156 1498 3198 efficit
1515 3157 1587 3209 qui
1611 3167 1725 3196 nunc
1750 3158 1934 3195 vocatur
1956 3151 2033 3192 der

1162 3213 1365 3269 Feldberq
1409 3226 1543 3267 prope
1582 3214 1807 3254 civitatem
1840 3210 2031 3263 Koniqs..

1158 3275 1283 3315 stein.
1343 3273 1454 3314 Dum
1476 3271 1756 3314 Germanicus
1782 3271 1824 3309 in
1851 3267 2032 3309 Chattos

1160 3332 1294 3382 ducit,
1329 3330 1519 3373 Caecina
1543 3330 1866 3383 expeditionem
1890 3340 1915 3368 a
1942 3327 2033 3369 Ve-

1160 3390 1324 3430 teribus
1379 3394 1623 3443 susceptam
1685 3392 1897 3429 executus
1950 3391 2029 3428 est.

1164 3449 1261 3489 vid.
1296 3462 1332 3488 c.
1369 3448 1424 3490 56
1457 3454 1566 3489 extr.

1247 3507 1536 3548 metuebatur.-
1570 3506 1630 3548 nil
1664 3517 1807 3547 moror
1826 3504 2031 3546 Wollium

1163 3579 1258 3607 cum
1283 3565 1429 3619 Lipsio
1451 3566 1715 3608 scribentem
1737 3564 2032 3606 metuebantur

1161 3638 1211 3668 ac
1245 3630 1482 3669 correctam
1515 3628 1773 3679 scripturam
1814 3626 1873 3666 ita
1907 3636 2030 3667 com-

1158 3683 1457 3730 mendantem:
1487 3685 1679 3741 ‘flumina
1700 3684 1856 3730 Latine
1880 3689 2028 3729 auctus
