2280 4004
145 924 216 970 29

805 300 970 347 LIBER
1000 301 1072 347 111.
1105 301 1214 351 OAr.
1246 299 1438 348 27—29.

1971 295 2057 342 121

233 467 602 539 multorumque
655 468 1041 545 exsisiwsstatus·
1117 469 1178 521 Et
1224 473 1391 520 terror
1431 452 1663 519 omnibus
1700 447 2054 530 intentabatur,

438 535 451 538 ,,
457 532 506 536 „v-
543 527 736 537 ψ-σ-ψ--ἪΝ

232 560 284 610 ni
318 561 548 612 Tiberius
585 550 858 613 statuendo
890 561 1118 613 remedio
1156 561 1376 626 quinque
1416 558 1782 621 consularium,
1837 557 2058 623 quinque

234 667 261 701 e
300 651 603 717 praetoriis,
663 651 872 702 totidem
910 667 938 702 e
978 656 1150 703 cetero
1201 656 1378 703 senatu
1426 654 1565 701 sorte
1614 649 1867 713 duxisset,
1929 646 2059 713 apud

233 756 359 807 quos
421 740 1105 818 QLPlssKiqllssffllssgiS
1160 756 1338 802 nexus
1394 740 1648 792 modicum
1705 740 1757 790 in
1813 751 2059 806 praesens
2077 731 2137 774 ’Χ

231 831 566 884 levamentum
607 831 767 882 fuere.

331 923 465 973 -Per
499 922 633 973 idem
668 927 862 988 tempus
899 922 1153 974 Neronem
1192 938 1220 972 e
1257 923 1432 974 liberis
1478 921 1794 987 Germanici,
1838 921 1937 971 iam
1978 920 2062 971 in·-

235 1026 468 1079 gressum
530 1012 813 1077 iuventam,
885 1012 1257 1062 commendavit
1312 1012 1569 1078 patribuS,
1636 1016 1789 1077 utque
1852 1025 2062 1062 munere

232 1102 532 1169 capessendi
582 1103 957 1170 vigintiviratus
1008 1103 1293 1154 solveretur
1333 1108 1382 1154 et
1435 1103 1778 1168 quinquennio
1820 1101 2063 1153 maturius

233 1207 380 1259 quam
417 1208 509 1259 per
546 1194 689 1261 leges
730 1199 1049 1260 quaesturam
1090 1199 1314 1260 peteret⁷
1355 1209 1458 1244 non
1495 1194 1606 1245 sine
1647 1193 1808 1244 inrisu
1848 1192 2066 1261 audien-

228 1284 348 1334 tium
384 1285 673 1350 postulavit.

227 1380 430 1442 petente
487 1376 735 1444 Augusto.

749 1284 1116 1336 Praetendebat
1147 1285 1244 1336 sibi
1281 1290 1428 1350 atque
1466 1284 1610 1336 fratri
1649 1284 1855 1335 decreta
1885 1283 2126 1335 eademto

835 1376 934 1428 Sed
987 1390 1153 1441 neque
1210 1381 1312 1426 tum
1373 1376 1531 1427 fuisse
1583 1375 1918 1426 dubitaverim
1975 1373 2060 1440 qui

230 1467 480 1518 eiusmodi
531 1482 714 1534 preces
757 1467 943 1518 occulti
988 1466 1306 1518 inluderent:

1375 1483 1435 1518 ac
1474 1472 1642 1518 tamen
1679 1466 1821 1517 initia
1864 1465 2061 1532 fastigii

231 1558 536 1610 Caesaribus
574 1563 735 1623 erant,
775 1558 1042 1626 magisque
1078 1559 1130 1608 in
1172 1558 1334 1609 oculis
1370 1563 1515 1610 vetus
1552 1573 1679 1623 mos,
1725 1563 1773 1609 et
1809 1557 2065 1624 privignis-

231 1665 341 1700 cum
380 1650 564 1700 vitrico
600 1649 766 1700 levior
801 1649 1129 1702 necessitudo
1171 1664 1318 1715 quam
1360 1663 1456 1700 avo
1495 1649 1767 1701 adversum
1808 1653 2061 1714 nepotem.

229 1740 449 1792 Additur
484 1739 803 1806 pontificatus
840 1746 904 1806 et,
947 1755 1045 1806 quo
1083 1741 1296 1807 primum
1337 1740 1421 1792 die
1458 1740 1622 1792 forum
1659 1741 1924 1807 ingressus
1967 1744 2061 1806 est,
2081 1751 2130 1791 ιε

345 1956 387 1999 3.
423 1964 524 2014 aput
555 1957 610 2000 M.
711 1957 754 2000 4.
787 1956 918 2000 eoesot.
953 1956 1024 2000 Or.

235 2018 424 2059 correxit
454 2016 709 2059 Beroaldus.

236 2193 461 2234 constituti
505 2191 611 2248 (Dio
653 2190 746 2234 LIV
790 2192 870 2248 26)
918 2191 1107 2232 admini-

234 2254 486 2294 strationem
519 2253 571 2292 ad
592 2252 779 2293 honores
804 2250 1108 2304 adipiscendos

234 2319 319 2353 tam
351 2313 643 2354 neeessariam
676 2311 829 2362 fuisse,
860 2315 907 2350 ut
920 2310 1107 2364 Augusti

235 2372 426 2428 privigni
457 2370 622 2412 Drusus
655 2383 706 2412 ac
738 2368 950 2420 Tiberius,
977 2368 1109 2410 Tibe-

235 2432 376 2486 riique
431 2431 640 2484 principis
688 2441 824 2484 nepos
882 2427 996 2470 Nero
1055 2440 1107 2469 eo

236 2503 414 2531 munere
455 2489 704 2543 postulante
748 2488 945 2542 principe
978 2501 1003 2528 a
1034 2499 1109 2528 se-

235 2555 338 2590 natu
390 2549 679 2605 solverentur.
743 2547 914 2588 Privato
957 2547 1107 2603 igitur,

235 2610 317 2649 nisi
361 2614 461 2649 ante
495 2606 747 2663 x'vigintivir
789 2607 928 2648 factus
978 2611 1127 2658 esset,>

237 2679 467 2721 capessere
521 2671 795 2722 quaesturam
838 2677 925 2706 nou
968 2665 1108 2706 licuit.

237 2726 330 2778 Qua
363 2726 416 2768 de
450 2739 580 2767 causa
611 2725 819 2776 Tacitum,
855 2725 926 2780 qui
961 2723 1109 2780 digni-

236 2791 366 2827 tatem
413 2799 558 2837 suam,
612 2784 654 2825 h.
691 2798 730 2826 e.
764 2783 1024 2826 senatoriam
1058 2782 1110 2824 ad

235 2859 361 2901 (pram
396 2859 450 2886 ex
482 2849 714 2899 quaestura
746 2842 927 2898 gradus,
960 2855 983 2883 a
1019 2842 1111 2883 Ve-

235 2906 437 2958 spasiano
472 2903 719 2944 inchoatam
753 2902 904 2944 scribit
937 2901 988 2943 fl.
1019 2901 1036 2942 Ι
1071 2903 1108 2954 1,

236 2969 309 3004 aut
341 2969 442 3004 ante
476 2964 569 3003 eius
614 2962 903 3017 principatum
947 2961 988 3000 in
1038 2961 1110 3001 vi-

237 3023 454 3078 gintiviris
479 3021 630 3074 fuisse,
651 3026 723 3061 aut
746 3019 898 3062 eodem
911 3019 1110 3074 principe

236 3082 427 3136 quinque
470 3080 607 3122 ferme
659 3080 783 3121 annis
835 3085 936 3121 ante
983 3091 1107 3134 quam

236 3146 511 3195 quaesturam
575 3144 750 3195 gereret
812 3138 876 3180 illi
941 3138 1107 3178 muneri

235 3199 505 3241 satisfecisse
536 3198 682 3240 credo.
738 3197 785 3239 ld
817 3211 871 3240 ex
902 3198 996 3250 ipso
1027 3196 1110 3237 hoc

238 3257 336 3298 loco
359 3257 497 3311 liquet
514 3258 672 3312 viginti
695 3270 901 3298 annorum
929 3258 1110 3297 iuvenes

238 3315 289 3356 ad
322 3316 673 3370 vigintiviratum
703 3317 996 3357 successisse:
1041 3314 1109 3355 le-

237 3375 434 3430 gitimum
480 3374 592 3414 enim
638 3381 895 3428 quaesturae
942 3379 1111 3425 tempus

238 3434 337 3474 anni
371 3432 527 3486 viginti
563 3437 779 3486 quattuor.
825 3431 1108 3472 Cf.1’··ooem.

238 3506 276 3534 c.
318 3494 360 3536 2.
433 3490 685 3546 Vigintiviri
732 3490 855 3531 suere
901 3490 1112 3530 triumviri

235 3549 482 3602 monetales,
504 3549 715 3590 triumviri
741 3546 959 3603 capitulae,
986 3553 1111 3600 quat-

238 3610 419 3654 tuorviri
447 3608 607 3660 vitiles,
648 3607 875 3649 decemviri
916 3604 1109 3647 stlitibus.

237 3667 391 3715 Diorl.
437 3682 475 3714 c.
530 3667 684 3712 Festus
731 3680 765 3711 s.
813 3667 1110 3723 Praefectura.

1126 1956 1168 2000 9.
1203 1957 1493 2011 quaesituram
1522 1954 1577 1999 Μ.

1703 1955 1772 1999 12.
1806 1955 1977 2011 fastidii
1998 1955 2063 1999 M:

1191 2190 1387 2232 Formam
1421 2190 1733 2246 quaesituram,
1767 2189 1983 2231 delicatae
2015 2203 2066 2232 ac

1190 2249 1438 2306 negligenti
1470 2251 1816 2304 pronuntiationi
1859 2248 2064 2292 Italorum

1190 2309 1487 2362 tribuendam,
1543 2322 1649 2351 vere
1692 2310 1881 2351 correxit
1923 2307 2068 2350 Erne-

1189 2369 1313 2410 stius.

1277 2427 1358 2468 sihi
1388 2435 1511 2482 atque
1533 2430 1620 2483 fr„-
1654 2427 1738 2469 Dio
1760 2426 1852 2469 Ltlt
1884 2427 1956 2479 28,
1973 2426 2068 2469 LIV

1193 2487 1260 2530 10.
1330 2500 1384 2527 ac
1429 2494 1571 2528 tamen
1616 2488 1745 2528 initia
1777 2512 1832 2518 -—
1864 2487 2068 2528 adversus

1188 2552 1409 2601 nepotem.-
1459 2547 1494 2587 si
1536 2547 1759 2602 Augustus
1802 2547 2007 2599 princeps
2042 2557 2067 2586 a

1189 2611 1343 2646 senatu
1384 2605 1564 2658 petebat
1612 2619 1723 2660 quae
1770 2606 1924 2661 negari
1978 2617 2067 2645 non

1190 2670 1419 2718 poterant,
1453 2664 1660 2706 irridendi
1696 2677 1826 2706 causa
1860 2677 1947 2705 non
1979 2670 2066 2705 tam

1190 2725 1303 2766 iusta
1336 2729 1443 2776 erat,
1476 2737 1604 2779 quam
1623 2723 1929 2765 cum'l'iberius
1951 2722 2066 2764 idem

1192 2783 1453 2837 coeptabat:
1505 2796 1603 2824 nam
1647 2783 1832 2836 primum
1879 2782 2066 2838 Augusti

1191 2848 1334 2884 aetate
1375 2843 1586 2896 principis
1629 2843 1826 2896 potentia
1876 2841 2067 2882 nondum

1191 2900 1338 2943 adult-a
1381 2906 1473 2942 erat
1517 2901 1584 2955 (h.
1621 2915 1659 2942 e.
1694 2900 1804 2941 illud
1834 2901 1962 2942 initia
1991 2902 2067 2955 sa-

1190 2961 1306 3015 stiqii
1339 2960 1597 3002 Caesaribus
1627 2965 1774 3017 erant)
1795 2991 1806 3011 ‚
1839 2961 2068 3016 magisque

1192 3020 1234 3059 in
1262 3019 1402 3061 oculis
1435 3026 1561 3061 vetus
1592 3032 1700 3071 mos,
1733 3025 1822 3059 tum
1845 3018 1974 3060 Drusi
1995 3018 2068 3059 Ti-

1190 3078 1391 3134 ber-iique
1413 3092 1507 3120 cum
1525 3078 1723 3134 Augusto
1746 3079 1903 3120 vitrico
1925 3077 2070 3119 levior

1192 3137 1468 3179 necessitudo
1502 3151 1627 3192 quam
1645 3137 1830 3179 Neronis
1859 3149 1954 3176 cum
1984 3147 2067 3176 avo

1189 3196 1377 3239 Tiberio,
1426 3196 1556 3238 Disce
1578 3197 1706 3236 etiam
1738 3195 1820 3235 hoc
1849 3193 2066 3246 exemplo,

1192 3261 1237 3295 ut
1270 3257 1532 3296 accerrimus
1566 3254 1740 3293 humani
1783 3252 1951 3307 ingenii
1986 3264 2066 3291 ex-

1191 3314 1382 3366 plorator
1409 3312 1575 3353 nullum
1592 3311 1881 3352 simulationis
1894 3309 2066 3351 Tiberio

1194 3374 1365 3413 innatae
1400 3370 1605 3411 indicium
1640 3375 1793 3410 notare
1825 3370 2034 3412 omiserit.

1279 3444 1357 3483 quo
1386 3431 1570 3484 primum
1602 3427 1668 3469 die
1686 3431 1828 3482 sorum
1849 3430 2067 3483 ingressus

1192 3495 1281 3528 est.-
1332 3487 1373 3528 ln.
1411 3502 1450 3528 c.
1495 3486 1564 3528 (lie
1598 3499 1683 3541 quo
1717 3492 1862 3543 togam
1894 3487 2067 3530 virilem

1192 3547 1395 3599 sumpsit:
1459 3558 1500 3586 v.
1557 3545 1736 3588 Sueton.
1800 3545 1940 3602 Galig.
1998 3547 2066 3599 10,

1191 3604 1291 3646 Ner.
1327 3605 1374 3657 7,
1421 3610 1463 3647 et
1505 3617 1617 3662 quae
1661 3605 1832 3662 Lipsius
1874 3605 1929 3648 ad
1957 3604 2001 3649 h.
2034 3604 2064 3653 l.

1197 3663 1394 3723 collegit.
