2280 4004
173 267 200 302 a
229 253 280 300 G.
311 255 383 301 58.
725 253 891 297 LIBER
921 252 1037 298 xm*-
1097 252 1205 297 On.
1237 253 1426 297 54-55.
1909 252 2006 296 167

174 400 380 455 nomine
416 399 716 464 BoiocaluS,
753 399 974 450 vinctum
1012 413 1070 450 se
1101 398 1382 450 rebellione
1422 391 1679 449 Ghe‘rusca
1713 395 1856 448 iussu
1890 396 1996 447 Ar·-

173 493 316 545 minii
346 491 604 555 referem,
662 504 781 542 mox
818 489 1019 541 Tiberio
1058 505 1119 540 ac
1159 488 1460 540 Germanico
1501 487 1712 539 ducibus
1747 487 2017 554 sti-pendia

173 584 444 648 meruisse,
493 587 541 634 et
578 580 940 649 quinquaginta
980 595 1225 648 annorum
1264 580 1514 646 obsequio
1560 579 1613 630 id
1665 593 1864 645 quoque
1902 578 2001 630 ad·-

180 676 411 743 iungere,
451 673 584 739 quod
621 678 825 740 gentem
862 687 1004 724 suam
1036 671 1212 722 ditioni
1237 674 1444 722 nostrae
1478 670 1754 726 subiceret,
1824 669 2003 731 Quan-

175 771 279 820 tam-
309 770 503 832 partem
536 764 698 831 campi
730 764 922 829 iacere,
964 764 1016 814 in
1055 778 1202 830 quam
1231 777 1420 829 pecora
1449 766 1498 813 et
1527 766 1752 813 armenta
1790 761 2037 814 militum⁵

177 856 448 924 aliquando
471 855 954 908 transmitterentur!
997 855 1271 908 Servarent
1296 868 1420 905 sane
1444 857 1681 919 receptos
1706 852 1998 920 [gregibus]

175 947 310 1000 inter
343 946 617 998 ‘hominum
663 946 880 1010 famam,
937 945 1090 996 modo
1141 960 1207 996 ne
1244 946 1529 1000 vastitatem
1580 947 1630 994 et
1677 942 2001 995 solitudinem

178 1038 384 1092 mallent
411 1053 558 1104 quam
589 1037 780 1088 amicos
807 1036 1036 1103 populos.
1099 1035 1468 1087 Chamavorum
1493 1033 1748 1101 quondam.
1775 1048 1835 1085 ea
1860 1048 2001 1098 arva,

174 1145 296 1183 mox
328 1128 606 1181 Tubantum
641 1134 692 1180 et
725 1133 842 1194 post
878 1128 1164 1193 Usipiorum
1202 1126 1377 1178 fuisse.
1451 1126 1607 1178 Sicuti
1641 1125 1835 1178 caelum
1871 1125 1999 1190 deiS‚

176 1220 246 1272 ita
285 1224 452 1273 terras
485 1218 668 1287 generi
706 1218 1201 1281 mortalium-datam
1251 1231 1481 1283 quaeque
1517 1231 1740 1282 vacuae,
1783 1230 1871 1268 eas
1905 1230 2004 1283 pu·-
2019 1227 2073 1264 ιο.

175 1310 337 1364 blicas
364 1324 496 1363 esse.
570 1309 740 1361 Solem
773 1309 959 1361 deinde
983 1308 1267 1374 suspiciens
1307 1312 1358 1359 et
1392 1312 1561 1359 cetera
1596 1306 1767 1358 sidera
1790 1320 2001 1372 vocanS,

178 1401 322 1469 quasi
364 1416 538 1453 coram
576 1401 958 1468 interrogabat,
1014 1400 1272 1451 vellentne
1331 1398 1560 1450 contueri
1618 1398 1772 1450 inane
1808 1397 2005 1455 solum:-v

176 1493 342 1562 potius
395 1509 537 1545 mare
603 1491 1031 1559 superfunderent
1091 1491 1337 1542 adversus
1407 1495 1658 1542 terrarum
1722 1494 2003 1557 ereptoreS.

180 1708 347 1752 editor:
394 1706 462 1750 Ma
495 1707 645 1750 tiberio
690 1707 735 1747 in
779 1706 866 1748 fine
898 1718 1076 1758 versus,
1130 1703 1163 1746 G
1197 1711 1240 1747 et
1284 1705 1484 1761 plerique
1525 1644 1719 1747 editorgs‘
1756 1643 1921 1745 ξῖἒέἴὲἕ
1952 1657 2009 1745 gg
2054 1684 2058 1686 Π

176 1771 221 1813 3.
256 1776 295 1810 et
326 1767 638 1823 quinquaqinta
667 1764 759 1807 Ma:
793 1766 1104 1821 quinquaqinta
1136 1764 1169 1806 G
1202 1771 1246 1807 et
1278 1765 1395 1806 Harl.
1428 1764 1555 1806 Bodl.
1655 1763 1698 1807 4.
1733 1763 1894 1804 dicioni
1924 1761 2006 1805 Ma.

181 1834 384 1884 quantam
416 1827 581 1869 editor:
608 1825 783 1868 codices
816 1832 999 1881 quotam.
1127 1824 1168 1866 5.
1205 1837 1289 1878 qua
1319 1823 1410 1866 Ma:
1443 1830 1529 1878 qud
1561 1823 1609 1866 G.
1732 1822 1774 1865 6.
1816 1822 2008 1878 glossam

181 1887 380 1943 yreqihus
410 1885 592 1928 seclusit
623 1884 778 1927 editor.
893 1884 935 1927 9.
966 1885 1183 1940 usiporum
1212 1882 1293 1935 Ma,
1327 1885 1573 1939 usipporum
1604 1883 1651 1925 G.
1750 1882 1816 1925 10.
1850 1894 2009 1936 queque

182 1945 264 1990 Ma.
387 1947 457 1989 11.
490 1944 642 1987 deinde
670 1942 764 1996 Ma,
797 1956 887 1985 non
917 1944 1031 1986 inde.
1127 1942 1363 1999 suspiciens
1393 1943 1622 1985 Heinsius:
1658 1941 1905 1996 despiciens,
1923 1939 2005 1994 Ma,

183 2006 416 2109 rapaciores
429 2003 496 2108 ἐξ.
624 2010 800 2119 οῗειεέα
828 2001 935 2106 Μὲθ
1017 2002 1173 2102 εῃάενῖι
1203 2001 1284 2071 Μῑῑἶ
1349 2060 1383 2103 G
1411 2003 1478 2046 12.
1510 2001 1695 2044 uelletne
1725 1999 1817 2044 Ma:
1850 1999 2008 2042 uellent

181 2079 236 2109 ne
312 2099 322 2109 .
481 2095 497 2107 ,.
528 2077 655 2120 super
675 2077 733 2105 un
766 2076 837 2105 ere
906 2083 910 2087 -
949 2075 960 2104 z
992 2074 1143 2105 correo
1165 2075 1235 2106 um
1270 2074 1315 2102 m
1387 2092 1399 2103 .

298 1650 337 1692 1.
372 1647 562 1691 boicalus
590 1645 670 1700 Ma,
705 1646 739 1689 G
769 1646 983 1699 biocalus,
1016 1646 1062 1687 in
1092 1647 1290 1703 margine
1322 1645 1553 1688 boiocalus.

182 2212 231 2249 ut
250 2208 294 2248 in
314 2218 515 2263 magnam
546 2205 640 2246 eius
663 2210 830 2259 partem
859 2210 1053 2246 armenta

182 2267 369 2308 militum
425 2270 499 2306 aut
553 2263 781 2305 admodum
832 2276 929 2305 sero
982 2270 1055 2305 aut

183 2337 401 2381 nunquam
447 2323 739 2381 (aliquando)
786 2324 1056 2367 transmitte..

183 2390 350 2429 rentur.
393 2383 545 2427 lacere
578 2388 644 2425 est
673 2382 881 2425 incultam
910 2383 1056 2425 iacere

187 2450 231 2487 et
287 2445 383 2486 siue
433 2442 594 2486 fructu.
658 2440 780 2492 Quae
835 2443 1056 2485 sententia

185 2504 291 2550 huic
322 2502 420 2545 loco
456 2501 726 2546 conveniens
767 2506 815 2541 ut
843 2501 1056 2544 restitue..

105 2595 107 2597 .
185 2569 319 2614 retur,
351 2572 428 2616 pro
461 2567 630 2615 quotam
652 2559 930 2602 scribendum
966 2565 1058 2603 erat

188 2627 406 2679 quantam.
457 2619 571 2662 lllud
604 2632 658 2661 ex
677 2632 808 2675 prava
831 2618 1055 2662 solutione

186 2681 329 2738 siglae
361 2685 496 2734 qtam,
548 2692 634 2735 qua
676 2685 720 2720 et
759 2685 963 2733 quantam
1013 2684 1057 2720 et

160 2780 162 2783 ,
187 2748 357 2797 quotam
376 2737 616 2794 significari
631 2738 759 2790 solet,
777 2744 918 2779 ortum
935 2743 1054 2793 pute.

276 2805 500 2843 servarem
543 2811 650 2839 sane
693 2804 885 2853 receptos
935 2801 1057 2854 [gre-

187 2859 329 2916 yibus]
360 2860 475 2900 iuter
498 2857 713 2898 hominum
738 2859 927 2912 famam:
961 2870 1057 2899 cum

190 2918 387 2974 proxime
419 2916 477 2958 de
507 2915 732 2972 pecoribus
772 2916 1059 2970 armentisque

189 2989 333 3020 sermo
386 2975 548 3028 fuerit,
597 2976 681 3016 iam
734 2981 949 3017 oratorem
1005 2975 1059 3017 ad

191 3036 389 3079 homines
421 3034 497 3089 (ad
512 3035 802 3092 Amsivarios)
824 3034 1058 3089 pervenire

192 3107 378 3150 aequum
409 3093 596 3136 videtur.
661 3093 744 3136 Sed
781 3107 886 3136 ecce
918 3095 1058 3136 inter-

192 3154 336 3195 turbat
368 3149 556 3194 additum
588 3153 786 3208 gregibus
818 3159 862 3195 et
894 3153 1058 3195 bestias

195 3215 348 3255 iterum
383 3211 572 3252 inculcat
612 3212 683 3252 ubi
717 3213 894 3254 minime
927 3211 1055 3263 velis,

195 3280 238 3314 et
283 3272 337 3311 ila
385 3270 506 3323 ponit
548 3276 594 3309 ut
645 3271 730 3311 nisi
778 3271 953 3312 reiectis
1005 3272 1058 3311 iis

196 3331 304 3386 (hoc
339 3328 441 3379 tibi,
485 3328 649 3380 lector,
684 3335 890 3382 expertus
921 3341 1057 3382 spon-

195 3391 302 3446 deo)
336 3387 566 3444 quidquam
601 3389 643 3428 in
676 3392 890 3429 structura
919 3401 1057 3441 expc-

194 3442 351 3491 dienda
383 3446 600 3501 proficias.
644 3445 749 3488 Mihi
770 3459 929 3488 nomeu
956 3461 1059 3502 yre-

197 3509 315 3564 gibus
347 3521 400 3549 ex
432 3506 579 3562 glossa
612 3507 832 3548 invectum
861 3505 1057 3548 videtur:

198 3568 370 3611 scilicet
385 3566 525 3610 lector
540 3564 746 3608 adversus
769 3565 903 3608 verba
922 3579 1062 3621 quan-

204 3631 288 3669 tam
313 3633 482 3684 partem
515 3626 654 3683 campi
693 3627 838 3668 iacere
870 3626 913 3667 in
945 3638 1063 3668 mar.-

1140 2204 1243 2260 gine
1276 2204 1450 2257 scripsit
1480 2202 1699 2258 qreyibus,
1733 2207 1781 2243 ut
1813 2207 1931 2244 esset
1961 2202 2009 2244 in

1138 2278 1259 2304 usum
1299 2277 1473 2318 9reyum
1519 2265 1614 2318 (fair
1664 2262 1730 2303 die
1773 2262 2005 2318 Hem-den).

1141 2323 1310 2365 Nomen
1341 2321 1443 2365 inde
1474 2321 1729 2362 translatum
1750 2320 1894 2363 locum
1921 2334 2007 2362 non

1141 2387 1287 2435 aptum
1319 2382 1506 2434 accepit.
1572 2381 1654 2432 Qui
1686 2386 1934 2434 precantur,
1961 2387 2010 2422 ut

1138 2442 1300 2496 recepti
1329 2441 1443 2485 inter
1474 2441 1690 2482 hominum
1720 2442 1882 2494 samam
1912 2454 2008 2482 ser-

1138 2506 1292 2543 ventur
1335 2499 1402 2554 (h.
1450 2513 1489 2543 e.
1537 2513 1593 2541 ne
1636 2499 1719 2553 ipsi
1759 2512 2009 2555 nomenque

1141 2572 1291 2602 eorum
1333 2559 1509 2600 omnino
1549 2559 1821 2616 intereant),
1859 2559 2008 2601 Amsi-

1139 2620 1251 2663 varii
1284 2624 1398 2662 sunt.
1463 2619 1671 2675 Receptos
1714 2629 1843 2675 agros
1889 2631 2009 2660 cam-

1139 2691 1278 2733 posve
1291 2690 1347 2719 ne
1361 2679 1715 2733 interpretemur,
1731 2677 1804 2720 vel
1828 2677 2010 2734 linguae

1139 2738 1267 2794 leges
1298 2737 1564 2791 impediunt,
1608 2737 1814 2793 idemque
1853 2736 2010 2778 dicen-

1141 2797 1240 2838 dum
1274 2796 1326 2838 de
1360 2798 1540 2852 ingenio
1573 2795 1899 2849 Waltheriano,
1933 2809 2010 2838 se-

1143 2856 1328 2898 cundum
1361 2856 1476 2911 quod
1506 2856 1703 2911 qreqibus
1744 2854 1859 2897 idem
1890 2855 2012 2897 valet

1141 2921 1272 2970 atque
1313 2915 1359 2956 in
1400 2929 1552 2971 yreqes
1585 2915 1658 2957 vel
1689 2914 1889 2971 yreqibus
1926 2915 2010 2955 im-

1140 2976 1307 3026 mixtos,
1342 2987 1397 3016 ne
1431 2975 1534 3030 quid
1567 2975 1706 3016 dicam
1740 2974 1794 3016 de
1826 2972 2012 3015 stultitia

1141 3033 1373 3089 precantis.
1412 3033 1659 3076 Novissime
1675 3033 2012 3088 Bezzenberger

1140 3098 1380 3148 praeeunte
1415 3093 1691 3147 aliquatenus
1708 3090 2010 3133 Freinshemio

1143 3153 1439 3207 excogitavit:
1483 3158 1707 3192 servarent
1748 3163 1853 3191 sane
1886 3163 2011 3190 rece-

1138 3220 1234 3268 ptus
1265 3210 1477 3264 gregibus,
1511 3211 1631 3251 modo
1666 3211 1777 3251 citra
1796 3209 2012 3250 homimem

1141 3274 1322 3325 fame-m,
1353 3283 1436 3310 neu
1468 3283 1506 3309 v.

1231 3386 1358 3427 solem
1392 3386 1541 3427 deinde
1574 3387 1835 3441 suspiciens:
1869 3385 2010 3439 perite

1142 3446 1453 3488 Doederlinius
1498 3445 1550 3486 de
1590 3447 1802 3500 scriptura
1835 3443 1900 3486 Ma
1935 3444 2012 3486 de-

1145 3507 1353 3562 spiciens:
1391 3505 1580 3547 ‘videtur
1627 3504 1678 3547 de
1711 3518 1764 3548 ex
1796 3504 2013 3562 dittogra-

1147 3565 1249 3620 phia
1290 3571 1459 3618 ortum,
1506 3577 1740 3621 rursusque
1783 3580 1831 3608 su
1872 3578 1898 3608 a
1938 3576 2013 3608 se-

1147 3630 1308 3680 quente
1341 3640 1360 3667 s
1391 3624 1678 3679 absorptum?
