2280 4004
236 333 343 384 ac.
377 338 491 387 26.ss
802 335 965 382 Lissa
995 325 1069 377 1v'.
1139 323 1245 377 cn».
1278 323 1468 378 46-49.
1965 321 2060 371 aes:

235 483 549 552 Sugambrae
587 482 841 546 cohortis,
897 495 1044 547 quam
1078 479 1335 530 Romanus
1373 470 1665 542 *promptam
1710 463 1772 525 ad
1807 466 2057 539 pericula,

236 589 332 625 nec
365 575 529 626 minus
567 577 799 625 cantuum
837 577 886 623 et
919 584 1172 623 armorum
1209 567 1417 618 tumultu
1457 571 1667 631 trucem,
1705 562 1839 615 haud
1875 561 2054 628 procul

154 663 223 714 48
237 665 556 717 instruxerat.
630 663 890 714 Translata
929 662 1114 714 dehinc
1152 665 1317 711 castra
1355 659 1551 709 hostem
1587 660 1821 723 propter,
1861 653 2053 706 relictis

236 756 366 823 apud
404 756 575 822 priora
607 754 914 805 munimenta
947 753 1253 818 ThracibuS,
1314 764 1440 816 quos
1480 749 1627 800 nobis
1681 747 1907 799 adfuisse
1944 760 2058 796 me-

211 846 447 898 *moravi.
523 846 687 912 lisque
740 845 1038 911 permissum
1080 847 1283 894 vastare
1333 856 1512 905 urere,
1567 839 1770 891 trahere
1816 836 2099 905 praedaS,5'·

236 937 352 988 dum
386 935 642 1003 populatio
698 934 862 986 lucem
911 934 1040 985 intra
1099 934 1364 985 sisteretur
1410 936 1711 998 noctemque
1764 930 1816 981 in
1875 928 2060 981 castris

236 1008 389 1079 tutam
422 1031 471 1078 et
505 1025 714 1094 vigilem
743 1030 1084 1091 capesserent.
1157 1025 1211 1076 Id
1249 1025 1411 1091 primo
1448 1028 1729 1075 servatum:
1766 1035 1884 1074 mox
1918 1020 2057 1072 versi

236 1118 289 1168 in
322 1117 491 1168 luxum
529 1122 578 1168 et
608 1117 765 1183 raptis
805 1117 1029 1183 opulenti
1065 1116 1296 1167 omittere
1336 1114 1597 1178 stationcS,
1634 1113 1845 1164 lascivia
1883 1112 2059 1178 epula-

234 1223 344 1260 rum
379 1213 463 1259 aut
499 1221 680 1259 somno
721 1212 770 1258 et
819 1207 939 1258 vino
998 1206 1351 1273 procumbere.
1440 1205 1600 1272 Igitur
1633 1204 1808 1255 hostes
1860 1202 2055 1254 incuria

237 1314 411 1351 eorum
452 1303 708 1365 comperta
752 1298 852 1349 duo
896 1297 1095 1366 agmina
1132 1302 1338 1363 parant,
1397 1309 1608 1363 quorum
1646 1295 1805 1346 altero
1842 1293 2060 1361 popula-
2079 1294 2126 1339 ¹6

235 1395 374 1442 tores
412 1389 788 1455 invaderentur,
827 1390 911 1440 alii
955 1394 1120 1441 castra
1153 1389 1380 1441 Romana
1423 1387 1789 1454 adpugnarent,
1828 1400 1931 1435 non
1970 1399 2066 1450 spe·

239 1480 500 1547 capiendi,
540 1480 632 1533 sed
667 1485 723 1531 ut
760 1481 970 1532 clamori
1006 1480 1146 1544 teliS,
1191 1494 1283 1531 suo
1324 1473 1535 1545 quisque
1573 1477 1801 1544 periculo
1839 1478 2058 1528 intentus

238 1585 478 1622 sonorem
529 1571 735 1623 alterius
781 1571 963 1638 proelii
1019 1585 1122 1622 non
1176 1569 1446 1636 acciperet.
1541 1568 1803 1620 Tenebrae
1854 1568 2062 1633 insuper

240 1662 471 1714 delectae
499 1662 784 1730 augendam
812 1663 875 1715 ad
916 1661 1254 1714 formidinem.
1329 1660 1428 1714 Sed
1468 1660 1551 1727 qui
1580 1659 1764 1712 vallum
1800 1659 2057 1726 legionum

238 1754 560 1819 temptabant,
592 1754 743 1807 facile
771 1754 1047 1820 pelluntur3
1076 1754 1322 1805 Thracum
1347 1752 1533 1804 auxilia
1560 1751 1826 1818 repentino
1855 1751 2061 1801 incursu
2082 1754 2128 1791 ¹⁵

239 1843 430 1908 territa,
475 1861 586 1897 cum
622 1861 740 1912 pars
779 1845 1137 1897 munitionibus
1179 1845 1490 1908 adiacerent,
1530 1843 1701 1910 plures
1740 1847 1882 1894 extra
1918 1841 2065 1908 pala-

238 1942 437 2002 rentur,
499 1941 638 1989 tanto
682 1936 931 1988 infensius
981 1935 1117 1987 caesi
1163 1941 1348 2002 quanto
1392 1934 1639 2002 perfugae
1677 1938 1727 1985 et
1774 1931 2069 1999 proditores

243 2028 378 2079 serre
443 2043 581 2078 arma
655 2027 718 2078 ad
778 2041 920 2078 suum
994 2027 1291 2092 patriaeque
1358 2025 1618 2078 servitium
1682 2023 2060 2075 incusabantur.

158 2118 226 2167 49
240 2119 446 2170 Postera
478 2118 559 2168 die
584 2117 799 2169 Sabinus
832 2117 1107 2168 exercitum
1149 2132 1310 2183 aequo
1349 2116 1465 2167 loco
1507 2115 1744 2179 ostendit,
1779 2114 1823 2166 si
1860 2113 2064 2164 barbari

242 2223 485 2260 successu
523 2208 688 2260 noctis
724 2208 921 2259 alacres
959 2207 1207 2274 proelium
1246 2207 1507 2258 auderent.
1582 2207 1643 2257 Et
1670 2211 1934 2274 postquam
1975 2206 2132 2257 ca-‘Jo'

242 2299 387 2351 stello
430 2304 514 2350 aut
563 2298 845 2350 coniunctis
894 2299 1093 2350 tumulis
1140 2313 1243 2349 non
1294 2298 1752 2366 degrediebantur,
1814 2297 2065 2349 obsidium

245 2391 411 2458 coepit
453 2405 546 2457 per
590 2389 874 2457 praesidia,
937 2404 1066 2456 quae
1111 2394 1391 2457 opportune
1442 2390 1541 2441 iam
1597 2389 1887 2453 muniebat,
1948 2388 2066 2440 dein

1690 2563 1729 2605 7.
1763 2575 1918 2603 versun
1950 2561 1978 2603 l.
2013 2560 2070 2619 M.

1639 2622 1820 2664 statione
1848 2621 1903 2662 M.
1999 2621 2067 2664 10.

1695 2680 1761 2725 14.
1797 2680 1984 2723 deiectae
2015 2680 2068 2721 M.

366 2565 403 2605 1.
440 2563 709 2620 suqranbrae
743 2563 794 2606 Μ.
918 2564 959 2607 4.
995 2578 1048 2620 ap
1051 2571 1097 2606 ut
1127 2563 1181 2606 Μ.
1287 2563 1498 2606 theecibus
1530 2563 1586 2605 Μ

241 2623 284 2666 8.
317 2623 452 2679 raptis
486 2622 674 2679 opulenti
703 2623 765 2676 M,
818 2636 904 2664 non
935 2626 1051 2679 rapti
1082 2618 1300 2679 opulentia
1328 2621 1547 2665 Beroaldi.

244 2697 366 2738 conp.
399 2682 453 2724 M.
563 2685 629 2724 ¹2.
665 2681 845 2723 clamori
876 2682 1041 2724 editor:
1076 2683 1113 2725 M
1153 2688 1195 2724 et
1226 2682 1362 2742 vulgo
1396 2682 1598 2724 clamore.

250 2742 316 2783 15.
349 2741 539 2783 threcum
569 2741 624 2783 M.
722 2741 788 2784 19.
822 2742 982 2783 sitinus
1014 2742 1068 2784 M.

245 2880 384 2929 mori,
435 2882 471 2919 is
522 2879 575 2919 ab
627 2879 714 2920 alia
763 2891 810 2921 re
859 2880 1114 2934 accipienda

1199 2882 1316 2923 ribus
1369 2888 1407 2923 et
1456 2881 1613 2938 viqiliis
1653 2895 1811 2938 parum
1867 2879 2067 2923 intentus.

245 2938 472 2978 avertitur.
519 2936 771 2978 Ablativum
797 2937 931 2979 habes
952 2939 1007 2979 vl
1029 2940 1112 2983 50:

1199 2941 1250 2982 H.
1283 2940 1343 2982 lv
1363 2940 1451 2984 82:
1482 2942 1748 2995 intentusque
1779 2941 1959 2982 numini.
2017 2939 2067 2982 O.

246 3008 439 3037 sermone
480 3009 533 3036 ac
573 2996 690 3037 vultu
730 2997 915 3038 intentus
948 3022 1002 3029 —-
1037 2998 1112 3038 de-

247 3054 474 3109 sectionem
506 3053 683 3109 teqebat.
737 3054 903 3098 XV18:
936 3055 1113 3098 Silanus

246 3113 451 3154 intentior
490 3119 601 3154 meta
642 3120 681 3154 et
724 3114 851 3155 exitio
880 3116 1028 3170 patrui
1058 3116 1115 3156 ad

244 3172 590 3227 praecavendum
622 3173 847 3214 exterritus
868 3179 976 3214 erat.
1028 3174 1112 3215 Sed

250 3229 323 3271 ubi
368 3231 556 3271 animum
611 3231 663 3272 ad
719 3244 807 3273 rem
857 3238 1114 3274 convertere

250 3288 448 3338 dicimus,
476 3289 904 3331 constanter'l'acitus
922 3290 1114 3332 dativum

251 3347 372 3401 ponit
404 3353 476 3387 aut
508 3349 803 3389 accusativum
847 3362 942 3389 cum
984 3362 1115 3403 prae-

251 3405 470 3459 positione
516 3405 574 3445 ad
610 3405 682 3447 vel
714 3406 774 3446 in.
845 3407 916 3448 Sic
958 3409 994 3448 V
1031 3409 1114 3450 10:

249 3466 286 3505 is
320 3464 602 3505 Macedoniae
639 3470 722 3504 tum
753 3465 953 3506 intentus.
1018 3466 1114 3506 XVI

252 3525 334 3565 34:
378 3523 565 3564 intentus
598 3522 813 3563 Demetrio
848 3547 902 3553 —-
938 3523 1114 3565 doctori.

252 3580 303 3622 H.
358 3581 375 3622 1
429 3581 516 3624 79:
568 3581 758 3637 praedae
809 3582 944 3636 mayis
997 3595 1120 3636 quam

251 3653 421 3696 puqnae
464 3642 644 3683 intenta.
706 3641 757 3682 H.
805 3640 839 3682 ΙΙ
879 3642 962 3683 41:
1004 3643 1122 3698 operi

251 3700 400 3755 pontis>
424 3700 643 3744 intentum.
707 3699 758 3742 H.
794 3699 851 3741 Ill
883 3699 963 3743 69:
997 3701 1119 3743 labo-

1200 3000 1254 3041 7:
1287 2999 1411 3041 rebus
1441 3001 1639 3041 intentos.
1706 3000 1777 3041 Sic
1805 3000 1990 3040 intentus
2013 2998 2071 3039 ad

1200 3071 1328 3099 curas
1381 3058 1440 3100 IV
1472 3058 1544 3110 67,
1577 3058 1628 3100 H.
1662 3057 1699 3099 11
1732 3058 1803 3109 67,
1836 3058 1894 3099 IV
1929 3060 1979 3108 2;
2014 3057 2071 3097 acl

1196 3117 1314 3158 iussa
1354 3117 1454 3158 XIV
1486 3119 1568 3169 243
1613 3117 1660 3157 in
1704 3115 1878 3157 Italiam
1920 3129 2070 3168 resque

1198 3175 1315 3217 urbis
1367 3176 1418 3217 H.
1465 3175 1524 3216 lv
1571 3175 1641 3217 51.
1735 3175 1777 3216 Si
1819 3174 1915 3228 quis
1955 3172 2070 3214 dicat

1200 3248 1273 3274 suo
1320 3258 1375 3266 —-
1419 3233 1612 3288 periculo
1655 3232 1825 3287 quidem
1876 3231 2067 3273 dativum

1203 3304 1329 3342 esse,
1365 3291 1441 3332 sed
1474 3291 1562 3332 tela
1596 3297 1638 3332 et
1672 3292 1905 3333 clamorem
1943 3289 2068 3331 abla-

1203 3351 1293 3390 tivo
1328 3351 1470 3402 posita
1502 3362 1600 3390 esse
1633 3348 1966 3401 instrumentali,
1994 3362 2068 3390 re-

1202 3408 1395 3460 spondeo
1446 3407 1490 3447 id
1532 3420 1617 3448 non
1670 3406 1912 3449 concedere
1959 3418 2068 3447 con-

1204 3467 1455 3506 cinnitatem
1488 3465 1669 3509 'l'acitini
1701 3467 1932 3508 sermonis.
1989 3465 2069 3506 Ni..

1205 3525 1356 3564 mirum
1420 3523 1504 3564 duo
1566 3528 1741 3567 nomina
1802 3523 2070 3574 ἄσυνδέτως

1207 3583 1352 3624 iuncta
1385 3582 1584 3640 (clamori
1615 3585 1727 3642 telis)
1760 3587 1962 3625 accurate
1993 3595 2067 3625 re-

1207 3641 1421 3697 spondent·
1459 3643 1744 3700 subsequenti
1785 3657 1859 3685 suo
1898 3644 2068 3699 quisque

1202 3700 1410 3757 periculo.
1474 3701 1540 3744 Cf.
1574 3709 1720 3746 annot.
1755 3701 1807 3744 ad
1837 3700 1895 3744 XI
1926 3702 1995 3745 6.
