2280 4004
199 293 229 332 a
255 278 306 325 G.
337 281 435 326 48.v
768 280 932 325 LIBER
963 278 1034 325 xl.
1097 278 1205 324 Gar.
1237 278 1428 327 26-28.
1963 286 2021 327 88

199 425 314 479 ullis
352 426 948 480 mortaliumsecuritatis
987 427 1145 480 fuisse
1183 427 1236 478 in
1275 427 1478 479 civitate
1520 424 1739 477 omnium
1774 439 1934 493 gnara
1974 429 2025 477 et

197 518 323 569 nihil
358 519 621 584 reticente,
659 519 844 571 nedum
880 519 1139 571 consulem
1171 519 1489 586 designatum
1529 532 1640 569 cum
1680 530 1842 569 uxore
1881 516 2027 583 prin-

201 609 357 676 cipis,
400 610 660 677 praedicta
699 611 809 676 die,
865 611 1103 662 adhibitis
1142 611 1225 677 qui
1275 611 1635 678 obsignarent,
1683 609 1821 661 velut
1858 609 2029 660 susci-

198 701 496 767 piendorum
533 701 808 753 liberorum
851 717 1003 754 causa
1066 702 1394 767 convenisse,
1454 707 1603 768 atque
1649 700 1785 752 illam
1822 700 2028 752 audisse

199 792 460 859 auspicum
508 792 698 856 verba,
768 792 962 842 domum
1008 793 1236 857 subisse,
1302 793 1622 844 sacrificasse
1685 792 1816 858 apud
1871 791 1997 843 deos
2011 807 2062 855 3⁵

203 883 505 935 discubitum
539 883 671 934 inter
694 884 961 948 convivas3
997 885 1189 948 oscula,
1224 884 1542 950 complexus3
1577 890 1778 935 noctem
1808 883 2027 950 denique

201 979 365 1026 actam
395 974 601 1025 licent-ia
629 975 902 1042 coniugali.
943 975 1043 1027 Sed
1068 974 1192 1025 nihil
1226 975 1556 1041 compositum
1586 975 1815 1026 miraculi
1854 989 2026 1040 causa,

101 1062 376 1122 ‘28verum
433 1063 602 1115 audita
652 1065 941 1131 scriptaque
994 1065 1282 1116 senioribus
1333 1065 1545 1116 tradam.
1641 1065 1800 1131 Igitur
1848 1065 2028 1115 domus

200 1153 443 1221 principis
479 1154 827 1218 inhorruerat3
883 1156 1199 1221 maximeque
1237 1169 1363 1221 quos
1400 1169 1556 1221 penes
1593 1156 1819 1220 potentia
1862 1159 1937 1220 et,
1983 1155 2029 1206 si

201 1260 286 1298 res
323 1250 674 1311 verterentur,
733 1246 983 1311 sormidO,
1043 1260 1146 1297 non
1182 1246 1280 1296 iam
1319 1245 1532 1297 secretis
1585 1245 1876 1311 colloquiis,
1935 1245 2094 1301 sedin

202 1340 376 1403 aperte
415 1335 663 1401 fremere,
723 1336 839 1387 dum
876 1336 1057 1387 histrio
1111 1335 1393 1387 cubiculum
1429 1335 1673 1402 principis
1711 1335 2029 1401 exultaverit,

205 1425 428 1479 dedecus
463 1427 663 1493 quidem
703 1427 935 1492 inlatum,
989 1427 1080 1479 sed
1118 1427 1370 1479 excidium
1402 1427 1579 1493 procul
1615 1427 1861 1478 abfuisse:
1896 1441 2033 1478 nunc

323 1582 364 1625 2.
398 1579 535 1622 nichil
562 1579 642 1623 Ma.
763 1581 805 1624 6.
839 1582 1046 1624 discubitu
1078 1580 1158 1624 Ma.

208 1645 277 1681 tur
307 1638 402 1681 BG:
434 1647 682 1682 uetereneur
713 1639 792 1692 Ma,
826 1648 1040 1683 verterent
1070 1641 1258 1695 Lipsius.
1391 1643 1459 1683 11.
1493 1642 1655 1683 histruo
1687 1639 1766 1682 Ma.
1862 1641 2033 1682 eoeulta-

208 1699 306 1740 bero
338 1697 430 1741 Ma:
464 1699 739 1741 eoesultaverit
768 1699 801 1742 Ι.
834 1700 904 1742 Fr.
941 1700 1198 1743 Gronovius.
1303 1702 1371 1743 12.
1402 1700 1570 1742 illalum
1605 1699 1676 1742 Or.
1770 1700 1845 1741 sed
1875 1707 1915 1741 et
1944 1701 2032 1741 sci-
2078 1730 2083 1734 -

209 1758 322 1800 dium
352 1756 444 1810 Ma,
479 1770 566 1799 non
598 1759 672 1800 sed
706 1759 940 1813 discidium,
975 1766 1020 1801 ut
1053 1761 1193 1802 visum
1228 1759 1439 1801 Victorio.
1551 1760 1737 1815 abfuisse
1771 1759 1828 1801 G:
1862 1759 2035 1815 affuisse

207 1815 288 1871 Ma,
323 1816 512 1860 Orellius
545 1820 722 1873 afuisse.

1261 1582 1302 1625 7.
1337 1580 1475 1623 nichil
1501 1579 1581 1624 Ma.
1706 1582 1775 1624 10.
1807 1587 2033 1623 verteren-

209 1950 468 2004 obtinuisse,
491 1957 534 1994 et
555 1952 729 2008 quidem
757 1953 870 2007 apud
890 1953 1079 1996 lascivos

210 2010 425 2063 homines,
460 2010 544 2052 duo
578 2013 746 2066 priores
768 2012 856 2053 loci
882 2026 906 2054 a
929 2013 1078 2067 Lipsio

212 2070 344 2124 positi
366 2069 565 2125 probant,
602 2083 774 2124 semper
800 2071 1089 2117 observatum

213 2129 352 2170 fuisse
400 2135 444 2171 et
500 2129 614 2184 apud
667 2130 849 2183 pudicos
901 2132 1081 2172 minime

213 2189 466 2231 ostendunt.
530 2187 691 2229 Catulli
754 2190 888 2231 verba
909 2221 920 2242 ,
986 2203 1082 2231 cum

211 2247 420 2300 proximis
457 2252 499 2288 et
532 2248 723 2289 carmine
757 2248 1083 2290 eiusdem‘LXlI

211 2308 267 2348 3:
318 2320 497 2362 surqere
529 2308 618 2348 iam
649 2314 831 2362 tempus,
865 2308 954 2348 iam
979 2310 1084 2364 pin-

211 2378 314 2420 ques
354 2364 547 2419 linquere
585 2379 778 2418 mensas,
820 2367 909 2407 iam
946 2368 1085 2408 veniet

210 2425 348 2479 virgo,
382 2425 472 2466 iam
505 2425 671 2467 dicetur
700 2425 956 2480 hymenaeus
990 2426 1085 2468 col-

214 2482 318 2536 lata,
352 2485 482 2524 etiam
517 2485 780 2526 contrarium
813 2485 1052 2527 declarant.

274 2542 452 2584 licentia
479 2542 699 2599 coniuqali
711 2558 724 2584 .-
742 2543 894 2586 Inven.
915 2545 952 2585 X
969 2545 1085 2588 334:

220 2602 446 2657 Tyriusque
474 2602 624 2658 palam.
653 2603 838 2658 genialis
868 2605 916 2645 in
952 2603 1088 2644 hortis

217 2660 394 2716 (domus
420 2661 541 2717 Silii)
570 2663 790 2705 sternitur.
891 2662 1085 2704 tradam.-

216 2719 274 2762 cf.
297 2719 477 2762 Sueton.
500 2719 652 2763 Claud.
682 2720 752 2764 26.
786 2721 870 2763 Dio
903 2721 974 2764 LX
1013 2722 1085 2764 31.

295 2777 412 2833 Cap.
446 2778 518 2823 28.
581 2780 677 2820 dum
711 2779 860 2821 histrio
887 2808 935 2815 —
964 2781 1087 2821 exul-

218 2838 399 2878 taverit.-
453 2850 510 2879 ne
540 2837 594 2879 ob
629 2839 845 2894 insignem
880 2852 976 2881 curn
1011 2853 1089 2880 ce-

219 2900 411 2936 terorum
435 2896 642 2937 librorum
667 2902 753 2937 tum
766 2897 952 2939 Medieei
971 2898 1089 2953 (dum

220 2953 383 2995 histruo
396 2979 450 2986 —
466 2954 731 3009 exultabero)
754 2954 1087 3011 discrepantiam

221 3011 275 3053 de
309 3014 496 3054 veritate
528 3013 737 3069 vulgatae
770 3014 974 3056 lectionis
1006 3014 1090 3055 du-

221 3069 357 3124 bites,
390 3072 639 3114 memineris
672 3079 903 3129 utrumque
936 3074 1090 3115 vitium

222 3140 310 3170 uno
343 3130 611 3174 assimilandi
649 3132 792 3174 studio
828 3138 871 3174 et
911 3133 1092 3175 licentia

223 3187 469 3242 irrepsisse.
532 3190 694 3231 Histrio
750 3191 941 3234 Mnester
1001 3197 1090 3233 est:

223 3246 312 3289 vid.
345 3260 383 3288 c.
416 3247 445 3289 4
477 3251 519 3288 et
540 3248 614 3291 36.
659 3249 874 3291 Exultare
907 3250 1093 3292 cubicu-

222 3303 313 3346 lum
346 3306 554 3360 principis
587 3312 671 3347 tam
705 3319 820 3349 nove
848 3322 974 3364 quam
1000 3308 1093 3349 sor-

222 3365 328 3405 titer
359 3363 520 3405 dictum
563 3370 628 3406 est
671 3377 749 3419 pro
782 3366 980 3408 saltando
1012 3366 1096 3407 sibi

223 3423 462 3464 conciliare
493 3423 589 3465 sive
620 3437 894 3479 eoepuqnare,
933 3429 979 3464 ut
1013 3437 1093 3465 ex-

225 3481 379 3536 plicuit
409 3481 744 3523 Doederlinius:
787 3497 832 3524 so
866 3483 995 3537 lanqe
1027 3484 1096 3524 ein

224 3540 529 3597 Schauspieler
572 3541 648 3582 das
680 3541 773 3582 Bett
810 3541 882 3582 des
914 3541 1095 3583 Kaisers

219 3598 292 3640 'als
329 3600 490 3642 Tanzer
518 3613 752 3654 yewonnen
783 3599 907 3641 habe.
953 3599 1095 3641 Etiam

229 3667 308 3702 nos
338 3657 537 3701 Germani
570 3671 687 3706 nove
719 3658 904 3704 dicimus
944 3665 1096 3705 ertan-

306 3751 455 3793 'tacitus
480 3754 526 3795 11.

1164 1968 1256 2007 zen,
1290 1954 1332 1995 h.
1366 1968 1404 1997 e.
1441 1954 1576 1996 durch
1610 1955 1776 1996 Tanzen
1795 1955 2035 2011 yewinnen.

1167 2014 1337 2067 Quippe
1394 2028 1448 2054 ex
1499 2015 1766 2068 praepositio
1833 2014 2039 2056 effectum

1165 2073 1359 2114 denotat.
1413 2073 1604 2114 Mnester
1635 2074 1679 2113 in
1711 2085 1844 2114 scena
1874 2072 2037 2114 saltans

1166 2131 1428 2173 Messalinae
1459 2131 1685 2173 libidinem
1720 2138 1763 2173 et
1786 2131 2037 2185 cupidinem

1165 2192 1232 2234 sui
1283 2197 1504 2243 moverat,
1561 2196 1604 2232 ct
1659 2190 1761 2232 inde
1803 2192 2039 2232 arcessitus

1167 2256 1258 2292 erat
1283 2249 1454 2291 adulter
1482 2252 1630 2291 uxoris
1650 2249 1933 2303 principalis:
1956 2250 2040 2290 hoc

1168 2315 1234 2350 est
1294 2309 1487 2350 eaultare
1530 2308 1768 2350 cubiculum
1810 2309 2037 2365 principis.

1169 2368 1250 2419 Qui
1267 2369 1446 2410 offendit
1461 2368 1514 2409 ad
1537 2368 1757 2411 insolitam
1781 2374 2040 2410 structuram

1169 2433 1212 2468 ct
1244 2439 1400 2469 vocem
1435 2431 1502 2483 (et
1533 2427 1630 2483 quis
1668 2439 1757 2468 non
1802 2431 1897 2469 iure
1930 2427 2041 2468 hae-

1169 2487 1346 2542 sitem),
1381 2487 1599 2542 recogitet
1625 2486 1677 2527 ab
1699 2485 1766 2527 his
1792 2485 2040 2527 hominibus

1168 2547 1213 2586 in
1245 2558 1411 2587 summa
1442 2546 1747 2602 indignatione
1776 2546 2042 2600 exquisitum

1170 2603 1348 2659 aliquod
1396 2608 1547 2660 quaeri
1592 2609 1723 2659 atque
1770 2604 1892 2661 eligi.
1959 2603 2043 2655 Qui

1168 2665 1510 2717 interpretantur
1558 2665 1800 2719 infamare,
1854 2663 2043 2705 dehone-

1169 2730 1315 2775 stare,
1370 2722 1586 2764 elumbem
1637 2722 1831 2764 Tacitum
1875 2723 2044 2765 faciunt

1170 2794 1272 2823 mox
1309 2788 1621 2838 suggerentem
1666 2780 1846 2824 dedecus
1879 2781 2045 2836 quidem

1170 2840 1378 2892 inlutum‚·
1419 2842 1492 2895 qui
1541 2847 1794 2894 comparant
1835 2843 2043 2897 ἐξορχεῖ-

1175 2904 1290 2942 σθαι
1312 2905 1355 2940 ct
1382 2899 1604 2953 explicant
1625 2901 1672 2939 in
1693 2913 1826 2941 scena
1857 2911 2043 2955 reprae-

1172 2965 1370 3009 semare,
1423 2958 1734 3012 impudentiam
1779 2958 1932 2999 timido
1972 2956 2044 2997 hi-

1174 3018 1327 3058 strioni
1355 3016 1550 3058 tribuunt
1583 3018 1760 3058 minime
1788 3015 2044 3059 credibilem

1177 3082 1220 3117 et
1243 3077 1436 3117 insanam
1466 3077 1774 3117 temeritatem.
1822 3075 2045 3116 Postremo

1176 3136 1416 3187 Seyffertus
1458 3135 1530 3188 qui
1576 3133 1853 3174 scribendum
1895 3131 2049 3173 suadet

1179 3193 1371 3234 cubiculo
1426 3192 1638 3246 principis
1691 3191 1951 3232 exsulaverit
2004 3193 2048 3229 et

1178 3263 1278 3291 mox
1311 3249 1567 3300 exscidium,
1602 3248 1808 3290 fabellam
1841 3261 1963 3289 suam
1994 3246 2048 3287 de

1179 3309 1397 3350 Mnestcre
1459 3306 1720 3348 Messalinae
1790 3307 1949 3348 liberto
2006 3310 2050 3345 et

1181 3366 1315 3408 exilio
1349 3366 1543 3407 eiusdem
1576 3366 1620 3405 in
1654 3365 1860 3407 cubiculo
1897 3363 2050 3406 libidi-

1182 3437 1315 3466 nosae
1355 3424 1544 3465 feminae
1577 3423 1763 3465 tolerato
1814 3423 1922 3475 sihi,
1962 3433 2051 3462 non

1183 3484 1296 3535 aliis,
1331 3482 1662 3536 approbaverit,
1695 3483 1810 3524 male
1841 3494 1946 3523 usus
1978 3481 2050 3520 in-

1183 3542 1303 3597 genii
1321 3542 1536 3582 acumine.
1569 3541 1929 3597 Bezzenberger:
1956 3539 2053 3580 dum

1182 3600 1333 3642 histrio
1371 3599 1608 3642 cubiculum
1634 3601 1846 3658 principis
1868 3597 2050 3656 evulqal,

1183 3659 1238 3705 ab
1269 3673 1317 3705 eo
1350 3658 1529 3705 dedecus
1561 3665 1646 3705 cet.

1695 3740 1728 3800 3
