2280 4004
159 322 185 354 a
217 309 265 355 G.
298 312 372 357 62.
775 310 940 355 LIBER
973 311 1067 355 XV.
1131 312 1239 358 CAP-

1272 314 1402 358 3—5.
1890 320 1979 364 245

108 451 312 507 5faeile
346 451 565 517 detrusi,
605 466 724 503 mox
761 454 1134 520 erumpentibus
1168 456 1357 508 nostris
1395 457 1688 509 caeduntur.
1765 459 1985 512 Corbulo

157 549 341 608 tamen,
383 544 609 610 quamvis
647 545 888 596 secundis
943 546 1096 598 rebus
1136 548 1273 612 suiS‚
1334 549 1699 602 moderandum
1751 551 1986 604 fortunae

155 639 296 687 ratus
332 635 467 686 misit
517 635 581 686 ad
622 635 915 703 Vologesen
967 637 1050 703 qui
1092 639 1474 704 expostularent
1532 641 1635 692 vim
1689 643 1986 707 provinciae

154 723 385 775 inlatam:
426 724 621 776 socium
650 725 964 791 amicumque
989 741 1183 794 regem,
1215 727 1453 780 cohortes
1474 730 1727 783 Romanas
1765 734 1987 784 circum-

153 814 327 867 sideri.
402 815 666 867 Omitteret
698 817 863 882 potius
899 817 1250 883 obsidionem,
1307 824 1390 869 aut
1428 835 1486 871 se
1523 835 1724 889 quoque
1762 823 1814 874 in
1856 840 2023 892 agros

152 905 322 959 hostili
361 912 527 959 castra
567 907 861 973 positurum.
939 909 1210 974 Casperius
1253 911 1484 962 centurio
1521 912 1573 962 in
1613 929 1723 964 eam
1760 914 1984 983 legatio-

152 1012 267 1050 nem
305 996 532 1050 delectus
567 999 698 1065 apud
736 999 972 1065 oppidum
999 1000 1196 1052 Nisibin
1235 1007 1426 1067 septem
1459 1007 1509 1053 et
1543 1003 1751 1071 triginta
1781 1007 1981 1058 milibus

150 1100 389 1156 passuum
427 1107 455 1142 a
497 1091 876 1158 Tigranocertis
932 1091 1200 1143 distantem
1257 1093 1363 1143 adit
1411 1109 1588 1161 regem
1642 1100 1690 1146 et
1745 1098 1982 1150 mandata

149 1181 394 1233 ferociter
426 1181 599 1232 edidit.
674 1182 920 1249 Vologesi
951 1187 1096 1234 vetus
1135 1188 1185 1234 et
1222 1184 1419 1249 penitus
1455 1185 1659 1236 infixum
1698 1193 1807 1239 erat
1844 1204 1982 1241 arma

148 1273 374 1327 Romana
416 1272 636 1336 vitandi3
695 1287 791 1324 nec
842 1274 1131 1339 praesentia
1172 1289 1417 1341 prospere
1462 1276 1697 1328 fluebant.
1774 1279 2050 1333 Inritumm

150 1363 428 1427 obsidium3
466 1367 598 1414 tutus
634 1378 783 1414 manu
821 1368 871 1414 et
895 1364 1056 1429 copiis
1082 1364 1330 1432 Tigranes
1349 1383 1363 1428 3
1402 1366 1560 1434 fugati
1594 1368 1678 1433 qui
1716 1383 1983 1436 expugna—

148 1455 337 1507 tionem
376 1459 726 1520 sumpserant;
780 1455 969 1506 missae
1006 1456 1060 1505 in
1101 1456 1394 1508 Armeniam
1429 1457 1695 1525 legioneS‚
1762 1465 1811 1511 et
1850 1460 1981 1512 aliae

147 1561 239 1615 pro
276 1546 422 1614 Syria
466 1550 674 1612 paratae
715 1546 846 1597 ultro
896 1546 1208 1613 inrumpere3
1267 1548 1366 1599 sibi
1415 1549 1721 1601 imbecillum
1762 1553 1981 1617 equitem

147 1639 316 1707 pabuli
351 1638 548 1705 inopia:
586 1653 701 1689 nam
741 1644 917 1690 exorta
953 1639 1030 1690 vis
1070 1638 1377 1690 locustarum
1411 1641 1706 1693 ambederat
1741 1642 1980 1709 quicquid

147 1730 413 1783 herbidum
464 1735 548 1782 aut
586 1729 901 1781 frondosum.
977 1730 1135 1797 Igitur
1185 1735 1318 1783 metu
1369 1731 1602 1783 abstruso
1643 1733 1845 1784 mitiora
1883 1734 2044 1787 ob—is

148 1822 393 1887 tendenS,
452 1822 719 1873 missurum
757 1821 820 1873 ad
873 1822 1229 1889 imperatorem
1267 1824 1545 1875 Romanum
1592 1823 1792 1891 legatos
1830 1840 1982 1891 super

269 1963 307 2004 1.
342 1962 431 2004 ced.
465 1960 544 2004 Ma.
608 1963 650 2005 4.
683 1963 747 2005 ilc.
775 1962 847 2005 Or.
911 1962 1222 2004 circumsedere
1244 1960 1372 2004 GMa:
1407 1963 1516 2004 exA
1549 1963 1739 2005 correxit
1770 1964 1979 2018 Ryckius.

149 2021 190 2064 5.
225 2021 463 2066 obsidiones
500 2019 580 2063 Ma.
707 2022 748 2065 6.
784 2021 994 2078 leqionem
1026 2020 1119 2064 Ma:
1171 2028 1412 2063 correctum
1444 2023 1560 2063 inest
1591 2022 1638 2064 G.
1744 2023 1786 2065 8.
1828 2024 1981 2079 Τίφα-

149 2081 336 2122 nocer-tis
369 2081 533 2123 editor:
582 2079 684 2123 GMa
716 2088 1036 2136 tygranocerta‚
1063 2081 1196 2138 vulgo
1222 2081 1544 2137 Tigranocerta.
1637 2083 1729 2124 adit
1758 2081 1840 2135 Ma,
1874 2084 1982 2125 adiit

149 2151 246 2180 corr
282 2139 330 2182 G.
439 2142 506 2184 10.
539 2140 710 2181 irritum
742 2140 822 2183 Ma.
931 2143 998 2184 13.
1032 2142 1166 2182 Suria
1190 2138 1276 2182 Ma.
1398 2142 1577 2196 irrump.
1611 2141 1682 2183 Or.
1775 2142 1862 2184 inb.
1897 2143 1977 2185 Mu.

153 2198 222 2242 14.
254 2200 302 2241 m·
331 2199 593 2242 locustarum
623 2200 775 2242 aberat
806 2198 886 2253 Ma,
918 2201 985 2242 uis
1019 2200 1046 2241 l.
1080 2200 1285 2242 abederat
1317 2199 1376 2241 G:
1408 2201 1601 2241 correxit
1631 2200 1818 2255 Lipsius.

150 2330 394 2384 deductum,
426 2343 510 2372 nec
541 2331 682 2372 minus
719 2345 756 2373 c.
789 2332 818 2374 8
849 2332 1020 2388 recipe-

150 2389 326 2442 randis,
368 2397 414 2431 ut
440 2391 630 2444 serebat,
688 2391 1019 2446 Tiyranocertis.

149 2448 370 2491 Adversus
423 2448 534 2490 hanc
591 2461 784 2491 normam
843 2452 1021 2492 minime

1105 2335 1437 2390 γρανοκέρτων
1484 2329 1682 2376 ἅλωσιν.
1758 2331 1876 2373 Idem
1923 2332 1981 2374 XI

1109 2394 1163 2435 12
1196 2393 1225 2434 4
1249 2393 1339 2433 τῶν
1371 2394 1759 2448 Τιγρανοκέρτων
1787 2397 1831 2432 et
1861 2405 1898 2432 c.
1926 2393 1980 2435 14

1106 2452 1150 2502 δ.
1192 2452 1274 2493 15:
1319 2450 1598 2509 (Τιγράνης)
1647 2452 1787 2494 πόλιν
1832 2452 1980 2495 ἔκτισε

151 2508 324 2550 dubiam
369 2521 394 2550 a
439 2509 582 2550 scriba
634 2508 798 2551 codicis
841 2509 907 2551 Ma
954 2510 1021 2551 bis

151 2567 294 2610 levius
336 2573 564 2621 peccatum
613 2574 678 2610 est
712 2569 815 2623 (XV
847 2573 877 2612 4
907 2575 950 2610 et
995 2570 1021 2612 5

153 2630 314 2683 extr.)‚
364 2626 435 2668 ubi
471 2634 817 2683 tyqranocertam
848 2630 1023 2682 scripsit

153 2686 405 2729 accusat-ivo
438 2687 482 2728 in
512 2702 553 2728 m
585 2689 762 2729 exeunti
798 2689 1021 2729 nominum

152 2746 196 2787 in
239 2758 268 2787 a
309 2744 601 2788 desinentium
641 2748 769 2788 nimis
816 2746 1021 2789 adsuetus

153 2805 226 2847 vel
269 2805 526 2859 compendio
575 2823 625 2846 ω
665 2819 797 2860 saepe
848 2806 1021 2859 addito,

154 2864 226 2905 ubi
259 2863 406 2905 nullus
440 2866 479 2905 ei
533 2863 681 2917 locus,
729 2878 753 2906 a
795 2877 900 2906 vero
948 2879 1023 2906 se-

159 2923 339 2974 ductus3
372 2922 509 2964 semel
541 2928 685 2965 autern
713 2929 755 2965 et
786 2923 838 2965 ab
865 2923 949 2965 hoc
982 2930 1026 2966 et

155 2996 179 3024 a
210 2982 370 3023 ceteris
393 2983 569 3038 gravius
601 2983 757 3024 vitium
790 2983 1024 3024 admissum

156 3046 223 3083 est
257 3041 340 3082 hoc
371 3040 486 3093 loco,
521 3055 616 3083 cum
650 3043 919 3097 scripserunt
954 3043 1024 3084 Ti-

154 3107 419 3157 yranocerla
441 3113 516 3155 pro
548 3102 876 3156 Tiyranocertis‚
902 3115 1024 3145 com-

156 3158 302 3214 pendii
335 3165 460 3212 nota,
500 3160 654 3214 credo,
689 3174 913 3216 perperam
948 3174 1024 3204 so-

157 3219 271 3260 luta:
304 3231 401 3260 nam
427 3219 510 3260 hoc
542 3232 627 3261 non
656 3221 845 3262 auctoris
867 3222 1024 3262 incon-

157 3278 342 3319 stantiae
376 3278 507 3319 tribui
554 3292 706 3333 posse,
747 3280 824 3322 sed
855 3281 1024 3322 descri-

158 3337 353 3379 bentium
400 3338 691 3391 imprudentia
728 3339 801 3382 vel
845 3339 1024 3381 aberra-

158 3398 278 3438 tione
302 3396 447 3438 turbas
480 3397 600 3438 datas
627 3411 724 3440 esse
745 3404 830 3439 tam
859 3405 1023 3440 certum

159 3462 226 3498 est
269 3468 394 3511 quam
441 3456 554 3511 quod
600 3463 665 3498 est
715 3459 1021 3506 certissimum.

158 3514 321 3556 Eodem
344 3515 469 3556 modo
492 3529 515 3556 a
537 3516 690 3558 scribis
710 3518 750 3558 in
778 3517 1024 3558 nominibus

161 3575 378 3616 Artaxata
404 3581 447 3617 et
472 3575 767 3646 Hierosolyma
797 3583 1024 3631 peccatum

162 3646 208 3674 es
212 3639 241 3675 t.
303 3632 429 3677 Cous.
456 3635 680 3677 Strabonis
707 3631 762 3679 τὰ
789 3636 1024 3693 Τιγρανό-

165 3707 305 3751 κερτα
338 3692 413 3735 xn
443 3696 471 3739 2
511 3695 587 3748 10,
623 3693 782 3737 ibidem
815 3698 907 3742 τῶν
943 3700 1023 3740 Τι-

1104 2513 1301 2564 πλησίον
1333 2514 1411 2562 τῆς
1432 2510 1626 2579 Ἰβηρίας
1655 2513 1841 2584 μέταξυ
1864 2512 1977 2553 ταύ-

1107 2585 1183 2623 της
1218 2584 1264 2613 τε
1294 2573 1372 2612 καὶ
1410 2570 1492 2613 τοῦ
1515 2563 1633 2642 metr&
1671 2586 1750 2623 την
1769 2569 1973 2627 Εὐφρά·

1106 2645 1188 2682 την
1228 2629 1519 2688 Ζεὺγιιατος,
1576 2625 1639 2683 ἦν
1693 2628 1977 2685 ωνόιιασε

1111 2690 1612 2746 Τιγρανόκερτα,
1681 2690 1729 2732 ἐκ
1795 2688 1977 2731 δωδεκιι

1106 2748 1446 2805 ἐρημωθεισῶν
1491 2748 1568 2789 1571'
1611 2747 1755 2792 αὐτοῦ
1794 2749 1975 2791 πόλεων

1100 2807 1375 2860 Ἑλληνίδων
1392 2805 1677 2863 ἀνθρώπους
1692 2807 1990 2863 συναγαγών,

1196 2866 1390 2922 Voloyesi
1412 2872 1528 2908 vetus
1551 2873 1591 2907 et
1606 2867 1778 2922 penitus
1800 2867 1978 2920 infixum

1107 2932 1201 2967 erat
1234 2939 1360 2967 arma
1392 2927 1594 2968 Romana
1623 2926 1818 2968 vitandi:
1860 2932 1977 2967 vetus

1107 2990 1151 3026 et
1186 2986 1364 3038 infixum
1395 2991 1612 3040 tamquam
1660 2987 1838 3026 nomina
1869 2985 1976 3026 sub-

1106 3045 1296 3085 stantiva
1338 3043 1485 3086 habita
1527 3046 1771 3101 genitivum
1812 3045 1979 3086 vitandi

1108 3117 1161 3144 ex
1182 3117 1229 3145 se
1252 3116 1510 3158 suspensum
1533 3110 1699 3146 tenent.
1764 3104 1846 3154 Qui
1870 3117 1977 3143 con-

1106 3163 1248 3205 silium
1275 3163 1479 3204 omissum
1515 3176 1612 3205 esse
1647 3162 1797 3204 dicunt
1828 3175 1975 3216 parum

1107 3227 1311 3263 accurate
1343 3221 1593 3278 loquuntur.
1668 3221 1793 3264 Conf.
1827 3226 1975 3263 annot.

1107 3281 1159 3323 ad
1194 3294 1231 3323 c.
1267 3281 1337 3324 21.

1198 3346 1308 3382 tutus
1334 3353 1464 3381 manu
1487 3346 1524 3382 et
1549 3341 1710 3396 copiis:
1749 3344 1796 3380 ut
1825 3352 1977 3381 manus

1106 3410 1264 3440 nomen
1298 3401 1486 3453 positum
1519 3412 1597 3453 pro
1630 3399 1864 3449 militibus,
1910 3400 1974 3439 sic

1108 3459 1256 3513 copiae
1291 3470 1366 3512 pro
1398 3460 1515 3500 vitae
1547 3459 1779 3500 alimentis,
1846 3458 1975 3498 Utro-

1108 3530 1192 3572 que
1242 3530 1350 3571 opus
1394 3524 1458 3558 est
1504 3518 1707 3559 obsidium
1750 3517 1971 3559 toleranti.

1109 3576 1175 3618 Of.
1199 3577 1303 3632 Agr.
1338 3578 1419 3619 22:
1453 3577 1655 3619 adversus
1686 3591 1829 3618 moras
1861 3578 1974 3619 obsi-

1110 3636 1248 3677 dionis
1294 3637 1450 3678 annuis
1493 3638 1624 3693 copiis
1674 3637 1972 3691 firmabantur.

1108 3695 1271 3737 Neuius
1291 3696 1505 3739 moenibus
1523 3709 1600 3751 pro
1622 3709 1752 3740 manu
1769 3696 1973 3739 coniecit.
