2280 4004
267 265 357 309 268
1028 258 1321 310 ANNALIVM

1846 275 1886 304 a.
1918 269 1963 306 ι.
1991 260 2097 308 816.

270 406 472 460 diversa
510 411 761 472 tamquam
796 404 950 456 rebus
987 403 1200 471 integris
1237 403 1524 469 scribebat,
1582 403 1925 471 interrogatus
1968 418 2103 458 een-.-

269 498 399 550 tur-io
440 498 522 564 qui
566 513 677 549 cum
714 495 899 563 legatis
938 495 1232 560 advenerat,
1272 509 1371 562 quo
1406 495 1460 546 in
1495 500 1628 548 statu
1667 495 1910 550 Armenia
1946 500 2099 560 esset,

273 603 447 640 omnes
499 587 618 639 inde
668 588 926 639 Romanos
983 586 1274 638 excessisse
1331 585 1610 653 respondit.
1684 587 1807 639 Tum
1845 586 2102 641 intellecto

271 679 603 731 barbarorum
641 678 832 743 inrisu,
893 679 1254 744 qui-,peterent
1293 678 1428 744 quod
1473 678 1795 744 eripuerant,
1854 671 2107 731 consuluit
2183 660 2191 669 ⁰

232 770 401 830 §inter
438 770 689 835 primores
728 769 943 821 civitatis
964 770 1119 835 Nero,
1160 769 1345 821 bellum
1383 784 1571 835 anceps
1609 784 1674 820 an
1708 784 1810 836 pax
1839 769 2107 822 inhonesta

268 861 508 927 placeret.
582 862 689 913 Nec
728 860 1003 913 dubitatum
1042 860 1106 913 de
1139 860 1293 913 bello.
1367 861 1430 913 Et
1465 860 1686 912 Corbulo
1714 861 1922 912 militum
1959 865 2108 928 atque

270 952 489 1003 hostium
531 956 605 1003 tot
641 967 734 1018 per
781 967 944 1004 annos
993 967 1183 1020 gnarus
1229 951 1491 1020 gerendae
1544 952 1621 1003 rei
1677 951 1993 1017 praeficitur,
2044 966 2110 1004 ne

274 1045 416 1094 euius
457 1043 663 1095 alterius
702 1043 905 1095 inscitia
943 1058 1142 1095 rursum
1178 1048 1495 1109 peccaretur,
1535 1043 1651 1109 quia
1685 1043 1823 1095 Paeti
1858 1043 2109 1110 piguerat.

274 1135 431 1202 Igitur
469 1135 604 1185 inriti
642 1135 991 1199 remittuntur,
1054 1150 1165 1185 cum
1187 1134 1356 1185 >donis
1394 1139 1593 1199 tamen,
1643 1133 1780 1186 unde
1815 1148 1932 1200 spes
1968 1133 2113 1185 fieret

212 1235 258 1271 ιο
274 1240 377 1276 ηοη
412 1225 598 1277 frustra
638 1226 816 1278 eadem
860 1230 1116 1277 oraturum
1153 1226 1435 1290 Tiridaten,
1492 1225 1536 1277 si
1585 1239 1766 1291 preces
1814 1225 1925 1290 ipse
1977 1228 2112 1277 attu-

273 1316 432 1368 iisset.

507 1317 736 1382 Iurisque
772 1317 1007 1368 executio
1046 1316 1256 1380 Cinci0,
1316 1317 1496 1381 copiae
1539 1315 1783 1366 militares
1836 1314 2114 1367 Corbuloni

274 1407 579 1471 permissae3
640 1412 690 1458 et
746 1407 918 1472 quinta
973 1406 1185 1457 decuma
1243 1405 1380 1472 legio
1434 1404 1652 1456 ducente
1698 1404 1858 1457 Mario
1899 1405 2048 1457 Celso
2086 1421 2115 1456 e

273 1497 530 1548 Pannonia
568 1497 767 1551 adiecta
805 1502 896 1547 est.

971 1496 1221 1548 Scribitur
1250 1495 1520 1547 tetrarchis
1557 1511 1617 1546 ac
1657 1495 1866 1562 regibus
1910 1496 2118 1562 praefe-

279 1588 472 1654 ctisque
512 1592 561 1641 et
596 1587 1045 1653 procuratoribus,
1087 1592 1137 1640 et
1175 1587 1258 1654 qui
1293 1591 1583 1654 praetorum
1622 1586 1856 1639 finitimas
1896 1588 2111 1653 provin-

384 1729 421 1769 1.
457 1726 633 1782 taquam
652 1727 733 1770 Ma.

282 1846 388 1901 ᾖσσε
420 1845 500 1889 Ma.

285 1911 384 1962 sus)
422 1907 548 1949 cutio.

283 1966 432 2007 cincio.

283 2109 380 2138 cum
423 2100 522 2150 post
567 2094 620 2137 ad
668 2094 888 2137 Neronem
932 2093 1157 2149 profectus

284 2162 372 2208 est,
427 2156 640 2211 navigare
682 2155 905 2206 noluisse,
958 2155 1159 2209 quoniam

285 2229 468 2270 expuere
508 2215 556 2255 in
601 2215 746 2255 maria
780 2214 960 2268 aliisque
991 2221 1159 2255 morta-

285 2275 388 2316 lium
418 2274 739 2315 ueeessitatibus
770 2273 936 2315 violare
957 2280 1160 2315 naturam

285 2347 379 2375 eam
412 2334 577 2389 (magi)
611 2336 681 2388 fas
712 2346 801 2373 uon
831 2340 998 2388 putant.

376 2391 480 2446 Cap.
515 2393 586 2436 25.
648 2393 794 2446 quoin
819 2399 933 2434 statu
951 2392 1162 2434 Armenia

287 2458 418 2492 esset:
459 2451 515 2493 cf.
542 2450 618 2492 XII
639 2451 720 2494 45:
755 2465 833 2506 quo
865 2453 912 2493 in
933 2457 1047 2494 statu
1069 2451 1161 2493 Ar-

286 2512 430 2552 menia
462 2513 588 2565 soret.
642 2519 644 2521 ’

362 2571 553 2624 iurisque
588 2569 779 2610 executio
811 2568 977 2622 Cincio,
1013 2570 1162 2626 copiae

287 2628 496 2670 militares
513 2628 748 2669 Corbuloni
758 2629 1019 2682 permissae:
1045 2629 1160 2684 quod

290 2693 392 2729 ante
437 2687 669 2742 legebatur
700 2687 936 2741 Syriaeque
968 2687 1040 2729 vel
1073 2689 1159 2730 Su-

289 2747 466 2801 riaeque
498 2746 714 2797 executio,
765 2744 876 2786 hanc
909 2758 985 2799 pro
1019 2747 1162 2788 admi-

290 2806 546 2847 nistratione
568 2805 825 2859 provinciae
836 2805 988 2858 Syriae
1003 2804 1162 2848 dictam

290 2866 553 2920 interpretes
575 2865 781 2905 videntur
801 2866 1043 2919 accepisse.
1078 2865 1164 2909 Sed

291 2925 532 2978 perlustres
581 2936 744 2978 quaeso
788 2935 961 2965 omnem
994 2924 1163 2967 Latini-

291 2989 440 3036 tatem,
475 2989 611 3024 totum
644 2995 748 3036 prae
775 2984 933 3024 ceteris
954 2982 1162 3036 Tacitum,

292 3048 422 3098 atque
471 3041 603 3084 facile
651 3042 875 3083 inveneris
928 3048 971 3082 et
1017 3042 1163 3084 fictum

295 3115 393 3144 esse
427 3101 542 3142 hune
572 3101 761 3142 nominis
794 3100 1086 3156 significatum
1122 3107 1164 3143 et

295 3161 494 3214 exempla
529 3159 738 3217 quaedam
774 3159 826 3208 ab
854 3161 1164 3214 interpretibus

295 3219 584 3262 vindicandae
635 3220 876 3272 scripturae
928 3221 1165 3275 Syriaeque

296 3280 427 3320 allata
463 3279 639 3322 minime
675 3284 773 3332 apta
807 3292 926 3332 esse,
962 3282 1089 3323 immo
1122 3280 1163 3320 in

296 3338 494 3379 omnibus
528 3339 580 3378 iis
616 3337 795 3378 verbum
832 3340 981 3393 exequi
1013 3346 1056 3380 et
1082 3351 1165 3380 no-

296 3411 393 3438 inen
410 3397 699 3438 executionem
712 3399 926 3450 propriam
941 3411 1059 3440 suam
1080 3399 1164 3439 viui

296 3464 462 3497 tenere.
517 3455 700 3496 Accedit
727 3457 888 3509 maius;
927 3458 1054 3498 etiam
1079 3458 1165 3512 sy-

297 3517 391 3556 riae
424 3514 739 3557 administratio
773 3516 895 3558 nullo
920 3516 1046 3558 modo
1066 3523 1165 3570 apte

299 3574 383 3614 diei
420 3586 533 3613 nilne
567 3575 735 3628 potuit:
770 3576 930 3617 etenim
967 3587 1068 3618 cura
1101 3576 1164 3617 rei

297 3630 499 3674 militaris
532 3632 769 3689 praecipua
802 3631 1166 3680 administrandae

822 1726 864 1770 4.
900 1726 1036 1769 barba
1071 1727 1141 1782 (in
1173 1726 1260 1769 fine
1292 1729 1465 1784 versus)
1498 1740 1594 1768 rum
1624 1724 1716 1769 Ma:
1748 1726 1781 1769 G
1813 1726 2113 1770 barbarorum.

280 1787 322 1829 5.
356 1787 531 1829 inhosta
565 1786 655 1840 Ma,
688 1788 735 1829 in
768 1786 886 1828 hoste
920 1786 976 1829 G:
1012 1787 1202 1828 correxit
1234 1787 1467 1829 victorius.

1575 1786 1615 1829 7.
1647 1787 1834 1843 perende
1866 1784 1946 1828 Μὲῑ.
2044 1787 2112 1830 10.

602 1849 670 1889 11.
703 1847 893 1902 iurisque
926 1847 1116 1888 executio
1150 1846 1313 1890 editor:
1348 1845 1414 1888 Ma
1445 1846 1669 1901 syriaeque
1700 1860 1752 1887 ex
1785 1845 1855 1902 (in
1887 1845 1973 1888 fine
2006 1856 2112 1887 ver-

678 1906 828 1947 cincio
874 1904 994 1947 Harl.
1047 1911 1090 1947 et
1122 1904 1231 1948 les.:
1285 1904 1350 1948 Ma
1382 1907 1480 1948 citio
1515 1911 1558 1947 et
1590 1905 1655 1948 sic
1684 1903 1812 1959 ABG,
1843 1903 1970 1947 Bodl.
2006 1909 2050 1946 et
2081 1902 2116 1950 G

530 1967 598 2010 13.
627 1966 879 2022 praefectis.
918 1978 1026 2020 quae
1059 1972 1099 2007 et
1130 1963 1209 2009 Ma.

1243 2093 1501 2149 provinciae
1534 2106 1632 2149 pars
1666 2107 1761 2136 eum
1795 2098 1934 2146 esset,
1967 2093 2117 2149 inepte

1244 2159 1572 2210 opponerentur
1602 2154 1756 2209 copiae
1776 2153 1988 2195 militares
2007 2153 2119 2195 Cor..

1243 2214 1396 2255 buloni
1419 2219 1462 2256 et
1482 2214 1636 2269 Syriae
1668 2212 1984 2254 administratio
2006 2211 2116 2254 Cin-

1246 2275 1314 2315 cio
1329 2274 1582 2328 permissae.
1630 2273 1754 2314 Duae
1778 2284 1848 2313 res
1865 2277 1980 2324 sunt,
2001 2285 2113 2327 quae

1244 2333 1393 2389 legato
1420 2333 1676 2387 provinciae
1700 2332 2043 2383 committuntur,
2073 2337 2121 2372 ut

1244 2393 1311 2433 ius
1345 2392 1464 2433 dicat
1509 2398 1552 2434 et
1583 2404 1675 2433 rem
1708 2390 1942 2433 militarem
1975 2389 2119 2434 obeat.

1242 2451 1394 2506 Itaque
1438 2453 1621 2494 restituo
1666 2450 1879 2503 iurisque3
1933 2449 2035 2492 hine
2076 2451 2122 2493 in

1248 2511 1501 2569 ἀρχετύπῳ
1544 2512 1715 2564 surique
1759 2508 2000 2551 litterarum
2043 2521 2119 2550 or..

1246 2570 1346 2611 dine
1379 2570 1632 2624 perturbato
1677 2573 1823 2613 natum
1867 2573 1910 2610 et
1957 2581 1981 2609 a
2012 2580 2119 2622 pro-

1246 2630 1361 2670 ximo
1395 2629 1538 2671 scriba
1571 2629 1615 2669 in
1647 2628 1876 2682 syriaeque
1910 2631 2121 2669 mutatum

1246 2687 1435 2730 videtur.
1500 2688 1614 2728 Iuris
1658 2687 1850 2728 executio
1894 2691 1960 2727 est
1986 2686 2122 2729 iuris-

1247 2747 1400 2788 dictio.-
1438 2746 1548 2787 hanc
1577 2744 1755 2787 Cincius
1789 2745 2122 2799 administravit,

1248 2806 1403 2859 copiae
1434 2805 1647 2847 militares
1665 2803 1903 2846 Corbuloni
1939 2804 2122 2848 deman..

1248 2865 1374 2906 datae
1407 2870 1520 2906 sunt.
1586 2864 1846 2906 Provinciae
1876 2875 2036 2906 nomen
2076 2869 2125 2906 ut

1247 2930 1485 2978 poneretur
1496 2923 1611 2965 haud
1627 2935 1810 2965 necesse
1825 2928 1918 2964 erat
1935 2936 1945 2964 ε
1960 2924 2123 2980 quippe

1247 2989 1403 3037 sponte
1437 2997 1490 3025 ex
1512 2981 1878 3037 praecedentibus
1903 2982 2030 3036 Syria
2052 2985 2124 3025 in-

1248 3042 1479 3098 telligitur.
1529 3043 1602 3084 Sic
1634 3042 1933 3096 oppositorum
1959 3042 2042 3094 vis,
2079 3047 2126 3084 ut

1247 3101 1395 3143 Tacito
1430 3102 1608 3157 dignum
1643 3107 1734 3153 est,
1779 3102 1862 3141 rite
1896 3113 2124 3157 emergere

1249 3161 1416 3214 incipit.
1482 3159 1681 3202 Cincium
1713 3172 1791 3214 per
1823 3158 1992 3214 aliquot
2011 3166 2124 3202 tem-

1249 3221 1365 3274 poris
1401 3225 1521 3262 extra
1565 3220 1758 3260 ordinem
1801 3220 1846 3260 in
1890 3219 2014 3272 Syria
2057 3221 2123 3261 ius

1249 3279 1466 3320 dicentem
1513 3286 1558 3320 ut
1597 3291 1682 3321 uuo
1733 3277 1910 3320 nomine
1953 3277 2124 3319 Tacitus

1249 3338 1507 3392 appellaret,
1523 3339 1742 3380 diversum
1763 3337 1927 3391 alioqui
1961 3349 2124 3380 morem

1249 3404 1440 3448 secutus,
1474 3397 1649 3440 videtur
1682 3397 1843 3438 fecisse
1872 3398 2122 3450 oppositum

1253 3457 1508 3498 Corbulonis
1544 3469 1732 3498 nomen:
1782 3456 1897 3496 hunc
1930 3457 2043 3496 enim
2078 3460 2124 3495 ut

1252 3515 1502 3571 legentibus
1543 3517 1627 3559 iam
1681 3516 1784 3557 satis
1830 3520 1976 3556 notum
2026 3526 2122 3555 cum

1254 3575 1450 3629 pluribus
1474 3573 1722 3616 nominibus
1742 3574 2002 3629 consignare
2022 3571 2123 3614 nol-

1252 3633 1335 3687 let,
1388 3632 1502 3677 idem
1555 3633 1599 3676 in
1656 3631 1809 3677 Cincio
1856 3628 2120 3674 observavit.
