2280 4004
194 293 223 339 a'
253 294 301 342 G.
338 296 406 341 14.
437 306 440 308 ’

793 294 971 340 LIBER
985 295 1019 341 Ι.
1083 296 1189 342 ΟΑΡ.
1220 297 1412 343 42—44.
1955 300 2015 344 49

196 460 407 513 quorum
442 443 540 499 alia
575 460 710 498 nunc
744 460 834 498 ora
871 446 970 498 alia
1001 449 1210 512 pectora
1250 444 1515 511 contueor,
1549 445 1593 498 si
1627 443 1828 513 legatos
1860 450 2017 499 sena-⁶

192 538 282 603 tui,
324 538 621 604 obsequium
645 537 953 604 imperatori,
992 537 1034 589 si
1075 537 1195 587 mihi
1230 537 1500 604 coniugem
1529 536 1755 588 etlilium
1781 537 2015 602 redditiS,

196 629 445 681 discedite
483 644 511 680 a
552 633 787 679 contactu
827 644 887 679 ac
926 628 1136 680 dividite
1161 628 1408 680 turbidos.

1481 628 1537 679 Id
1574 628 1755 680 stabile
1791 628 1855 679 ad
1890 600 2118 701 pac-12³

110 723 180 773 44
195 702 495 783 nitentium?
516 705 575 769 id
603 719 722 770 fidei
742 718 1161 770 vinculum-erit‘.
1235 719 1495 784 Supplices
1531 719 1597 770 ad
1622 719 1767 784 haec,
1809 724 1858 770 et
1892 735 2019 770 vera
2049 697 2051 701 Ι
2208 712 2239 730 ⁸

118 1194 165 1270 2³·ss
195 1178 367 1231 cetera
416 1173 513 1239 ipsi
570 1177 956 1238 exequerentur.

195 809 492 876 exprobrari
532 808 766 873 fatenteS,
794 809 1007 861 orabant
1038 809 1239 874 puniret
1274 809 1475 874 noxios,
1511 809 1809 876 ignosceret
1842 809 2014 874 lapsis,
2034 820 2059 857 s

195 905 246 953 et
283 900 492 951 duceret
528 900 580 949 in
620 899 850 963 hostem3
907 905 1240 951 revocaretur
1279 900 1493 965 coniux,
1534 899 1727 951 rediret
1755 900 2020 966 'legionum

194 990 451 1055 alumnus,
514 1005 645 1041 neve
683 990 835 1042 obses
874 989 1027 1041 Gallis
1065 990 1367 1042 traderetur.

1439 988 1672 1042 Reditum
1708 989 2022 1056 Agrippinae

195 1082 458 1134 excusavit
496 1081 562 1132 ob
591 1081 933 1132 imminentem
956 1086 1151 1147 partum
1189 1085 1238 1132 et
1262 1081 1508 1142 hiemem3
1540 1085 1807 1130 venturum
1843 1079 2022 1143 filium-3

1043 1171 1346 1221 Discurrunt
1380 1170 1582 1234 mutati,
1637 1175 1686 1221 et
1732 1169 2024 1220 seditiosis—

106 1251 374 1314 ssss'lsimum
413 1277 662 1329 quemque
701 1263 902 1314 vinctos
940 1261 1144 1312 trahunt
1186 1260 1249 1311 ad
1299 1260 1522 1327 legatum
1556 1259 1789 1326 'legionis
1828 1259 2023 1325 primae
2040 1268 2088 1311 ¹⁹

197 1354 374 1406 Gaium
413 1354 766 1418 Caetronium,
824 1353 908 1419 qui
963 1351 1203 1402 iudicium
1256 1356 1306 1402 et
1359 1364 1552 1417 poenas
1605 1350 1668 1401 de
1721 1350 1934 1417 singulis
1971 1350 2025 1409 in

195 1445 330 1496 hunc
365 1445 568 1496 modum
611 1444 855 1497 exercuit.

930 1443 1139 1496 Stabant
1163 1457 1256 1509 pro
1295 1442 1534 1493 contione
1565 1441 1799 1508 legiones
1839 1440 2028 1493 destri-

198 1537 292 1589 ctis
341 1536 555 1604 gladiis;
625 1551 744 1587 reus
798 1535 850 1585 in
891 1539 1138 1602 suggestu
1187 1548 1281 1599 per
1326 1533 1579 1583 tribunum
1637 1531 2026 1583 ostendebatur:

197 1628 242 1680 si
297 1633 569 1679 nocentem
628 1626 1076 1691 adclamaverant,
1129 1639 1402 1696 >¹praeceps
1465 1623 1610 1686 datus
1662 1623 2025 1674 trucidabatur.

197 1719 260 1770 Et
293 1719 552 1786 gaudebat
591 1718 833 1769 caedibus
873 1717 1047 1782 miles,
1087 1721 1340 1781 tamquam
1376 1718 1538 1767 semet
1573 1714 1864 1766 absolveret
1876 1732 1891 1778 3
1929 1723 2092 1766 necis

199 1810 390 1861 Caesar
432 1809 655 1873 arcebat,
698 1808 899 1874 quando
934 1807 1070 1858 nullo
1100 1806 1259 1872 ipsius
1297 1806 1439 1857 iussu
1474 1812 1632 1871 penes
1662 1805 1872 1856 eosdem
1908 1820 2029 1856 sae-

318 2190 360 2232 2.
393 2195 433 2229 et
463 2187 518 2239 M,
550 2198 638 2228 non
671 2199 739 2228 ac.

201 2249 243 2291 9.
263 2261 349 2289 eaes.
370 2245 455 2289 Or:
510 2248 577 2288 11.
613 2247 662 2288 G.
684 2245 738 2287 M.

201 2310 397 2364 notatur)
419 2306 473 2348 Μ.

307 2488 454 2530 eluant
499 2486 613 2527 hanc
657 2484 900 2527 maculam.-
964 2498 1076 2540 quae

205 2547 377 2590 macula
408 2546 590 2599 dicatur,
622 2545 785 2586 clarum
812 2559 865 2586 ex
889 2557 1076 2599 praece-

205 2607 409 2648 dentibus
427 2605 666 2647 subvenisse
678 2606 873 2646 Romano
896 2603 1076 2655 nomini,

207 2666 503 2722 compressisse
557 2665 817 2706 Germaniae
871 2662 1076 2719 populos,

206 2725 379 2767 scilicet
402 2738 455 2766 ea
476 2737 588 2779 quae
611 2736 790 2777 aspersa
822 2729 888 2764 est
913 2722 1078 2763 nomini

207 2784 402 2826 Romano
424 2783 548 2825 clade
567 2783 771 2835 Variana,
794 2788 841 2823 ut
858 2781 1080 2823 intellexit

210 2842 409 2885 Wolfius,
475 2841 600 2883 Conf.
642 2854 736 2895 cap.
770 2842 820 2884 3:
854 2840 1080 2882 bellum——

210 2901 373 2943 nullum
430 2901 517 2941 nisi
581 2900 783 2941 adversus
847 2900 1082 2941 Germanos

214 2966 451 3015 supererat,
488 2957 724 3000 abolendae
757 2959 894 3014 maqis
931 2960 1022 3013 inf
1028 2971 1082 2998 a-

212 3021 351 3060 miae
376 3044 431 3050 -
452 3031 577 3071 quam
607 3017 802 3073 cupidine
831 3016 1085 3073 proferendi

212 3078 396 3134 imperii.
446 3075 513 3117 Ad
553 3088 646 3118 eam
701 3076 923 3118 infamiam
974 3075 1084 3117 abo-

215 3136 387 3179 lendam
438 3141 540 3176 ante
581 3140 778 3189 coeptam
821 3135 1084 3178 seditionem

216 3197 359 3237 omnia
376 3200 631 3249 praeparata
651 3200 765 3236 sunt.
808 3193 959 3249 Itaque
975 3194 1085 3235 Ger-

217 3255 413 3295 manicus
445 3253 499 3294 de
535 3266 582 3293 re
615 3259 719 3294 nota
750 3253 886 3295 verba
918 3253 1085 3294 faciens

219 3312 402 3366 defungi
445 3313 595 3364 paucis
634 3313 790 3364 potuit.
861 3311 948 3352 Alii
990 3324 1087 3352 ma-

220 3369 360 3412 culam
407 3368 461 3410 de
508 3369 603 3422 ipsa
655 3370 872 3411 seditione
929 3370 1087 3410 dictam

219 3430 457 3483 accipiunt,
490 3440 576 3467 non
609 3438 729 3469 vere.

308 3502 381 3529 vos
414 3499 572 3540 quoque
604 3498 722 3540 sqq.:
751 3485 925 3526 ‘eximia
958 3497 1091 3538 pero-

221 3548 364 3599 rati03
408 3552 571 3586 mutata
603 3557 682 3584 ora
713 3551 751 3585 et
782 3551 960 3599 pectora
995 3556 1091 3583 cum

223 3606 351 3658 dicit,
391 3617 519 3646 nemo
560 3608 626 3644 est
670 3605 741 3658 qui
775 3602 842 3654 id,
885 3603 920 3642 si
963 3601 1088 3653 velit,

225 3675 311 3707 non
344 3663 397 3706 ad
428 3676 475 3705 se
507 3663 710 3718 privatim
737 3660 909 3705 trahere
943 3666 1088 3720 queat.

311 3757 460 3797 Tacitus
485 3758 512 3797 1.

836 2186 878 2229 3.
914 2185 1104 2241 turpidos
1135 2183 1190 2225 M.

806 2246 872 2289 12.
893 2244 1103 2286 destrictis
1135 2243 1189 2295 M,
1212 2253 1298 2282 non
1324 2242 1443 2283 distr.
1511 2241 1579 2283 16.
1610 2253 1769 2297 poenes
1803 2244 1850 2296 (o
1869 2247 2032 2293 puncto

541 2306 608 2348 18.
643 2306 856 2357 Raetiam,
886 2316 973 2344 non
1006 2303 1251 2354 Rhaetiam,
1283 2300 1338 2343 M.

1294 2172 1340 2225 4.
1374 2180 1558 2238 suplices
1589 2180 1643 2223 M.

1409 2302 1542 2356 spetie
1570 2300 1626 2342 M.

1159 2483 1382 2525 Postrema
1430 2488 1574 2525 autem
1629 2483 1849 2525 sententia
1913 2482 2034 2525 eius..

1161 2543 1277 2583 modi
1311 2548 1378 2584 est
1416 2548 1486 2595 ut,
1535 2543 1570 2583 si
1612 2543 1686 2597 qui
1734 2543 1876 2584 adhuc
1926 2544 2034 2584 iram

1161 2603 1404 2655 retineant,
1445 2603 1489 2643 in
1524 2613 1599 2642 eos
1635 2606 1826 2643 ceteram
1863 2602 2032 2643 turbam

1164 2667 1328 2714 armet,
1374 2674 1454 2703 seu
1486 2660 1760 2715 poenitentia
1806 2674 1886 2703 seu
1917 2667 2036 2702 metu

1164 2733 1334 2774 poenae
1387 2726 1431 2761 et
1483 2726 1737 2774 coeptorum
1790 2721 2035 2762 diffidentia

1165 2785 1422 2821 correctam.
1485 2777 2035 2822 NotavitFreinshemius².

1166 2839 1392 2882 Wonrius.

1238 2956 1342 3011 Cap.
1372 2956 1445 3000 44.
1498 2956 1659 2998 rediret
1694 2956 1907 3012 legionum
1936 2954 2035 2998 alu:

1167 3026 1314 3058 mnus.-
1349 3018 1444 3058 iure
1467 3016 1551 3058 hoc
1576 3017 1754 3057 nomine
1772 3018 1920 3057 vocari
1954 3028 2038 3069 po-

1169 3075 1251 3115 tuit
1307 3075 1451 3117 infans
1504 3076 1547 3115 in
1611 3077 1766 3116 castris
1813 3075 2039 3125 educatus,

1170 3135 1367 3189 quamvis
1399 3136 1443 3175 in
1464 3133 1588 3175 Italia
1608 3140 1750 3175 natus.
1814 3133 1925 3173 Hinc
1947 3133 2040 3173 cla-

1169 3206 1279 3244 rum,
1314 3193 1427 3234 unde
1462 3192 1575 3234 falsa
1601 3193 1751 3245 opinio
1785 3192 1828 3230 in
1854 3197 2041 3232 annota-

1167 3253 1291 3292 tione
1327 3251 1379 3292 ad
1413 3264 1450 3291 c.
1473 3253 1528 3292 41
1564 3255 1899 3291 commemorata
1922 3248 2043 3289 nasci

1174 3316 1216 3351 et
1259 3308 1531 3350 disseminari
1581 3309 1790 3362 potuerit.
1938 3319 2044 3348 neve

1174 3368 1290 3408 obses
1317 3366 1453 3409 Gallis
1494 3367 1762 3407 traderetur:
1807 3365 1891 3407 hoc
1923 3367 2045 3406 invi-¹

1174 3426 1297 3466 diose
1342 3425 1504 3466 milites
1549 3425 1602 3465 de
1634 3424 1820 3465 Treviris
1864 3426 2044 3477 iaciunt,

1176 3495 1284 3538 quos
1318 3496 1412 3536 cap.
1447 3486 1502 3526 41
1539 3490 1736 3524 externos
1769 3484 2042 3535 denotarunt,

1178 3555 1292 3583 nunc
1326 3543 1367 3582 in
1389 3540 1556 3584 Gallica
1576 3543 1669 3597 ripa
1693 3548 1875 3597 agentes
1897 3542 2043 3584 Gallos

1177 3606 1336 3643 vocant
1373 3614 1425 3642 ac
1474 3600 1632 3643 dubiae
1683 3601 1784 3643 {idei
1825 3601 2044 3644 vocabulo

1177 3660 1295 3704 obses
1324 3659 1590 3719 significant.

1677 3740 1713 3797 4

1747 2180 1771 2223 7
1778 2212 1787 2222 .
1822 2194 1942 2236 opses
1956 2206 1957 2209 =
1973 2178 2029 2223 M.
2070 2172 2147 2196 “Μ

115 1907 119 1911 ’
197 1901 320 1952 vitia
359 1900 480 1952 sacti
518 1905 567 1951 et
617 1899 808 1950 invidia
859 1904 984 1950 erat.
1058 1897 1228 1965 Se.ssuti
1284 1896 1564 1963 exemplum
1614 1896 1843 1947 veterani
1882 1894 2024 1946 haud
2127 1879 2176 1902 Λ

197 1992 351 2044 multo
386 1996 503 2058 post
534 1992 586 2042 in
619 1991 845 2043 Raetiam
882 1991 1170 2054 mittuntur,
1208 1988 1381 2054 specie
1422 1986 1775 2039 defendendae
1807 1974 2060 2052 provin-”²³

2061 2070 2169 2118 bank..
2190 2070 2237 2114 ‘ts-1

2165 2123 2175 2132 ί
2203 2121 2212 2132 ἱ

2168 2145 2210 2172 ’.ζ
2221 2151 2251 2175 a.
2259 2152 2280 2169 μ
