2280 4004
156 1908 226 1959 25

231 308 259 344 a
289 294 338 341 G.
359 295 444 342 516.

233 447 289 494 ut
326 440 563 492 credat-ur
613 436 943 490 novissimum
995 451 1056 487 ac
1106 435 1218 486 sine
1268 432 1419 484 terris
1467 444 1621 483 mare.

824 289 987 334 LIBER
1017 288 1068 332 11.
1132 286 1238 331 CAP.
1272 286 1460 331 23-225.

1968 275 2055 326 10⁹

1694 428 1815 481 Pars
1853 427 2055 480 navium

235 534 445 588 haustae
472 535 602 595 sunt,
641 530 810 596 plures
847 528 977 594 apud
1019 526 1209 578 insulas
1246 524 1449 591 longius
1477 522 1599 574 sitas
1629 521 1849 584 eiectae3
1882 519 2058 571 miles-

238 639 362 693 que,
421 622 556 673 nullo
597 620 701 670 illic
738 619 994 670 hominum
1034 617 1192 682 cultu,
1251 616 1383 666 fame
1422 614 1741 679 absumptus,
1795 611 1893 662 nisi
1931 624 2056 676 quos

232 728 452 782 corpora
495 725 736 778 equorum
775 710 953 761 eodem
1006 709 1129 760 elisa
1173 707 1532 758 toleraverant.

1608 703 1726 757 Sola
1769 700 2057 755 Germanici

236 803 454 863 triremis
493 802 808 854 Chaucorum
864 807 1048 852 terram
1099 798 1313 866 adpulit3
1375 813 1520 864 quem
1566 811 1659 863 per
1713 809 1888 846 omnes
1941 793 2097 847 illoss

238 897 661 959 diesnoctesque
698 893 829 958 apud
866 891 1108 958 scopulos
1153 895 1202 942 et
1246 888 1578 956 prominentis
1631 901 1777 952 oras,
1841 901 1952 937 cum
2002 899 2059 936 se

235 987 358 1040 tanti
393 985 530 1037 exitii
564 999 706 1036 reum
747 983 1053 1046 clamitaret,
1114 982 1201 1032 vix
1251 981 1525 1032 cohibuere
1564 978 1712 1029 amici
1756 992 1854 1044 quo
1896 977 2060 1027 minus

237 1059 415 1131 eodem
445 1075 570 1127 mari
589 1078 882 1154 „QBRRQEP
956 1072 1177 1123 Tandem
1205 1071 1467 1122 relabente
1495 1074 1637 1120 aestu
1672 1073 1721 1119 et
1748 1067 2061 1119 secundante

234 1173 386 1221 vento
438 1167 651 1218 claudae
692 1179 849 1216 naves
902 1178 1021 1214 raro
1059 1163 1276 1229 remigio
1306 1165 1412 1221 ,aut
1470 1160 1674 1212 intentis
1712 1159 1971 1223 vestibuS,
2014 1163 2064 1209 et

235 1259 481 1327 quaedam
521 1274 549 1308 a
580 1255 914 1307 validioribus
951 1259 1172 1318 tractae,
1213 1257 1475 1304 revertere
1489 1269 1503 1315 3
1543 1265 1666 1317 quas
1705 1249 1884 1316 raptim
1922 1248 2129 1301 refe-io

238 1356 344 1402 ctas
382 1349 518 1400 misit
551 1353 605 1399 ut
641 1351 987 1399 scrutarentur
1021 1344 1228 1396 insulas.

1306 1343 1515 1395 Collecti
1555 1359 1614 1394 ea
1656 1357 1776 1393 cura
1809 1339 2061 1407 plerique:

238 1441 419 1506 multos
455 1439 750 1507 Angrivarii
785 1453 945 1504 nuper
992 1437 1045 1486 in
1079 1436 1226 1487 iidem
1267 1435 1462 1500 accepti
1495 1433 1786 1499 redemptos
1828 1432 1890 1483 ab
1932 1431 2066 1482 inte-

238 1532 459 1585 rioribus
504 1530 802 1593 reddidere3
862 1528 1062 1595 quidam
1102 1528 1154 1577 in
1191 1526 1500 1577 Britanniam
1535 1524 1665 1591 rapti
1713 1529 1762 1576 et
1797 1523 1998 1575 remissi
2037 1539 2064 1574 a

239 1624 446 1691 regulis,

521 1623 582 1675 Ut
613 1622 724 1688 quis
760 1637 824 1674 ex
859 1620 1139 1687 longinquo
1177 1622 1462 1681 revenerat,
1491 1616 1734 1668 miracula
1771 1615 2064 1678 narrabant,

239 1716 338 1767 vim
371 1714 621 1766 turbinum
660 1717 710 1764 et
747 1712 998 1763 inauditas
1035 1711 1288 1774 volucreS,
1329 1713 1553 1760 monstra
1590 1708 1760 1772 mariS,
1802 1707 2128 1774 ambiguas15

240 1806 495 1858 hominum
533 1810 581 1856 et
615 1804 874 1856 beluarum
914 1804 1132 1866 formaS,
1184 1802 1295 1853 visa
1333 1801 1444 1852 sive
1483 1817 1547 1852 ex
1579 1804 1715 1851 metu
1751 1799 1960 1850 credita.

380 1897 479 1950 Sed
531 1896 662 1949 fama
713 1895 892 1947 classis
955 1894 1172 1945 amissae
1212 1898 1265 1943 ut
1301 1891 1581 1944 Germanos
1636 1891 1698 1942 ad
1750 1905 1889 1956 spem
1927 1890 2063 1954 belli,

240 1988 306 2041 ita
345 1989 615 2043 Caesarem
649 1987 712 2058 ad
738 1986 1091 2039 coercendum
1129 1985 1305 2037 erexit.

362 2157 398 2198 1.
431 2155 544 2196 mari
571 2154 602 2196 Ι.
636 2154 705 2196 Fr.
740 2155 997 2197 Gronovius.

245 2216 311 2258 13.
346 2215 523 2256 remissa
554 2213 713 2270 reyulis
745 2214 798 2258 M.
866 2214 932 2258 18.
970 2214 1018 2256 G.
1053 2214 1107 2258 M.

242 2387 398 2418 severe
443 2380 486 2416 et
518 2376 693 2430 proprie
735 2373 788 2416 de
829 2387 880 2416 eo
915 2381 1110 2430 tempore

243 2434 569 2489 accipiendum,
623 2446 708 2490 quo
757 2434 938 2476 Romani
998 2436 1111 2476 inter

246 2495 465 2549 Visurgim
507 2499 550 2535 et
578 2493 723 2535 Albim
767 2494 904 2535 altero
937 2494 1108 2549 proelio

245 2553 488 2595 Cheruscos
548 2559 590 2594 et
635 2553 782 2594 socios
834 2553 1107 2597 devicerunt.

242 2612 289 2653 In
355 2612 422 2653 his
482 2613 614 2653 sociis
677 2614 806 2654 etiam
858 2613 1109 2670 Angrivarii

243 2670 477 2713 Cheruscis
522 2673 566 2712 in
606 2674 951 2726 septentrionem
1000 2685 1110 2714 con-

244 2731 415 2772 termini
442 2730 546 2771 victi
566 2737 668 2772 sunt
690 2737 734 2773 et
759 2731 962 2774 subiecti.
999 2733 1110 2774 Hinc

246 2789 525 2832 Germanicus
558 2790 832 2846 triumphavit
864 2786 924 2846 (ΙΙ
945 2791 1024 2847 41)
1061 2792 1110 2833 de

248 2848 474 2889 Cherusci-s
497 2849 740 2902 Chattisque
765 2856 804 2890 et
820 2849 1110 2904 Anqrivaffis,

247 2919 446 2961 quaeque
487 2906 599 2948 aliae
638 2909 840 2949 nationes
878 2920 1016 2963 usque
1059 2910 1111 2951 ad

246 2964 389 3007 Albim
434 2964 596 3007 colunt.
692 2964 835 3007 Confi
869 2973 1016 3010 annot.
1059 2969 1112 3011 ad

248 3037 286 3066 c.
318 3023 347 3066 8
379 3028 422 3065 et
453 3025 524 3066 41.

334 3082 568 3139 redemptos
587 3084 639 3125 ab
663 3085 964 3127 interioribus:
997 3099 1111 3142 quo-

247 3141 373 3183 modo
393 3141 445 3183 ab
465 3144 738 3186 interioribus
761 3145 1013 3201 Angrivarii
1038 3160 1111 3188 re-

247 3200 410 3242 dimere
428 3207 686 3256 tempestate
708 3204 856 3257 pulsos
875 3207 1111 3259 potuerint,

246 3257 557 3301 subobscurum
578 3267 657 3302 est.
679 3262 892 3304 Videntur
909 3265 1110 3306 nonnulli

246 3316 407 3358 milites
440 3319 483 3358 in
503 3318 626 3361 Albis
658 3322 769 3362 ostia
791 3321 923 3363 delati
956 3322 1111 3364 aLan-

247 3375 448 3431 gebat-dis
495 3378 725 3432 intercepti
774 3392 894 3421 esse:
942 3381 995 3422 ab
1045 3382 1111 3422 his

246 3435 492 3489 redemptos
513 3436 762 3492 Angrivarii
782 3437 986 3480 Romanis
1009 3439 1111 3480 red-

245 3492 408 3536 didere.
473 3495 597 3547 Quod
619 3498 655 3537 si
681 3508 830 3537 verum
853 3502 933 3548 est,
963 3497 1111 3539 Tacito

246 3552 363 3595 cordi
401 3554 483 3596 l’uit
513 3555 738 3598 nominare
779 3555 879 3598 loca
909 3556 995 3598 duo
1030 3570 1110 3599 ex-

245 3616 396 3666 trema,
424 3613 695 3658 Britanniam
720 3621 763 3657 et
788 3628 863 3658 eos
892 3619 965 3674 qui
998 3615 1111 3659 ultra

246 3670 524 3729 Angrivarios
556 3674 759 3733 agebant.

1383 1984 1508 2036 Gaio
1546 1984 1670 2037 Silio
1711 1997 1823 2033 cum
1858 1982 2064 2050 triginta

1188 2161 1230 2196 et
1267 2155 1309 2198 6.
1345 2161 1446 2214 aput
1478 2154 1532 2195 M.
1656 2155 1698 2197 4.
1732 2151 1977 2211 yermanice
2008 2150 2063 2195 M.
2108 2192 2120 2198 ,

1267 2376 1481 2418 miracula
1502 2375 1749 2417 narrabant
1768 2399 1822 2407 —-
1847 2373 2068 2416 belum-um

1193 2438 1382 2490 formas.-
1424 2436 1537 2477 hanc
1581 2436 1808 2476 materiem
1841 2432 2067 2475 declama..

1194 2501 1310 2537 tores
1343 2497 1581 2549 arripuere,
1617 2494 1670 2535 de
1703 2493 1862 2549 quibus
1897 2492 2066 2536 Seneca

1194 2555 1368 2596 Suasor.
1398 2557 1419 2597 1
1452 2554 1531 2596 sub
1555 2553 1708 2595 finem:
1745 2552 1894 2594 Latini
1913 2551 2065 2593 decla-

1192 2622 1378 2656 matores
1409 2615 1456 2655 in
1477 2613 1642 2655 Oceani
1663 2612 1948 2668 descriptione
1980 2625 2068 2652 noa

1192 2675 1318 2715 nimis
1358 2675 1608 2730 viquerunt:
1661 2686 1764 2713 nam
1805 2678 1880 2713 aut
1925 2671 2067 2713 timide

1193 2736 1458 2789 scripserunt
1489 2740 1563 2774 aut
1595 2734 1778 2774 curiose.
1843 2731 1974 2773 Nemo
2007 2730 2065 2771 il-

1193 2792 1331 2834 lorum
1370 2794 1509 2849 potuit
1551 2798 1668 2833 tanto
1709 2791 1862 2846 spiritu
1905 2790 2061 2842 dicere,

1193 2859 1349 2906 quanto
1383 2852 1494 2893 Pedo
1527 2853 1598 2905 qui
1628 2853 1861 2906 navigante
1882 2849 2066 2891 Germa-

1191 2913 1288 2952 nico
1323 2911 1445 2953 clia-it.
1525 2910 1740 2952 Continuo
1785 2922 1840 2952 ex
1873 2909 2064 2950 carmine

1191 2970 1378 3012 Pedonis
1393 2970 1706 3027 (Albinovani)
1732 2971 1888 3013 recitat
1911 2980 2064 3013 versus

1192 3031 1249 3073 23
1281 3031 1458 3072 minime
1492 3030 1712 3088 vulgares.

1281 3146 1384 3202 Cap.
1413 3149 1484 3190 25.
1551 3147 1658 3190 Gaio
1692 3148 1799 3188 Silio
1834 3172 1889 3178 —-
1919 3149 1984 3188 ire
2019 3148 2064 3190 in

1194 3207 1368 3247 Chattos
1401 3207 1610 3261 imperat:
1651 3206 1750 3246 dum
1784 3205 2062 3247 Germanicus

1193 3265 1355 3305 Marsos
1388 3267 1586 3318 irrumpit
1619 3270 1662 3306 et
1695 3263 1956 3316 Cheruscos,
1991 3265 2062 3307 Si..

1195 3323 1279 3364 lius
1312 3322 1492 3364 Chattos
1538 3325 1770 3374 exterruit,
1826 3337 1880 3364 ne
1929 3325 2062 3365 sociis

1194 3383 1282 3422 suis
1319 3382 1528 3423 auxilium
1553 3382 1731 3430 ferrent,
1766 3388 1811 3422 ut
1832 3382 1884 3423 ab
1906 3383 2060 3424 eodem

1195 3443 1368 3494 incepto
1418 3441 1598 3482 cohibiti
1652 3444 1752 3482 su'nt
1785 3440 1995 3483 Cherusci
2038 3456 2063 3483 a

1195 3498 1397 3552 Caecina,
1432 3512 1527 3541 cum
1568 3500 1847 3542 Germanicus
1881 3499 2060 3543 Chattos

1194 3561 1381 3600 vastavit
1426 3558 1467 3615 (1
1509 3559 1604 3616 56).
1688 3559 1808 3612 Quae
1851 3573 1920 3603 res
1965 3574 2058 3603 cum

1190 3619 1332 3660 minus
1341 3618 1636 3667 memorabilis
1651 3619 1889 3672 videretur,
1910 3619 1964 3663 de
1980 3620 2060 3663 hac

1194 3675 1291 3720 Silii
1323 3678 1605 3733 expeditione
1633 3678 1743 3722 nihil
1775 3679 1957 3724 relatum
1978 3685 2057 3723 est.
