2280 4004
218 308 243 344 a
277 296 325 344 G.
359 297 431 347 20.
802 295 966 340 LIBER
995 296 1067 341 111.
1132 296 1237 343 GAl’.
1275 298 1460 343 17—19.
1959 302 2047 347 181

213 442 485 511 prohibuit,
518 444 583 495 ob
608 448 844 496 externas
883 461 942 497 ea
970 444 1213 496 victorias
1241 444 1435 496 sacrari
1474 444 1727 511 dictitanS‚
1759 446 2040 500 domestica

216 536 345 588 mala
405 536 603 587 tristitia
657 537 950 603 operienda.
1043 536 1329 588 Addiderat
1375 537 1675 589 Messalinus
1726 537 1930 590 Tiberio
1991 545 2040 590 et

214 626 476 694 Augustae
526 632 575 678 et
611 627 867 679 Antoniae
918 633 967 679 et
1002 628 1316 695 Agrippinae
1354 629 1624 695 Drusoque
1662 629 1726 679 ob
1761 629 2039 681 vindictam

216 717 502 770 Germanici
539 723 710 784 grates
765 719 1021 785 agenda8‚
1079 718 1416 785 omiseratque
1466 719 1661 770 Claudii
1714 721 2037 772 mentionem.

212 810 275 862 Et
302 807 623 860 Messalinum
665 808 865 873 quidem
889 810 1072 861 Lucius
1097 811 1356 876 Asprenas
1394 815 1571 862 senatu
1610 826 1782 862 coram
1818 825 2079 878 percon-⁵

217 905 352 952 tatus
397 904 474 950 est
523 914 587 950 an
638 900 858 964 prudens
898 903 1260 966 praeterisset3
1335 917 1396 952 ac
1455 906 1556 952 tum
1609 902 1807 954 demum
1854 918 2042 956 nomen

214 990 408 1064 Claudii
465 989 769 1055 adscriptum
824 995 914 1043 est.
1008 991 1156 1056 Mihi,
1218 998 1403 1057 quanto
1444 992 1587 1058 plura
1625 993 1905 1045 recentium
1948 1009 2042 1048 seu

212 1087 437 1134 veterum
461 1080 688 1144 revolVO,
718 1085 856 1131 tanto
890 1083 1052 1150 magis
1082 1082 1299 1134 ludibria
1330 1098 1498 1134 rerum
1529 1084 1813 1134 mortalium
1846 1086 2042 1137 cunctis

212 1172 264 1233 in
298 1170 519 1238 negotiis
557 1171 908 1222 obversantur.
983 1172 1176 1238 Quippe
1217 1173 1349 1224 fama
1377 1188 1468 1238 spe
1506 1174 1838 1225 veneratione
1875 1177 2041 1241 potius

211 1275 385 1313 omnes
423 1261 805 1313 destinabantur
838 1262 1049 1328 imperio
1102 1276 1250 1328 quam
1301 1278 1448 1328 quem
1496 1264 1715 1315 futurum
1762 1266 2108 1332 principemm

130 1358 196 1405 19
211 1353 412 1404 fortuna
453 1352 505 1403 in
541 1353 741 1404 occulto
766 1353 984 1404 tenebat.
1059 1354 1236 1406 Paucis
1273 1358 1389 1420 post
1426 1354 1604 1406 diebus
1635 1355 1825 1407 Caesar
1864 1362 2043 1408 auctor

209 1443 405 1496 senatui
445 1443 536 1495 suit
573 1444 773 1495 Vitellio
812 1450 960 1511 atque
1000 1446 1223 1496 Veranio
1263 1450 1312 1497 et
1349 1446 1576 1498 Servaeo
1616 1447 1907 1499 sacerdotia
1947 1448 2044 1498 tri-

209 1535 413 1588 buendi.
488 1535 714 1586 Fulcinio
757 1535 1053 1608 lelm
1077 1537 1165 1607 >7an
1196 1536 1441 1613 bonores
1457 1537 1712 1603 pollicitus
1747 1539 1937 1589 monuit
1977 1554 2042 1590 ne
2113 1553 2173 1609 >a

210 1625 495 1678 facundiam
554 1626 795 1677 violentia
857 1606 1230 1693 praecipitaret.
1304 1608 1693 1706 {finisfflfuit
1747 1629 2042 1700 ulciscenda

210 1717 733 1792 Germaniql„l¹]⁰¹'l532
788 1733 890 1769 non
938 1719 1091 1770 modo
1154 1720 1286 1785 apud
1347 1700 1750 1772 iubs..„homines
1803 1722 1886 1787 qui
1941 1727 2107 1773 tumis

205 1783 844 1876 {g‘EbEHt'sptiahYseeutis
881 1810 1191 1875 temporibus
1215 1811 1359 1861 vario
1387 1826 1591 1862 rumore
1615 1812 1816 1863 iactata.
1892 1812 2039 1864 Adeo

211 1899 426 1951 maxima
456 1915 686 1966 quaeque
712 1900 946 1968 ambigua
985 1907 1116 1966 sunt,
1162 1902 1278 1952 dum
1318 1902 1402 1952 alii
1437 1917 1638 1969 quoquo
1677 1904 1830 1954 modo
1870 1904 2040 1957 audita

207 2005 299 2056 pro
354 1991 625 2056 compertis
666 1991 879 2055 habent,
950 1991 1035 2041 alii
1075 2006 1196 2042 vera
1235 1991 1287 2041 in
1340 1993 1647 2043 contrarium
1701 1999 1929 2059 vertunt,
1995 2001 2045 2046 et

208 2081 379 2148 gliscit
412 2087 676 2147 utrumque
713 2082 1024 2147 posteritate.
1100 2083 1165 2132 At
1204 2083 1397 2133 Drusus
1448 2084 1573 2134 urbe
1611 2100 1852 2151 egressus
1890 2101 2044 2152 repe-

330 2208 367 2247 1.
402 2207 584 2247 victoria
615 2206 685 2247 M:
723 2207 914 2248 correxit
945 2207 1181 2249 Rhenanus
1214 2214 1258 2249 et
1292 2208 1513 2250 Victorius
1547 2209 1600 2250 ad
1633 2210 1727 2252 Cic.
1761 2210 1871 2265 Epp.
1913 2211 1933 2251 l
1972 2210 2041 2253 19.

209 2265 250 2308 5.
271 2264 321 2306 L.
347 2265 402 2307 M.
465 2279 673 2321 aspernas
692 2265 746 2307 M.
791 2273 1013 2321 per-cunct.
1034 2266 1105 2308 Or.
1160 2267 1200 2308 7.
1235 2275 1391 2321 quanto
1417 2275 1573 2323 quanto
1589 2269 1721 2324 plara
1746 2270 1800 2311 M.
1868 2270 1936 2312 10.
1959 2282 2046 2310 oms

211 2337 308 2365 cum
340 2324 416 2366 lin.
439 2324 493 2367 Μ.
590 2325 658 2367 15.
692 2332 795 2380 aput
825 2325 879 2367 M.
988 2327 1056 2368 17.
1092 2326 1243 2367 audire
1276 2339 1326 2380 pr
1360 2327 1395 2368 M
1418 2359 1429 2379 ,
1478 2328 1629 2369 audita
1659 2342 1746 2384 mg.
1783 2334 1827 2370 et
1857 2328 2044 2382 Lipsius.

214 2383 282 2426 18.
315 2397 437 2440 conp.
477 2383 532 2426 Μ.
627 2385 850 2425 contrariu
882 2397 977 2425 cum
1011 2384 1087 2426 lin.
1121 2398 1253 2439 super
1281 2401 1310 2427 a
1341 2386 1396 2428 M.
1493 2386 1559 2429 19.
1592 2387 1735 2442 9liscii
1764 2387 1819 2429 M.

1171 2500 1414 2542 obtinuisse
1474 2501 1667 2543 traditur.
1732 2500 1839 2543 Inde
1900 2515 2047 2544 rursus

1172 2559 1461 2616 intelligitur,
1497 2560 1547 2602 L.
1585 2560 1891 2616 Calpurnium,
1937 2574 2046 2603 con-

1171 2619 1311 2660 sulem
1345 2621 1446 2661 anni
1477 2620 1531 2662 27
1566 2620 1650 2674 (lv
1679 2620 1783 2677 62),
1818 2633 1916 2662 eum
1949 2634 2047 2663 esse

209 2513 336 2557 super
366 2499 553 2556 imagine
584 2500 769 2542 actionis
793 2499 971 2541 biduum
1004 2499 1085 2541 ab-

211 2564 427 2613 sumptum
455 2572 566 2601 esse.
603 2557 807 2601 Ceterum
827 2571 1084 2614 quamquam

212 2618 317 2660 licet
366 2619 512 2660 dicere
561 2632 688 2674 super
739 2631 912 2670 cenam,
959 2632 1086 2673 super

213 2677 386 2733 epulas,
435 2677 536 2720 inde
576 2677 766 2719 nondum
806 2679 1086 2733 consequitur

213 2736 348 2779 licere
400 2738 553 2779 eodem
599 2736 727 2778 modo
785 2751 913 2794 super
963 2737 1085 2788 haec,

210 2810 337 2852 super
365 2795 484 2837 illuct.

297 2856 515 2897 miseratio
546 2868 672 2909 quam
700 2855 866 2896 invidia
896 2855 1088 2910 angeba-

211 2921 309 2955 tur:
357 2927 399 2955 v,
448 2913 500 2955 ad
552 2913 651 2954 Xlll
693 2913 737 2955 6.
858 2927 905 2954 eo
960 2916 1086 2956 etiam

210 2985 411 3014 munere:
451 2973 671 3026 proprium
706 2971 898 3014 consulis
930 2985 1084 3014 munus

213 3033 254 3072 in
288 3031 519 3073 referendo
554 3036 738 3073 constat.
793 3031 970 3073 Praeter
1001 3032 1085 3073 hoc

212 3089 514 3132 secundarium
547 3089 664 3131 aliud
697 3104 851 3133 munus
875 3104 991 3132 nunc
1014 3092 1084 3132 in-

212 3149 393 3191 dicatur.
441 3149 520 3192 Ubi
555 3148 690 3191 refert
721 3150 890 3202 consul,
924 3151 1085 3205 primus

213 3209 474 3250 sententiam
506 3214 685 3264 rogatur
703 3209 855 3251 consul
876 3209 1085 3265 designa..

216 3272 300 3317 tus,
334 3271 377 3306 et
399 3266 537 3307 libera
571 3279 616 3308 re
636 3267 824 3322 publica,
849 3281 945 3309 cum
965 3268 1086 3310 desi-

217 3329 372 3379 gnatus
399 3336 484 3365 non
515 3331 645 3377 esset,
663 3327 866 3380 princeps
890 3333 1082 3367 senatus.

303 3383 419 3437 isque
447 3396 711 3438 praenomen
729 3392 939 3426 mutaret.-
975 3386 1085 3426 hanc

215 3442 460 3483 sentcntiae
509 3446 673 3495 partein
713 3449 934 3496 acceptam
990 3456 1087 3485 esse

216 3507 335 3555 patet
371 3514 423 3541 ex
457 3503 548 3554 ipsa
581 3499 713 3541 'l'aciti
755 3503 1003 3542 narratione
1045 3507 1087 3541 et

219 3560 496 3600 confirmatur
543 3559 697 3600 Dionis
739 3560 835 3601 loco
881 3560 971 3600 Lux
1015 3563 1086 3609 20,

219 3618 291 3660 ubi
322 3619 370 3661 L.
403 3619 523 3671 Piso,
570 3617 647 3660 Cn.
682 3617 851 3661 Pisonis
883 3624 927 3661 et
957 3618 1088 3660 Plan-

222 3676 345 3719 cinae
373 3677 509 3731 lilius‚
554 3677 743 3720 Africam
777 3678 855 3721 sub
889 3674 1090 3738 Caligula

1173 2678 1245 2733 qui
1277 2691 1392 2720 nunc
1428 2679 1566 2721 Gnaei
1599 2679 1773 2720 nomine
1805 2686 2005 2722 vocatur.

1260 2735 1364 2791 Cap.
1416 2737 1482 2780 18.
1547 2738 1632 2780 Iuli
1670 2737 1871 2780 Antonii:
1922 2740 1967 2780 in
2008 2740 2048 2781 M

1172 2802 1399 2850 peccatum
1431 2797 1528 2838 iulii
1558 2796 1825 2838 assimilandi
1870 2798 2048 2840 aberra-

1174 2856 1282 2896 tioni
1326 2855 1626 2909 tribuendum,
1678 2862 1724 2896 ut
1765 2856 1782 2896 1
1827 2857 1879 2899 10
1921 2855 2047 2898 iulios

1172 2920 1271 2969 post
1323 2927 1627 2971 praegressum
1679 2915 1841 2956 ibidem
1887 2927 2046 2957 nomen

1171 2973 1398 3029 Egnatius,
1416 2974 1476 3016 lv
1494 2974 1552 3017 44
1566 2974 1670 3017 iulio
1687 2980 1788 3016 ante
1804 2976 2046 3028 proximum

1170 3032 1373 3074 Antonin.
1422 3033 1631 3076 Omnibus
1656 3033 1723 3075 his
1755 3033 1865 3075 locis
1898 3046 2046 3076 veram

1170 3091 1359 3133 nominis
1421 3093 1601 3135 sormam
1663 3093 1795 3134 tacite
1856 3093 2047 3134 restituit

1171 3151 1357 3205 Lipsius.

1259 3209 1363 3263 Cap.
1420 3210 1486 3251 19.
1550 3210 1665 3265 apud
1712 3209 1807 3251 illos
1857 3209 2046 3249 homines

1172 3270 1243 3322 qui
1290 3275 1375 3308 tum
1429 3267 1644 3322 aqebant:
1698 3269 1876 3323 antique
1936 3267 2046 3308 haec

1170 3327 1358 3379 scripsit.
1424 3324 1550 3366 Conf.
1602 3325 1732 3366 Ennii
1781 3324 1894 3380 apud
1952 3323 2044 3367 Cic.

1171 3385 1276 3425 Brut
1309 3398 1346 3426 c.
1385 3384 1436 3425 15
1473 3396 1657 3424 versus:
1705 3385 1742 3425 is
1784 3384 1920 3425 dictus
1952 3382 2047 3425 ollis

1167 3442 1442 3498 popularibus
1473 3441 1596 3493 olim,
1630 3445 1699 3497 qui
1730 3450 1815 3484 tum
1851 3443 2048 3484 vivebant

1172 3501 1360 3542 'tornines
1393 3507 1517 3555 atque
1534 3516 1681 3543 aevom
1703 3503 1940 3557 afflabunt,
1971 3503 2047 3556 [los

1174 3559 1381 3601 delibatus
1409 3560 1569 3617 populi.

1244 3619 1346 3661 urbe
1363 3634 1576 3676 egressas.-
1605 3621 1808 3676 ‘quaeras
1830 3632 1915 3676 quo
1937 3619 2046 3662 haec

1174 3680 1369 3735 egressio
1393 3685 1435 3722 et
1453 3679 1646 3724 reditio?
1676 3679 1740 3723 Ad
1764 3685 1927 3722 morem
1952 3678 2045 3735 pri-
