2280 4004
124 59 156 122 Ῐ4
173 69 184 111 j
268 68 309 129 ἐξ»
323 122 326 125 ,
346 72 363 90 ‘'
396 118 399 121 .
504 50 583 119 ste
624 70 765 157 ³6spss
794 96 817 117 ε.
903 64 906 68 ’
927 66 978 101 “⁹²
996 34 1116 100 ήκω
1142 68 1174 91 ⁴*
1190 83 1198 104 ³
1242 91 1252 96 ·’

119 125 131 140 r
258 124 260 127 ·
311 126 314 128 ·
341 124 352 133 -·
368 121 402 141 ..τ
663 123 673 126 ⁴
730 124 745 151 ,s
1154 126 1157 127 ν
1216 123 1220 126 ·

134 156 146 163 a
363 160 367 163 .
399 161 411 166 ,.
426 162 483 166 ,,...,.
497 161 531 169 „er
542 154 598 166 ΓΛ,
668 157 685 170 *²

225 272 315 330 122
994 287 1284 332 ANNAmvu
1787 306 1827 338 a.
1858 299 1904 338 u.
1939 287 2041 342 ⁷69.

224 427 589 493 expectabunt,
649 427 746 479 sihi
797 427 1000 495 ignavi,
1062 428 1211 480 nobis
1260 429 1481 496 gra-ves?
1538 431 1692 484 *Haec
1727 434 2045 502 atquetalia,

224 533 521 586 quamquam
553 533 661 570 cum
694 519 916 570 adsensu
941 517 1110 571 audita
1138 521 1200 571 ab
1227 520 1290 571 iis
1326 521 1508 587 quibus
1536 522 1705 574 omnia
1746 523 2046 591 principum,

222 609 435 661 honesta
471 615 619 675 atque
656 594 951 674 inhonesta,
1015 611 1225 675 laudare
1265 625 1376 663 mos
1415 617 1519 676 est,
1557 613 1729 678 plures
1764 626 1858 680 per
1889 613 2054 666 silen-

220 701 342 753 tium
380 706 464 754 aut
501 701 751 753 occultum
787 716 1012 754 murmur
1047 714 1314 769 excepere.
1393 702 1661 772 Sensitque
1697 703 1959 769 Tiberius3
1985 709 2052 757 ‘et

183 807 333 850 5cum
368 792 568 858 paulum
603 793 921 858 reticuisset,
970 794 1181 846 Hortalo
1219 808 1277 846 se
1309 796 1641 862 respondisse
1681 797 1783 848 ait:
1826 800 2049 848 ceterum

218 882 263 934 si
300 882 525 948 patribus
563 883 852 948 videretur,
914 884 1143 936 daturum
1182 884 1359 936 liberis
1414 886 1522 938 eius
1574 886 1770 939 ducena
1811 887 2048 939 sestertia

217 972 464 1040 singulis,
528 974 611 1039 qui
650 989 802 1026 sexus
839 975 1000 1027 virilis
1039 982 1226 1028 essent.
1299 977 1467 1044 Egere
1517 977 1602 1029 alii
1641 982 1849 1045 grates:
1908 977 2052 1030 siluit

216 1063 482 1128 Hortalus,
533 1076 752 1130 pavore,
808 1080 872 1116 an
911 1067 1076 1117 avitae
1114 1067 1391 1119 nobilitatis
1425 1068 1574 1120 etiam
1612 1068 1747 1119 inter
1782 1069 2049 1136 angustias

216 1155 452 1206 fortunae
508 1157 751 1208 retinens.
850 1157 1026 1223 Neque
1073 1159 1342 1211 miseratus
1402 1165 1479 1211 est
1526 1159 1742 1225 posthac
1795 1159 2045 1224 Tiberius,

156 1246 445 1314 loquamvis
486 1246 665 1297 domus
704 1247 963 1299 Hortensii
1000 1249 1288 1314 pudendam
1327 1250 1391 1301 ad
1442 1250 1664 1316 inopiam
1702 1248 2043 1302 delaberetur.

354 1336 548 1389 Eodem
575 1351 707 1389 anno
737 1339 974 1405 mancipii
1004 1340 1153 1392 unius
1183 1340 1414 1405 audacia,
1447 1341 1498 1391 ni
1526 1346 1722 1392 mature
1745 1341 2046 1392 subventum
2059 1346 2131 1394 39

216 1427 376 1491 foret,
415 1428 690 1480 discordiis
731 1431 985 1495 armisque
1021 1431 1255 1483 civilibus
1292 1444 1401 1482 rem
1438 1431 1691 1497 publicam
1724 1430 2043 1497 perculisset.

213 1517 432 1569 Postumi
472 1518 733 1586 Agrippae
780 1535 988 1585 servuS,
1042 1522 1248 1573 nomine
1303 1510 1569 1586 Clemens,
1634 1526 1894 1587 comperto
1946 1521 2051 1575 fine

212 1608 431 1677 Augusti
457 1622 676 1677 pergere
709 1610 760 1660 in
796 1610 1010 1662 insulam
1038 1610 1319 1663 Planasiam
1357 1617 1407 1662 et
1436 1611 1616 1663 fraude
1657 1617 1742 1662 aut
1773 1612 1825 1662 vi
1850 1615 2047 1678 raptum

152 1711 198 1749 15
213 1700 490 1768 Agrippam
543 1701 680 1753 ferre
733 1702 796 1753 ad
836 1703 1090 1754 exercitus
1127 1703 1459 1755 Germanicos
1513 1716 1616 1754 non
1655 1702 1829 1754 servili
1876 1702 2049 1753 animo

214 1793 463 1858 concepit.
562 1792 701 1844 Ausa
767 1794 876 1845 eius
941 1794 1203 1860 impedivit
1269 1795 1483 1845 tarditas
1546 1794 1816 1846 onerariae
1870 1793 2017 1845 navis
2030 1810 2045 1856 3

211 1888 361 1951 atque
398 1883 599 1934 interim
635 1889 829 1949 patrata
871 1885 1058 1949 caede,
1112 1885 1175 1935 ad
1215 1885 1409 1936 maiora
1458 1889 1509 1935 et
1542 1884 1706 1951 magis
1746 1883 2044 1950 praecipitia

211 1988 491 2026 conversus
529 1975 724 2027 furatur
759 1977 977 2041 cinereS,
1017 1979 1295 2042 vectusque
1308 1976 1506 2027 ..Cosam
1534 1975 1767 2027 Etruriae
1801 1986 2048 2041 promun-

212 2066 396 2116 torium
451 2066 642 2133 ignotiS
691 2066 823 2118 locis
862 2082 981 2119 sese
1033 2068 1199 2131 abdit,
1263 2067 1430 2118 donec
1487 2067 1679 2118 crinem
1735 2065 2046 2132 barbamque

148 2156 557 2224 nopromitteret:
596 2172 712 2209 nam
757 2162 922 2210 aet-ate
962 2163 1011 2209 et
1049 2158 1212 2209 forma
1253 2157 1389 2209 haud
1431 2157 1665 2210 dissimili
1698 2157 1751 2207 in
1790 2156 2048 2208 dominum

212 2254 335 2300 erat.
411 2250 530 2300 Tum
566 2264 658 2315 per
688 2250 904 2302 idoneos
941 2254 990 2301 et
1015 2250 1202 2301 secreti
1233 2250 1341 2300 eius
1369 2249 1543 2300 socios
1569 2248 1849 2300 crebrescit
1871 2250 2048 2299 vivere

210 2338 506 2406 Agrippam,
547 2340 760 2392 occultis
794 2341 1008 2406 primum
1046 2340 1387 2404 sermonibUS,
1427 2345 1481 2390 ut
1517 2337 1674 2390 vetita
1705 2338 1889 2403 solent,
1927 2353 2048 2390 mox

210 2446 345 2500 vago
396 2445 601 2484 rumore
649 2431 780 2498 apud
839 2432 1202 2500 imperitissimi
1267 2431 1511 2496 cuiusque
1561 2434 1820 2496 promptas
1873 2440 2043 2493 aurosi,

329 2601 370 2642 2.
404 2600 457 2639 iis
479 2598 533 2651 M,
566 2611 653 2639 non
686 2599 767 2641 kis.
830 2600 873 2641 3.
907 2599 1105 2656 honesta]
1126 2599 1307 2641 adnata
1336 2598 1391 2640 M.
1454 2598 1497 2640 4.
1532 2597 1732 2652 excipere
1753 2595 1820 2638 M:
1854 2597 2049 2639 correxit

209 2657 466 2699 Beroaldus,
588 2659 630 2700 8.
669 2657 891 2714 Hortalus]
928 2664 1061 2712 postr.
1107 2658 1208 2711 syll.
1251 2659 1296 2698 in
1326 2658 1366 2699 M
1401 2663 1467 2699 est
1500 2671 1523 2698 e
1558 2668 1668 2698 corr.
1787 2668 1955 2712 pacare
1986 2655 2041 2698 M.

214 2717 281 2759 10.
317 2716 584 2757 ditabat-etur
601 2717 655 2769 M,
678 2717 941 2762 dilaberetur
958 2716 1223 2759 Beroaldus:
1257 2716 1528 2759 delaberetur
1559 2715 1804 2757 Ernestius.
1871 2716 1942 2758 11.
1961 2728 2046 2756 au-

210 2774 331 2817 datia
348 2776 403 2817 M.
468 2784 721 2818 nematurae
745 2776 808 2818 M:
843 2778 1036 2818 correxit
1051 2776 1307 2819 Beroaldus.
1374 2778 1442 2819 13.
1478 2775 1676 2831 conp.M.
1745 2776 1813 2817 14.
1846 2774 1973 2829 frude
1987 2773 2043 2816 M.

214 2833 281 2876 16.
317 2835 405 2891 inp.
441 2835 495 2876 M.
611 2837 676 2878 17.
708 2842 871 2892 parata
905 2836 968 2877 M:
1014 2837 1146 2877 tacite
1195 2835 1384 2878 correxit
1415 2835 1668 2877 Rhenanus.
1787 2833 1957 2889 precip.
1987 2832 2043 2875 M.

213 2892 282 2934 18.
322 2908 471 2934 coram
501 2906 618 2936 nunc
650 2895 702 2947 M,
737 2895 925 2941 fortasse
957 2907 1006 2949 pr
1039 2895 1077 2937 M
1113 2895 1283 2948 Cosam,
1322 2900 1368 2935 ut
1400 2894 1654 2936 emendavit
1685 2892 1874 2947 Lipsius.
1934 2905 2046 2948 pro-

207 2954 469 2994 munturium
501 2954 555 2995 M.
600 2953 714 2996 idem
757 2955 786 2996 4
816 2954 870 2996 67
910 2955 1214 3010 premuniti-ii,
1260 2955 1288 2997 6
1321 2954 1379 2997 50
1413 2953 1784 3009 promunturium,
1824 2949 1893 2993 Ma
1934 2951 1989 2995 14
2018 2953 2048 2994 4

203 3013 561 3067 promarum-ium,
603 3014 655 3055 15
686 3012 743 3055 46
772 3015 1129 3069 promunturium.
1205 3015 1276 3056 20.
1312 3013 1415 3053 haut
1447 3012 1501 3053 M.
1580 3014 1652 3054 22.
1685 3009 1958 3053 sermonilius
1988 3006 2044 3052 Μ.

209 3071 280 3113 23.
313 3085 450 3128 mayor
479 3085 627 3114 umore
659 3072 713 3114 M.
806 3080 907 3129 aput
939 3073 992 3113 M.
1083 3074 1172 3128 inp.
1207 3072 1262 3113 M.
1349 3078 1542 3127 promtus
1574 3071 1629 3111 M.

308 3200 506 3241 daturum
569 3199 714 3241 liberis
774 3200 863 3240 eius
920 3199 1088 3240 ducena
1171 3199 1337 3240 faciunt
1381 3198 1619 3240 Suetonius
1662 3196 1804 3238 Tiber.
1838 3197 1921 3250 25,
1960 3195 2045 3239 Dio

209 3260 406 3301 sestertia
461 3259 664 3315 sinyulis:
717 3271 873 3300 census
921 3260 958 3299 is
1003 3259 1089 3300 fuit
1172 3257 1282 3299 LVII
1318 3257 1387 3300 16.

211 3319 543 3360 ducenariorum
584 3319 787 3374 (Sueton.
828 3318 944 3373 Aug.
985 3319 1084 3373 32),
1260 3316 1445 3358 Postumi
1464 3315 1684 3371 Agrippae
1698 3328 1859 3367 servus,
1874 3315 2046 3356 nomine

210 3378 254 3417 in
287 3385 437 3432 quarta
471 3378 647 3419 decuria
682 3377 982 3419 iudicantium.
1172 3376 1391 3417 Clemens.-
1443 3375 1677 3415 Suetonius
1731 3373 1760 3415 l.
1813 3388 1850 3416 c.
1899 3387 2045 3415 servus

304 3436 408 3489 Cap.
429 3437 500 3478 39.
545 3439 688 3478 eodem
705 3451 846 3477 anno.-
881 3436 934 3477 ad
954 3436 1080 3477 finem
1170 3436 1405 3490 Ayrippae,
1439 3433 1633 3475 Clemens
1664 3434 1847 3474 nomine.
1914 3430 2039 3473 Gonf.

211 3493 379 3536 annalis
422 3494 632 3537 historiae
670 3508 929 3551 progressus
970 3506 1083 3537 non-
1170 3494 1223 3535 ad
1255 3495 1270 3535 l
1304 3494 1345 3536 5.

211 3553 332 3595 nulla
385 3553 500 3594 haud
559 3557 755 3595 continui
813 3556 978 3596 tenoris
1040 3557 1084 3595 in
1255 3553 1643 3608 furaturcimres:
1677 3551 1721 3591 id
1742 3549 1865 3591 vafer
1889 3560 2042 3590 servus

212 3612 562 3666 supplementum
619 3613 751 3655 addit.
793 3613 920 3656 Conf.
968 3613 1083 3656 dieta
1169 3613 1361 3654 fecitne
1394 3611 1557 3654 fraudis
1586 3609 1790 3651 convinci
1807 3606 2041 3650 manifesto

213 3670 266 3713 ad
291 3670 308 3712 1
336 3671 406 3713 53.
441 3670 792 3726 FalsiAgrippae
815 3674 1082 3714 mentionem
1169 3671 1429 3713 documento
1462 3673 1624 3722 posset.
