2280 4004
190 295 217 330 a
249 285 298 330 G.
330 287 431 331 35⁰.
757 284 922 329 LIBER
953 282 1030 329 vl.
1093 283 1200 329 Cu.
1228 281 1425 329 37—39.
1924 283 2012 324 353

110 445 115 448 ’
193 433 388 495 tempus
422 443 603 495 preces
644 428 799 482 satias
835 428 1147 498 mitigabant,
1192 429 1311 495 quin
1346 429 1541 481 incerta
1574 427 1656 479 vel
1695 426 1882 479 ab‘olita
1918 439 2011 491 pro

195 520 512 587 gravissimis
569 525 618 571 et
662 521 951 572 recentibus
999 521 1212 587 puniret.
1296 521 1372 572 Eo
1421 525 1556 572 metu
1603 518 1858 571 Fulcinius
1896 517 2014 568 Trio

196 611 479 678 ing-ruentis
516 617 842 663 accusatores
878 612 1012 663 haud
1041 627 1328 678 perpessuS,
1369 611 1617 678 supremis
1646 610 1829 662 tabulis
1863 608 2018 660 multa

199 706 249 753 et
284 701 478 752 atrocia
531 701 583 751 in
619 703 909 754 Macronem
968 719 1029 754 ac
1083 703 1388 769 praecipuos
1442 703 1740 754 libertorum
1783 701 2018 753 Caesaris

199 790 512 856 composuit,
566 791 661 857 ipsi
700 792 882 843 fluxam
938 793 1082 844 senio
1135 798 1351 844 mentem
1397 798 1444 844 et
1489 793 1727 844 continuo
1776 792 2059 844 abscessus

196 878 333 930 velut
367 880 572 931 exilium
608 881 931 933 obiectandO.
1007 883 1147 944 Quae
1185 883 1247 933 ab
1284 883 1559 934 heredibus
1595 883 1846 934 occultata
1882 882 2023 933 reci-

197 971 295 1028 tari
333 970 562 1022 Tiberius
598 970 772 1035 iussit,
830 971 1121 1036 patientiam
1158 971 1406 1023 libertatis
1442 971 1640 1023 alienae
1677 976 1936 1023 ostentans
1974 974 2024 1021 et

203 1066 518 1128 contemptor
566 1077 692 1114 suae
726 1063 1000 1127 infamiae,
1064 1079 1128 1114 an
1178 1064 1428 1115 scelerum
1468 1064 1640 1116 Seiani
1677 1063 1762 1114 diu
1799 1062 2021 1125 nesciuS,

196 1165 318 1204 mox
365 1167 566 1218 quoquo
616 1153 768 1204 modo
812 1153 945 1204 dicta
983 1153 1183 1220 vulgari
1221 1154 1463 1218 malebat,
1525 1153 1878 1219 veritatisque,
1944 1152 2024 1202 cui

200 1242 422 1294 adulatio
461 1241 634 1307 officit,
672 1257 765 1307 per
788 1241 973 1307 probra
1011 1242 1188 1294 saltem
1222 1257 1412 1309 gnarus
1440 1241 1567 1293 fieri.
1644 1242 1808 1292 Isdem
1845 1241 2023 1292 diebus
2045 1249 2090 1284 ιθ

203 1329 420 1381 Granius
455 1329 741 1382 Marcianus
779 1335 1004 1395 senator,
1046 1346 1075 1380 a
1105 1329 1230 1381 Gaio
1263 1329 1494 1381 Graccho
1531 1330 1808 1382 maiestatis
1848 1336 2027 1397 postu—

201 1420 365 1485 latus,
422 1420 524 1471 vim
575 1418 712 1469 vitae
765 1434 889 1470 suae
929 1418 1090 1470 attulit
1103 1437 1117 1483 ;
1173 1419 1452 1484 Tariusque
1488 1418 1757 1471 Gratianus
1792 1425 2028 1486 praetura

205 1511 406 1562 functus
463 1510 580 1577 lege
647 1509 825 1561 eadem
904 1514 1180 1562 extremum
1248 1510 1311 1561 ad
1384 1510 1682 1577 supplicium
1746 1511 2028 1562 damnatus.

121 1603 310 1655 :39Nec
363 1602 594 1668 dispares
640 1600 943 1652 Trebellieni
1010 1600 1119 1652 Rufi
1183 1606 1232 1652 et
1301 1602 1457 1654 Sextii
1506 1602 1779 1654 Paconiani
1838 1601 2031 1653 exitus:

206 1707 324 1744 nam
363 1692 710 1744 Trebellienus
753 1708 844 1744 sua
895 1708 1045 1744 manu
1083 1693 1299 1758 cecidit,
1356 1693 1671 1745 Paconianus
1724 1693 1776 1743 in
1823 1702 2096 1744 carcerem

209 1783 274 1834 ob
314 1782 540 1834 carmina
573 1782 676 1834 illic
704 1782 755 1832 in
791 1782 1069 1849 principem
1109 1781 1334 1833 factitata
1363 1782 1705 1850 strangulatus
1745 1788 1836 1835 est.
1894 1784 2034 1835 Haec

199 1873 440 1926 ‚Tiberius
475 1887 579 1924 non
615 1872 772 1938 mari,
831 1876 886 1922 ut
927 1870 1075 1936 olim,
1128 1871 1350 1938 divisus,
1397 1887 1564 1939 neque
1594 1887 1688 1939 per
1726 1872 2035 1940 longinquos

209 1964 413 2015 nuntios
450 1963 749 2029 accipiebat,
788 1962 882 2014 sed
917 1962 1094 2014 urbem
1130 1962 1285 2029 iuxta,
1325 1963 1505 2015 eodem
1543 1968 1598 2014 ut
1631 1963 1714 2015 die
1749 1964 1832 2016 vel
1869 1964 2036 2015 noctis

210 2055 478 2106 interiectu
530 2053 712 2105 litteris
755 2051 1017 2104 consulum
1066 2054 1406 2119 rescriberet,
1465 2052 1610 2120 quasi
1648 2054 1902 2120 aspiciens
1938 2069 2038 2106 un-

215 2145 416 2196 dantem
455 2159 549 2211 per
587 2143 767 2196 domos
804 2144 1106 2212 sanguinem
1144 2150 1229 2196 aut
1265 2159 1442 2196 manus
1479 2143 1786 2196 carnificum.
2051 2151 2102 2187 2⁰

354 2236 476 2288 Fine
513 2235 632 2287 anni
661 2236 920 2302 Poppaeus
952 2236 1170 2289 Sabinus
1210 2239 1468 2291 concessit
1501 2239 1622 2304 vita,
1661 2235 1893 2288 modicus
1932 2235 2042 2286 ori-

214 2326 376 2393 ginis,
452 2325 733 2394 principum
780 2324 1000 2377 amicitia
1050 2326 1365 2379 consulatum
1424 2342 1485 2379 ac
1535 2324 1834 2393 triumphale
1885 2323 2041 2376 decus

216 2414 459 2480 adeptuS,
501 2414 832 2480 maximisque
868 2415 1145 2481 provinciis
1182 2431 1275 2482 per
1307 2422 1542 2482 quattuor
1577 2422 1627 2468 et
1661 2415 1842 2482 viginti
1879 2428 2042 2466 annos

215 2501 509 2568 impositus,
547 2502 734 2554 nullam
773 2502 838 2554 ob
875 2503 1110 2555 eximiam
1148 2510 1334 2571 artem,
1390 2506 1482 2558 sed
1522 2506 1656 2573 quod
1692 2522 1785 2574 par
1818 2505 2044 2575 negotiis

222 2605 388 2657 neque
430 2589 582 2658 supra
619 2596 744 2644 erat.
2065 2611 2113 2649 25

343 2778 381 2819 1.
414 2777 558 2818 socias
590 2777 646 2820 Μ.
730 2781 774 2824 3.
808 2778 896 2820 hau
925 2779 980 2821 M.

221 2834 319 2875 nius
348 2835 390 2876 M
423 2838 536 2891 (non
566 2841 771 2892 ymnus).
866 2838 916 2879 G.
953 2838 1008 2880 M.

223 2892 377 2936 roaldi.
471 2895 543 2937 21.
571 2895 806 2951 poppaeius
839 2897 880 2952 (i
914 2901 1077 2950 puncto
1109 2902 1343 2954 notatum).

1064 2781 1105 2823 5.
1140 2793 1263 2835 conp.
1297 2779 1352 2822 M.
1441 2782 1508 2824 10.
1544 2782 1670 2824 Istem
1702 2782 1756 2825 M.
1838 2785 1906 2825 11.
1939 2796 2048 2839 qra-

1105 2840 1175 2882 12.
1215 2838 1445 2893 Tariusque
1476 2840 1542 2894 M,
1575 2853 1662 2882 non
1703 2841 1926 2898 Tatiusque
1957 2842 2048 2886 Be-

1432 2901 1503 2943 24.
1537 2900 1626 2957 inp.
1661 2900 1716 2942 Μ.

226 3066 282 3094 ne
312 3052 448 3095 divisa
477 3052 597 3096 baud
631 3056 813 3111 perinde
851 3058 910 3099 aa
937 3071 1098 3100 memo-

228 3113 342 3153 riam
370 3114 437 3155 sui
455 3113 663 3156 valerent.
728 3115 980 3170 Simplicius
1007 3119 1100 3174 egit

227 3169 325 3212 xm
367 3171 418 3213 9:
475 3186 583 3240 quae
629 3174 685 3242 'in
747 3175 857 3217 alios
905 3177 1100 3219 consules

229 3242 704 3331 εθγῗιιεῖἑίιῖἕιῗςιῗᾚ.-
717 3289 835 3333 haud
847 3306 1072 3348 perpessus
1085 3307 1099 3335 .·

224 3359 449 3403 perpessus
471 3353 538 3389 est
555 3360 706 3402 passus
724 3362 862 3404 usque
887 3351 940 3392 ad
954 3352 1100 3394 finem.

229 3404 298 3447 Cf.
335 3405 370 3447 V
407 3407 483 3458 11,
529 3406 588 3448 VI
618 3406 663 3449 4.
737 3407 820 3449 Dio
851 3408 987 3452 Lv111
1017 3412 1100 3454 22:

1183 3059 1323 3102 donec
1355 3059 1518 3102 indicio
1542 3060 1706 3102 Baiteri
1735 3062 1964 3116 Tariusque
1997 3075 2052 3103 ex

1183 3119 1220 3160 M
1243 3118 1363 3160 dedit
1389 3119 1595 3172 Orellius,
1627 3121 1798 3160 Tariam
1821 3122 2052 3161 memorari

1184 3177 1298 3231 apud
1327 3178 1607 3219 Muratorium
1653 3179 1764 3220 1470
1796 3178 1819 3220 7
1853 3190 2050 3220 monens.

1255 3233 1360 3290 Cap.
1380 3236 1452 3278 39.
1492 3237 1766 3277 Paconianus
1781 3237 1829 3276 in
1846 3250 2052 3279 carcere:

1184 3299 1467 3348 posteaquam
1503 3292 1701 3335 Caesaris
1747 3294 1906 3335 litteris
1947 3308 2052 3349 per-

1186 3352 1332 3393 culsus
1366 3358 1431 3393 est
1464 3351 1548 3406 (VI
1578 3353 1744 3409 3—4)‚
1787 3353 2055 3396 attinebatur

1190 3412 1235 3451 in
1255 3423 1447 3453 carcere.
1556 3411 1703 3452 urbem
1719 3412 1868 3452 iuoeta:
1900 3425 2054 3456 versa-

228 3470 561 3523 κατγηορηθείς
584 3480 629 3510 τε
646 3467 887 3524 παρεδόθη
907 3473 985 3512 καὶ
1007 3469 1104 3511 δεί-

233 3537 319 3572 σας
349 3521 520 3569 ἑαυτὸν
550 3531 906 3580 προαπέκτεινε.

323 3582 552 3638 Tariusque
573 3585 821 3627 Gratianus.
861 3585 1102 3629 Beroaldus

239 3637 456 3697 Tatiusque
477 3643 672 3686 ediderat
696 3643 827 3702 idque
847 3646 1101 3702 permansit,

320 3735 468 3774 'ratenus
493 3739 510 3779 1

1190 3469 1317 3511 batur
1349 3475 1453 3510 tunc
1472 3469 1615 3521 Antii;
1646 3482 1690 3512 v.
1723 3469 1807 3511 Dio
1825 3470 2053 3516 LV11125.

1271 3529 1358 3582 fine
1389 3530 1519 3570 anm':
1563 3528 1620 3571 οἱ.
1653 3534 1801 3572 annot.
1845 3530 1899 3572 ad
1930 3531 1949 3573 1
1980 3532 2053 3574 53.

1190 3586 1339 3630 Sabini
1370 3593 1553 3629 mortem
1593 3594 1638 3629 et
1679 3587 1938 3634 felicitatem
1968 3589 2054 3633 Dio

1187 3647 1340 3705 paucis
1373 3646 1502 3692 tradit
1532 3646 1671 3692 Lvm
1702 3647 1775 3693 25.

1671 3727 1736 3785 23
