2280 4004
222 438 563 493 Romanorum
601 438 824 490 ultimum
862 437 1093 490 dixisset.

223 534 273 584 et
310 530 537 581 Pinarius
573 531 749 594 Natta,
803 528 975 581 Seiani
1034 529 1262 582 clientes,

999 292 1211 337 'ANNALI
1218 290 1295 337 VM

652 29 742 99 sn,
796 88 805 94 ,
888 36 1185 135 Νςιίηἶῑ
1266 36 1315 103 s
1386 27 1554 107 Galle)
1631 6 1842 98 afim-'2
1907 4 1974 76 R
2026 15 2275 112 CeffC-,j

1716 324 1723 334 «
1772 295 1834 342 ἀ.
1865 295 1911 341 ι’.
1939 292 2046 345 218.

1187 438 1515 493 Accusabant
1552 373 1748 492 Sffis
1775 438 2058 495 ‘Soeundus

1338 529 1392 582 Id
1441 530 1774 597 perniciabile
1818 542 1940 596 reo,
1995 537 2051 587 et

222 621 412 676 Caesar
450 621 579 671 truci
625 620 762 673 vultu
818 608 1168 678 defensionem
1209 621 1466 688 accipiens
1486 639 1501 687 ς
1561 637 1708 689 quam
1748 621 2058 689 Cremutius,¹

219 710 585 778 relinquendae
612 711 745 762 vitae
783 716 968 777 certus,
999 712 1052 763 in
1087 712 1219 764 hunc
1254 712 1457 765 modum
1493 727 1708 766 exorsus
1737 717 1839 766 est:
1870 711 2051 770 ‘verba

183 818 360 868 smea,
402 807 573 869 patres
615 803 921 869 conscripti,
964 809 1278 871 arguuntur3
1339 803 1470 856 adeo
1513 805 1762 857 sactorum
1798 804 2047 861 innocens

218 909 344 947 sum.
419 893 518 950 Sed
557 909 723 961 neque
773 895 902 970 haec
948 896 1000 946 in
1046 896 1326 963 principem
1367 901 1451 947 aut
1487 896 1730 964 principis
1770 900 2047 964 parentem,

218 999 345 1052 quos
378 985 461 1037 lex
491 986 766 1038 maiestatis
793 987 1136 1054 amplectitur:
1177 988 1381 1040 Brutum
1420 991 1470 1041 et
1497 987 1726 1041 Cassium
1756 987 2050 1042 laudavisse

217 1075 390 1142 dicor,
458 1091 669 1143 quorum
707 1092 792 1129 res
832 1083 1006 1146 gestas
1047 1093 1160 1130 cum
1195 1079 1396 1146 plurimi
1433 1080 1838 1147 composuerint,
1895 1095 2047 1133 nemo

216 1167 328 1220 sine
373 1167 570 1220 honore
616 1170 931 1222 memoravit.

1031 1171 1168 1223 Titus
1204 1171 1404 1238 LiviuS,
1455 1171 1776 1239 eloquentiae
1825 1187 1887 1223 ac
1929 1171 2049 1224 fidei

156 1259 510 1327 topi-aeclarus
549 1260 599 1310 in
636 1261 841 1327 primis,
886 1260 1111 1314 Gnaeum
1145 1263 1436 1329 Pompeium
1476 1263 1627 1316 tantis
1668 1263 1903 1316 laudibus
1938 1262 2049 1315 tulit

214 1356 269 1401 ut
305 1351 660 1418 Pompeianum
705 1368 817 1406 eum
856 1353 1116 1421 Augustus
1156 1355 1460 1421 appellaret3
1497 1369 1664 1422 neque
1706 1355 1758 1407 id
1794 1355 2048 1411 amicitiae

215 1457 392 1494 eorum
433 1442 620 1495 offecit.

697 1444 1019 1511 Scipionem,
1075 1444 1368 1512 Afranium,
1430 1446 1563 1498 hunc
1597 1446 2068 1513 ipsum.Cassium,.

213 1533 349 1587 hune
383 1534 587 1587 Brutum
622 1550 868 1603 nusquam
909 1537 1134 1590 latrones
1174 1543 1223 1590 et
1256 1537 1570 1605 parricidaS,
1611 1551 1741 1605 quae
1777 1553 1913 1591 nunc
1949 1554 2050 1591 vo·-

215 1626 395 1678 cabula
433 1627 781 1694 imponuntur,
843 1644 999 1696 saepe
1040 1634 1094 1681 ut
1122 1629 1347 1698 insignis
1386 1629 1526 1682 viros
1563 1629 1806 1682 nominat.

1880 1629 2048 1687 Asinii

151 1716 453 1777 isPollionis
518 1720 707 1786 scripta
780 1722 1043 1792 egregiam
1112 1722 1391 1775 eorundem
1453 1722 1751 1774 memoriam
1814 1722 2047 1787 tradunt3

211 1809 427 1865 Messala
484 1811 735 1866 Corvinus
799 1812 1156 1881 imperatorem
1209 1829 1353 1867 suum
1400 1813 1632 1866 Cassium
1684 1813 2044 1881 praedicabat:

327 1983 369 2024 2.
392 1981 679 2038 permitiabile
699 1983 752 2024 M.
818 1984 859 2027 5.
891 1983 938 2025 P.
975 1982 1023 2026 Ο.
1048 1983 1102 2026 M.
1166 1984 1208 2027 8.
1244 1997 1339 2027 cum
1366 1983 1591 2040 posuerint
1611 1983 1667 2026 M.
1735 1984 1805 2027 10.
1839 1982 1888 2026 G.
1911 1983 1965 2027 N.
1987 1984 2042 2027 M.

212 2040 279 2085 13.
308 2048 482 2098 pratum
514 2042 566 2084 M.

208 2100 324 2158 siqrii
351 2100 406 2143 M.
475 2101 543 2145 16.
581 2101 788 2145 Messalla
820 2103 875 2145 M.

327 2257 519 2301 latrones
557 2268 595 2303 et
647 2262 919 2317 parricidas,
975 2274 1082 2317 quae

208 2331 324 2359 nunc
365 2319 574 2361 vocabula
612 2321 914 2376 imponuntur:
964 2321 1083 2365 conf.

212 2377 378 2419 valerii
413 2378 587 2420 Maximi
621 2382 695 2435 qui
728 2382 840 2422 vixit
874 2380 942 2422 his
975 2382 1081 2435 ipsis

209 2437 480 2492 temporibus
513 2438 530 2480 Ι
563 2439 590 2482 6
627 2441 701 2482 13:
750 2442 891 2496 erupit
930 2440 1082 2482 deinde

210 2511 356 2539 eorum
397 2499 717 2553 parricidium,
775 2501 846 2556 qui
895 2500 992 2541 dum
1043 2508 1083 2542 te

210 2555 491 2614 (Caesarem)
527 2559 743 2600 hominum
773 2573 949 2601 numero
981 2560 1082 2601 sub-

163 2627 165 2629 *
209 2615 383 2656 trahere
441 2616 616 2669 volunt,
670 2618 844 2660 deorum
897 2619 1081 2660 concilio

209 2675 476 2716 adiecerunt.
540 2677 556 2716 1
600 2677 625 2720 5
668 2677 717 2718 7:
766 2677 912 2718 Marci
955 2679 1083 2719 etiam

208 2734 333 2777 Bruti
396 2734 548 2789 diqnus
604 2735 787 2778 admisso
839 2738 1082 2792 parricidio

210 2799 381 2835 eventus
423 2795 562 2835 omine
605 2795 850 2850 desiynatus
884 2802 957 2838 est.
1024 2796 1081 2838 vl

208 2854 239 2896 4
269 2853 318 2895 5:
355 2853 532 2895 Marcus
565 2854 722 2896 Brutus
753 2870 930 2897 suarum
959 2857 1082 2912 prius

208 2913 411 2954 virtutum
429 2926 554 2966 quam
572 2915 747 2969 patriae
762 2916 958 2971 parentis
973 2930 1084 2971 par-

208 2970 367 3013 ricida.
431 2971 506 3014 18
538 2971 592 3014 8:
637 2987 758 3027 quem
804 2974 1082 3030 (Caesarem)

213 3030 262 3073 C.
299 3030 496 3084 Cassius,
530 3045 750 3087 nimquam
781 3036 873 3075 sine
900 3037 1084 3090 praefa-

210 3091 324 3132 tione
339 3090 502 3146 publico:
525 3093 758 3147 parricidii
781 3094 1081 3145 nominandas,

211 3175 264 3183 -—-
282 3150 387 3190 vidit
403 3149 587 3192 humano
610 3152 758 3194 habitu
780 3153 1082 3209 augustiorem.

208 3208 332 3251 Adde
366 3208 429 3251 17
453 3212 495 3260 2,
531 3210 588 3251 ln
618 3212 637 3253 1
666 3212 708 3253 3.
772 3212 838 3253 Ex
871 3212 1083 3253 eiusmodi

209 3267 405 3309 fontibus
449 3269 602 3310 Florus
654 3270 694 3312 11
738 3271 793 3313 7:
843 3272 1000 3313 Brutus
1046 3279 1085 3313 et

213 3327 388 3368 Cassius
403 3353 457 3359 -—
474 3328 728 3383 libertatem,
752 3344 877 3385 quam
900 3332 1083 3372 maa-ime

209 3387 447 3428 restitutam
478 3388 718 3442 voluerunt,
751 3390 826 3431 illo
852 3391 942 3447 ipso
972 3404 1083 3446 par-

210 3445 364 3486 ricidio
392 3447 690 3502 perdiderunt.

297 3507 513 3560 rescripta
545 3511 767 3549 oratione.-
803 3508 911 3549 dnos
946 3509 1081 3550 libros

212 3562 317 3602 dicit
350 3575 459 3618 qnos
480 3562 640 3606 Caesar
673 3567 726 3607 (le
758 3568 882 3609 vitiis
906 3567 1083 3609 Catonis

213 3618 432 3663 Uticensis
466 3625 640 3678 scripsit
673 3632 715 3667 et
748 3628 923 3668 nomine
952 3627 1083 3669 Anti-

213 3682 379 3724 catonis
418 3681 566 3726 edidit.
635 3684 730 3727 Vid.
778 3685 960 3737 Quintil.
1003 3685 1079 3728 15

658 2042 909 2085 vocabulum
933 2050 1156 2100 ponuntur
1187 2043 1253 2086 M:
1305 2045 1496 2087 correxit
1527 2037 1784 2090 Beroaldus.

1868 2043 1936 2087 14.
1970 2040 2044 2086 in-

1168 2262 1240 2315 68,
1275 2262 1456 2305 Sueton.
1479 2259 1606 2304 Caes.
1631 2260 1705 2314 56,
1731 2259 1844 2304 Gen.
1876 2259 1937 2304 1v
1975 2262 2045 2315 16,

1167 2321 1388 2363 Plutarch.
1424 2320 1549 2363 Caes.
1586 2321 1657 2372 54,
1690 2319 1775 2362 Dio
1808 2320 1944 2363 xm!
1974 2323 2044 2365 13.

1167 2381 1376 2422 Priscian.
1414 2379 1473 2421 Vl
1505 2393 1548 2434 p.
1569 2377 1659 2422 694
1689 2385 1734 2420 et
1766 2381 1850 2423 717
1885 2386 1929 2422 et
1959 2381 2046 2424 740

1169 2446 1212 2482 et
1240 2439 1341 2484 960.
1407 2436 1500 2481 Cic.
1539 2438 1594 2480 ad
1623 2438 1758 2482 Attio.
1792 2438 1893 2481 xm
1925 2440 2000 2483 50.

1253 2498 1435 2541 Antonii
1475 2497 1682 2555 epistulae
1713 2523 1770 2531 -
1800 2498 1849 2540 in
1884 2497 2037 2554 Anqu-

1166 2566 1274 2601 stum
1301 2559 1492 2616 probra.-
1540 2556 1751 2613 epistolas
1782 2558 1964 2600 Antonii
2000 2563 2044 2599 et

1169 2618 1459 2660 contumelias
1491 2618 1537 2659 in
1564 2617 1813 2674 Augustum
1846 2629 2042 2660 comme-

1168 2683 1306 2719 morat
1339 2677 1574 2719 Suetonius
1606 2676 1722 2733 Aug.
1769 2678 1793 2719 7
1829 2682 1873 2736 et
1908 2676 1962 2719 16
1995 2682 2042 2718 et

1168 2737 1239 2780 63.
1302 2735 1358 2778 Et
1398 2735 1489 2778 stili
1534 2736 1766 2778 insolentis
1811 2741 1856 2778 et
1887 2735 2042 2778 lascivi

1169 2797 1415 2853 argumenti
1483 2795 1707 2850 specimen
1769 2795 2041 2850 transcripsit

1168 2855 1283 2898 idem
1316 2856 1388 2899 69.

1253 2913 1476 2957 Bibaculit
1512 2912 1695 2964 Quintil.
1726 2913 1762 2955 X
1785 2911 1903 2956 196:
1925 2913 2044 2955 wm-

1168 2976 1242 3016 bas
1274 2987 1361 3016 non
1394 2987 1498 3015 sane
1518 2986 1547 3013 a
1575 2973 1783 3014 Romanis
1802 2971 2042 3014 celebratus

1169 3041 1229 3074 est
1272 3041 1318 3075 ut
1353 3034 1578 3090 proprium
1622 3045 1749 3087 opus,
1798 3030 2046 3086 quibusdam

1170 3094 1469 3149 interpositas;
1505 3092 1623 3132 cuias
1652 3090 1874 3132 acerbitas
1886 3091 1934 3131 in
1952 3091 2043 3132 Ca-

1169 3151 1287 3203 tullo,
1320 3149 1553 3193 Bibaculo:
1586 3150 1633 3190 in
1657 3149 1855 3202 Horatio,
1887 3162 2040 3204 quam-

1169 3224 1294 3266 quam
1333 3210 1400 3251 illi
1449 3208 1602 3265 epodos
1650 3208 1906 3261 intervenit,
1957 3221 2046 3251 non

1168 3270 1419 3326 reperietur.
1471 3267 1707 3310 Diomedes
1739 3267 1796 3310 111
1815 3267 1844 3311 6
1864 3281 1907 3322 p.
1928 3267 2043 3312 482:

1170 3331 1288 3371 cuius
1322 3327 1502 3385 (iambi)
1544 3327 1775 3384 praecipui
1813 3329 2042 3383 scriptores

1168 3389 1283 3445 apud
1315 3389 1503 3430 Graecos
1534 3386 1845 3438 Archilochus,
1877 3385 2042 3440 Hippo-

1166 3463 1278 3500 παπ),
1334 3447 1449 3504 apud
1503 3447 1720 3488 Romanos
1766 3443 1956 3487 Lucil-‘m
1999 3448 2042 3483 ot

1170 3506 1364 3550 Catullus
1396 3514 1436 3547 et
1469 3506 1673 3547 Horatius
1713 3511 1753 3546 et
1796 3499 2036 3543 Bibaculus.

1167 3567 1233 3609 De
1284 3565 1497 3607 Bibaculo
1557 3565 1737 3616 copiose
1800 3558 2040 3613 disputavit

1170 3628 1221 3667 W
1225 3626 1446 3668 eichen-tus
1467 3625 1511 3665 in
1528 3622 1756 3664 Poetarum
1784 3617 2037 3661 Latinorum

1167 3684 1382 3740 Reliquiis
1414 3694 1455 3738 p.
1489 3682 1574 3726 331
1604 3691 1697 3737 sqq.
1779 3683 1818 3722 et
1843 3677 2004 3723 Catulli
2015 3691 2028 3719 .-
