2222 4022
933 291 1080 337 GArvr
1111 292 1302 337 33—34.
1916 287 2033 331 LVII

199 438 379 491 Editor
429 437 480 489 in
532 437 766 506 legendis
813 423 1041 489 veterum
1089 426 1334 488 librorum
1377 435 1512 487 notis
1538 428 1735 501 'parum
1794 436 2028 485 versatus

199 543 365 597 neque
413 529 646 580 doctrina
692 529 943 581 exercitus
994 528 1144 578 multa
1204 533 1253 579 et
1307 528 1459 579 foeda
1511 525 1746 577 lectionis
1803 529 2027 576 monstra

203 619 420 684 admisit,
450 634 546 670 nec
583 619 735 671 facile
760 620 890 671 ullus
927 636 992 671 ex
1021 619 1238 686 antiquis
1277 618 1567 670 auctoribus
1591 621 1691 668 tam
1725 620 1853 667 tetra
1894 614 2028 666 facie

201 711 303 762 luci
339 710 568 762 redditus
606 715 696 762 est.
1042 769 1054 774 Ο

342 801 461 852 Post
499 817 682 853 annum
725 802 875 855 1476.
972 803 1139 854 Editio
1181 801 1444 862 Francisci
1480 799 1741 851 Puteolani
1780 797 2030 849 Mediola-

202 891 401 958 nensis,
443 893 605 944 forma
640 894 885 959 maxima,
927 895 1039 947 sine
1079 895 1197 946 anni
1231 895 1434 960 locique
1466 892 1675 956 indicio,
1718 890 1809 942 sed
1845 889 2029 942 emissa

202 987 318 1049 post
349 982 543 1034 ‘annum
587 981 719 1036 1476
748 1023 762 1048 ,
826 997 925 1050 quo
980 985 1206 1036 eiusdem
1265 1000 1384 1035 cura
1435 984 1764 1049 perhibentur
1809 980 2030 1048 evulgati

157 1111 165 1124 ,
205 1087 321 1124 esse
348 1078 364 1106 ¹
399 1072 545 1123 Plinii
579 1073 799 1125 Secundi
834 1079 882 1126 et
915 1074 1131 1125 aliorum
1166 1074 1478 1140 Paneqyrici.
1554 1073 1734 1124 Acced.
1763 1071 2032 1138 Aqricolae

205 1162 312 1214 vita
345 1178 442 1229 per
480 1163 767 1215 Cornelium
809 1164 1049 1225 Tacitum,
1087 1170 1135 1215 et
1164 1164 1385 1215 Petronii
1416 1162 1612 1214 Arbitri
1649 1162 1861 1229 satyrici
1884 1162 2033 1228 fray-

203 1248 444 1306 mentum:
501 1272 616 1308 nam
650 1256 946 1324 Agricolam
988 1274 1015 1308 a
1053 1273 1109 1309 se
1146 1258 1198 1307 in
1252 1257 1417 1308 lucem
1455 1261 1764 1322 protractum
1799 1271 1903 1307 non
1937 1256 2034 1307 ad-

203 1347 397 1399 diturus
431 1352 540 1399 erat
566 1348 911 1415 Panegyricis,
953 1349 998 1400 si
1042 1348 1256 1400 eundem
1299 1348 1398 1399 iam
1433 1362 1526 1414 per
1563 1348 1838 1398 editionem
1873 1347 2031 1398 Taciti

211 1453 419 1505 operum
485 1453 596 1489 cum
661 1439 955 1505 aequalibus
1024 1440 1128 1491 suis
1185 1438 1609 1490 communicasset
1631 1443 1665 1489 ².
1760 1437 2032 1489 Annalium

204 1532 442 1595 quantum
494 1534 614 1580 tunc
671 1530 927 1597 cognitum
976 1535 1086 1582 erat
1138 1535 1187 1581 et
1218 1529 1474 1580 Historiae
1521 1529 1867 1580 inscribuntur
1916 1533 2032 1579 ante

204 1613 436 1687 singulos
488 1619 676 1671 libros:
749 1620 971 1671 Cornelii
1026 1620 1186 1672 Taciti
1234 1620 1493 1671 Historiae
1538 1620 1796 1685 Aucustae
1856 1619 1905 1670 li.
1945 1621 2029 1672 XI.

204 1708 473 1783 Aetionum,
505 1709 827 1761 diurnalium.
926 1712 988 1762 Et
1026 1711 1103 1762 sic
1126 1714 1144 1744 3
1199 1725 1359 1777 usque
1401 1710 1464 1762 ad
1503 1710 1685 1761 librum
1723 1711 1873 1775 XXI,
1933 1711 2034 1761 nisi

205 1800 338 1867 quod
394 1801 526 1851 libro
576 1801 692 1852 XIV
745 1806 794 1852 et
851 1802 942 1853 XV
996 1801 1130 1852 hunc
1186 1802 1459 1852 verborum
1512 1801 1740 1852 ordinem
1795 1801 2032 1867 praebet:

198 1891 426 1953 ‚Cornelii
451 1890 613 1942 Taciti
636 1891 901 1942 Actionum
921 1892 1224 1943 diurnalium
1249 1892 1492 1942 historiae
1510 1891 1767 1958 Auyustae
1787 1891 1912 1942 liber
1940 1898 2036 1944 cet.

206 1983 541 2035 Historiarum
580 1983 696 2034 libri
734 1983 924 2049 primus
966 1989 1014 2035 et
1049 1984 1303 2035 secundus
1356 1984 1409 2033 in
1447 1999 1600 2034 unum
1653 1983 1853 2035 confusi
1891 1989 2034 2049 sunt,

207 2074 386 2140 quibus
424 2073 666 2124 absolutis
704 2079 875 2125 monet
917 2074 1253 2125 Puteolanus:
1310 2074 1780 2138 Septimusdecimus
1810 2079 1858 2124 et
1892 2079 2038 2125 octa-

207 2164 524 2215 vusdecimus
577 2164 776 2230 confusi
829 2164 977 2215 simul
1035 2165 1322 2230 expliciunt.
1417 2166 1577 2216 Etiam
1616 2165 2037 2233 Guelferbytanus

208 2269 298 2307 eos
333 2255 491 2306 libros
530 2255 583 2306 in
618 2271 770 2306 unum
805 2255 965 2307 iunxit
992 2270 1154 2322 eoque
1186 2271 1289 2307 non
1312 2257 1428 2308 XXI
1451 2256 1608 2307 Taciti
1632 2256 1792 2308 libros
1823 2256 1914 2308 sed
1943 2258 2038 2308 XX

205 2351 448 2398 numerat.
541 2346 801 2413 Sequitur:
840 2346 1063 2398 Cornelii
1103 2347 1263 2398 Taciti
1318 2347 1646 2398 illustrissimi
1683 2347 1929 2398 Historici
1974 2348 2034 2398 de

205 2436 304 2487 situ
354 2436 578 2487 moribus
630 2443 677 2488 et
709 2438 914 2503 populis
954 2438 1257 2488 Germaniae
1312 2438 1507 2488 libellus
1562 2454 1770 2489 aureus,
1804 2470 1869 2480 —-
1907 2439 2038 2490 Cor-

203 2526 322 2578 nelii
363 2525 523 2578 Taciti
558 2528 772 2594 aequitis
811 2528 1027 2579 Romani
1064 2529 1292 2595 dialoqus
1347 2544 1415 2579 an
1450 2528 1532 2579 sui
1575 2529 1768 2580 saeculi
1805 2534 2038 2580 oratores

209 2618 577 2684 antiquioribus
620 2623 668 2670 et
702 2634 862 2685 quare
896 2621 1184 2671 concedant.
1219 2652 1286 2660 —
1323 2619 1440 2671 Iulii
1476 2619 1750 2689 Agricolae
1799 2621 1906 2672 vita
1942 2637 2039 2687 per

209 2709 496 2761 Cornelium
533 2710 756 2762 Tacitum
786 2711 894 2762 eius
927 2727 1164 2778 yenerum
1189 2711 1468 2763 castissime
1498 2712 1792 2777 composita.

347 2802 487 2853 Haec
520 2802 736 2869 repetita
779 2808 856 2855 est
889 2818 992 2854 non
1030 2803 1141 2855 sine
1180 2804 1314 2855 vitiis
1354 2820 1398 2855 a.
1431 2801 1564 2856 1497
1591 2803 1835 2868 Venetiis,
1878 2803 2040 2856 forma

209 2891 452 2958 maxima,
505 2893 558 2943 in
599 2908 693 2959 qua
732 2895 824 2946 sub
861 2895 1009 2945 finem
1051 2899 1285 2946 notatur:
1344 2894 1567 2946 Cornelii
1605 2894 1764 2945 Taciti
1799 2886 2042 2946 historiae

211 2987 489 3048 anqustae:
543 2999 635 3034 nec
681 2998 782 3033 non
822 2983 882 3034 de
917 2983 1016 3034 situ
1053 2983 1278 3034 moribus
1329 2988 1378 3035 et
1407 2984 1613 3050 populis
1648 2984 1938 3051 qermaniae
1975 2986 2040 3036 li-

210 3072 398 3125 bellus:
435 3089 499 3126 ac
534 3074 594 3126 de
630 3074 920 3126 oratoribus
959 3074 1187 3141 dialoyus
1219 3075 1468 3142 foeliciter
1506 3076 1744 3142 explcizit.
1828 3076 2037 3128 Venetiis

308 3254 346 3294 1.
379 3253 427 3294 ld
450 3253 668 3307 proditum
695 3261 762 3297 est
786 3256 830 3295 in
852 3256 1078 3297 notatione
1164 3255 1241 3297 illo
1259 3255 1558 3298 Reviczkiano
1580 3257 1753 3298 videtur
1785 3258 1922 3299 serius
1955 3271 2038 3313 ap-

210 3313 326 3366 typis
349 3325 556 3367 expressa
587 3315 849 3369 exemplaris
874 3313 1079 3370 Panegy-
1166 3316 1285 3369 picta
1321 3327 1441 3367 esse,
1474 3317 1569 3356 iure
1602 3329 1742 3357 necne
1775 3317 2003 3360 incertum.

209 3373 398 3413 ricorum
446 3371 561 3426 quod
609 3373 803 3425 possedit
846 3386 992 3415 comes
1028 3373 1081 3415 de
1253 3376 1292 3416 2.
1341 3374 1568 3414 Accedunt
1600 3375 1685 3416 alia
1718 3375 1928 3430 quaedam
1962 3390 2034 3418 ar-

212 3429 463 3483 Reviczky3
489 3443 529 3472 v.
548 3428 685 3472 Catal.
706 3431 908 3474 biblioth.
930 3433 1076 3474 comit.
1165 3437 1374 3486 gumenta
1406 3445 1427 3472 a
1452 3433 1606 3475 Wexio
1632 3435 1676 3474 in
1700 3433 2030 3492 Prolegomenis

211 3490 264 3532 de
297 3489 523 3543 Reviczky
555 3502 595 3543 p.
636 3490 730 3533 108.
797 3491 881 3531 Sed
912 3504 964 3531 ea
996 3502 1078 3530 no-
1164 3489 1217 3530 ad
1247 3490 1500 3545 Agricolam
1537 3492 1736 3546 exposita
1772 3506 1812 3549 p.
1849 3497 1888 3537 2.

212 3549 317 3590 tatio
340 3560 437 3590 cum
466 3560 552 3589 non
573 3554 823 3603 compareat
855 3550 897 3589 in
926 3561 1078 3589 exem-
1250 3549 1291 3591 3.
1349 3548 1396 3590 ln
1439 3549 1640 3594 Historiis
1686 3564 1762 3607 pro
1807 3551 2033 3596 Actionum

211 3605 323 3661 plari
356 3605 684 3650 vindobonensi
713 3612 758 3649 et
786 3606 997 3660 Parisino,
1032 3607 1074 3649 in
1162 3606 1285 3662 ponit
1315 3607 1536 3652 Actorum.
