2280 4004
175 319 200 348 a
230 303 279 350 C.
313 307 385 351 20.

741 304 907 348 LIBER
937 303 1008 347 111.
1074 302 1181 346 CAP.
1220 303 1406 347 14-16.

1911 305 1999 348 17⁹⁷

173 448 340 514 Atque
377 446 515 514 ipsa,
553 446 719 498 donec
753 445 952 498 mediae
990 444 1158 497 Pisoni
1200 459 1342 511 speS,
1385 443 1578 496 sociam
1614 458 1672 496 se
1710 443 2001 495 cuiuscum-

175 552 271 604 que
309 538 542 590 fortunae
580 543 657 603 et,
716 538 759 590 si
810 538 877 588 ita
933 537 1117 601 ferret,
1185 536 1417 588 comitem
1469 535 1608 589 exitii
1661 535 1997 601 promittebat.

176 630 238 680 Ut
271 631 486 681 secretis
521 630 784 696 Augustae
821 628 1058 695 precibus
1098 621 1298 679 veniam
1347 628 1587 693 obtinuit,
1642 626 1878 694 paulatim
1915 642 2004 679 se-

177 721 385 788 gregari
425 737 452 772 a
488 721 697 784 maritO,
758 719 989 771 dividere
1039 719 1390 771 defensionem
1439 718 1622 785 coepit.

1699 718 1846 780 Quod
1885 733 2003 770 reus

178 818 442 878 postquam
482 811 578 863 sibi
617 811 873 862 exitiabile
907 810 1180 877 intellegit,
1238 825 1302 862 an
1343 809 1507 861 adhuc
1553 809 1869 876 experiretur
1908 809 2043 866 du-5

178 904 374 967 bitans,
429 902 744 953 hortantibus
798 901 912 952 liliis
961 901 1107 952 durat
1155 906 1372 952 mentem
1425 906 1755 967 senatumque
1804 916 2004 953 rursum

179 993 462 1060 ingreditur
476 1009 490 1056 ;
549 991 1050 1058 redintegratamque
1087 992 1491 1057 accusationem,
1543 992 1771 1044 infensas
1809 997 2006 1058 patrum

180 1058 353 1149 voceS,
391 1082 608 1135 adversa
649 1087 699 1134 et
736 1097 892 1133 saeva
918 1086 1098 1133 cuncta
1125 1097 1416 1148 perpessus,
1454 1082 1591 1132 nullo
1630 1082 1794 1148 magis
1835 1088 2009 1134 exter-

179 1175 304 1225 ritus
356 1179 433 1225 est
481 1187 628 1239 quam
689 1173 823 1238 quod
862 1172 1116 1223 Tiberium
1171 1173 1283 1224 sine
1332 1172 1690 1237 miseratione,
1754 1172 1865 1223 sine
1912 1172 2006 1236 ira,

180 1264 482 1315 obstinatum
528 1264 853 1329 clausumque
890 1264 1045 1328 vidit,
1104 1279 1169 1315 ne
1209 1278 1305 1329 quo
1341 1263 1545 1315 adfectu
1581 1268 2005 1329 perrumperetur.
2026 1280 2074 1318 io

178 1355 382 1409 Relatus
422 1355 641 1420 domum,
680 1349 932 1421 tamquam
969 1355 1320 1406 defensionem
1351 1355 1405 1404 in
1438 1359 1697 1420 posterum
1733 1354 2011 1406 meditare-

179 1451 274 1512 tur,
311 1460 472 1512 pauca
499 1445 778 1497 conscribit
817 1446 1156 1513 obsignatque
1196 1449 1246 1496 et
1280 1444 1464 1496 liberto
1495 1445 1680 1509 tradit3
1721 1449 1823 1495 tum
1863 1444 2011 1497 solita

182 1537 408 1588 curando
476 1537 700 1603 corpori
754 1537 1033 1603 exequitur.

1157 1536 1286 1587 Dein
1360 1535 1563 1587 multam
1616 1542 1732 1602 post
1790 1541 2010 1600 noctem,

184 1644 395 1696 egressa
437 1628 670 1679 cubiculo
707 1642 898 1692 uxore,
962 1627 1151 1694 operiri
1190 1628 1328 1678 fores
1366 1627 1536 1691 iussit3
1601 1633 1650 1678 et
1687 1632 1866 1693 coepta
1902 1627 2016 1678 luce

101 1720 418 1786 16perfosso
450 1719 662 1786 iugulo,
707 1720 906 1770 iacente
941 1719 1077 1770 humi
1113 1718 1314 1785 gladic,
1365 1723 1596 1784 repertus
1635 1723 1726 1770 est.

1821 1717 2015 1769 Audire
2033 1719 2082 1774 ιε*

184 1826 264 1862 me
300 1810 504 1862 memini
543 1827 607 1861 ex
642 1809 931 1862 senioribus
968 1810 1131 1861 visum
1180 1810 1383 1875 saepius
1436 1810 1570 1860 inter
1604 1824 1781 1860 manus
1818 1808 2014 1860 Pisonis

185 1901 436 1966 libellum,
476 1916 621 1967 quem
658 1901 767 1967 ipse
806 1916 909 1952 non
938 1901 1247 1968 vulgaverit3
1302 1900 1395 1952 sed
1433 1900 1625 1952 amicos
1664 1900 1772 1951 eius
1813 1899 2018 1951 dictita-

188 1992 326 2044 visse
358 1992 553 2042 litteras
585 1991 771 2042 Tiberii
810 1996 858 2044 et
890 1992 1125 2043 mandata
1164 1992 1217 2042 in
1262 1991 1614 2043 Germanicum
1651 1990 1919 2055 contineri,
1957 2006 2017 2041 ac

193 2082 494 2135 destinatum
541 2097 777 2148 promere
826 2083 956 2148 apud
1008 2088 1178 2149 patres
1227 2083 1609 2148 principemque
1662 2097 1911 2149 arguere,
1966 2081 2017 2131 ni

194 2173 362 2225 elusus
398 2189 426 2224 a
465 2173 650 2225 Seiano
687 2188 780 2239 per
815 2188 946 2224 vana
989 2173 1239 2239 promissa
1291 2173 1423 2224 foret
1437 2191 1451 2236 3
1506 2188 1602 2224 nec
1650 2173 1787 2223 illum
1839 2176 2082 2238 spontem

311 2285 354 2327 3.
398 2291 573 2340 auquste
599 2269 749 2340 pcibus
777 2297 874 2326 cum
904 2283 1070 2325 lineola
1097 2284 1364 2341 (praecibus)
1386 2285 1438 2326 M.

870 2341 937 2385 14.
972 2344 1164 2399 cupiculo
1183 2345 1237 2386 M.

195 2345 310 2385 vocis
327 2343 379 2385 M.
452 2344 519 2386 13.
555 2357 693 2398 exseq.
728 2341 800 2386 Or.

200 2442 400 2486 Valerius
422 2443 631 2485 Maximus
654 2443 711 2486 v1
733 2445 760 2486 3
784 2445 895 2496 §.3:
915 2458 1068 2500 corpus

199 2502 276 2558 (M.
296 2501 488 2560 Claudii)
523 2503 779 2545 contumelia
811 2504 1003 2544 carceris
1030 2510 1069 2545 et

198 2562 445 2604 detestanda
500 2562 804 2605 Gemoniarum
851 2562 1069 2604 scalarum

196 2628 300 2663 nota
326 2621 530 2677 foedavit.
595 2621 757 2663 Ibidem
791 2635 828 2663 c.
856 2623 883 2665 9
914 2623 958 2673 §.
987 2623 1066 2664 13:

199 2681 247 2734 Q.
283 2680 442 2737 Caepio
486 2706 542 2712 -
584 2681 632 2721 in
668 2679 851 2738 publicis
888 2680 1070 2722 vinculis

198 2740 391 2796 spiritum
434 2739 652 2795 deposuit,
699 2753 931 2796 corpusque
963 2742 1067 2792 eius,

196 2799 357 2854 funesti
367 2799 583 2852 carnificis
602 2799 797 2840 manibus
816 2798 1067 2851 laceratum,

198 2859 245 2898 in
275 2856 407 2899 scalis
441 2858 655 2900 Gemoniis
691 2860 863 2910 iacens,
914 2871 1069 2913 vna-quo

201 2930 296 2960 cum
340 2917 523 2958 horrore
572 2917 696 2958 totius
749 2917 838 2971 fori
886 2917 1073 2959 Romani

203 2982 468 3031 conspectum
499 2982 573 3017 est.
635 2975 805 3017 Gradus
822 2974 1073 3018 Gemitorios

204 3034 396 3088 appellat
442 3033 608 3076 Plinius
659 3033 754 3075 VIII
808 3033 894 3088 61,
950 3036 1073 3078 cuius

204 3091 338 3135 verba
388 3093 575 3148 ascripta
619 3093 672 3134 ad
712 3093 846 3135 Taciti
898 3093 958 3135 lv
999 3093 1071 3135 68.

205 3151 288 3194 Dio
321 3151 496 3194 Cassius
528 3151 661 3193 LVIII
693 3153 733 3194 5.
799 3150 865 3194 Cf.
899 3151 1071 3194 Becker

206 3210 427 3253 Euchirid.
459 3211 606 3266 Antiq.
640 3211 763 3253 Rom.
798 3216 827 3253 t.
859 3211 876 3253 1
910 3224 950 3265 p.
968 3212 1070 3254 415.

208 3267 376 3310 Pisonis
409 3269 580 3324 effigies
611 3282 663 3311 eo
696 3274 854 3311 tractas
887 3269 940 3311 de
973 3282 1074 3310 sca-

209 3327 345 3368 larum
365 3327 568 3384 gradibus
584 3327 860 3380 devellebant,
888 3334 934 3368 ut
955 3333 1074 3369 recte

211 3387 520 3439 interpretatur
531 3384 837 3438 Ilalmius‚non
860 3399 885 3428 a
899 3386 1076 3428 basibus

211 3444 509 3497 revellebant,
558 3448 604 3484 ut
635 3446 804 3497 accepit
833 3443 1076 3486 Ernestius.

210 3502 364 3546 saluti:
397 3503 486 3546 vid.
522 3501 574 3543 ad
605 3501 624 3543 1
656 3504 698 3545 3.

297 3561 400 3618 Cap.
439 3563 506 3605 15.
570 3568 771 3616 quantum
812 3560 995 3602 Caesari
1033 3560 1081 3601 in

214 3630 305 3662 eam
327 3622 500 3664 liceret:
535 3620 693 3662 acerbe
715 3625 757 3661 et
778 3633 873 3661 cum
898 3618 1080 3676 quadam

214 3680 413 3723 irrisione
453 3679 613 3723 Tiberii
656 3679 766 3723 haec
807 3678 923 3723 dicta
965 3683 1081 3734 sunt,

306 3774 455 3813 Tacitus
479 3776 508 3813 1.

1531 2286 1573 2327 7.
1620 2287 1826 2340 ansensas
1857 2284 1912 2326 M.
1974 2284 2019 2326 8.

1307 2345 1373 2386 15.
1407 2346 1592 2399 refertus
1608 2344 1663 2387 M.
1730 2344 1797 2387 19.
1831 2349 1934 2400 aput
1964 2343 2028 2384 Μ.-

1152 2446 1381 2499 impotenti
1412 2445 1560 2486 matris
1591 2445 1736 2486 animo
1771 2457 1859 2485 non
1890 2443 2023 2485 facile

1153 2504 1324 2546 obviam
1369 2506 1541 2557 euntis3
1586 2504 1641 2546 cf.
1683 2503 1744 2545 lV
1777 2504 1859 2555 57,
1911 2503 1948 2544 V
1983 2504 2022 2544 1.

1156 2562 1235 2605 Cui
1267 2564 1409 2605 tenori
1442 2562 1649 2620 loquendi
1679 2563 1794 2604 bene
1818 2562 2026 2609 convenit
2053 2575 2055 2577 ·

1154 2635 1312 2665 nomen
1347 2623 1564 2665 Caesaris.
1626 2622 1869 2664 'l'heodisce
1916 2633 2025 2662 con-

1154 2687 1305 2724 verto:
1356 2682 1435 2724 wie
1465 2683 1562 2724 weit
1594 2681 1670 2723 der
1700 2682 1860 2724 Kaiser
1891 2694 2027 2736 qeqeu

1153 2742 1214 2782 sie
1266 2741 1403 2797 ychen
1454 2742 1594 2796 darfe.
1655 2740 1752 2783 Non
1803 2741 2028 2795 perspexit

1154 2799 1349 2842 Halmius
1381 2799 1411 2842 l.
1446 2815 1483 2843 c.
1518 2813 1619 2856 pag.
1651 2800 1694 2843 9.

1261 2888 1431 2928 veniam
1471 2887 1680 2928 obtinuit:
1736 2887 1910 2928 veniam
1959 2885 2028 2927 illi

1157 2945 1334 2987 decerni
1368 2952 1411 2987 et
1440 2946 1744 3001 impunitatem
1790 2946 1833 2986 in
1873 2950 2028 2987 senatu

1156 3007 1280 3046 matri
1314 3005 1550 3048 obsecutus
1583 3005 1806 3059 pollicitus
1851 3010 1917 3046 est
1953 3003 2028 3045 'ri-

1158 3064 1306 3105 berius
1346 3071 1390 3106 et
1429 3065 1642 3118 promisso
1682 3065 1828 3105 stetit:
1878 3077 1914 3104 c.
1959 3064 2027 3105 17.

1157 3124 1360 3166 Secretae
1396 3138 1549 3179 preces
1586 3128 1686 3163 sunt
1728 3135 1839 3177 quae
1870 3123 1914 3162 in
1945 3121 2028 3161 Pa-

1156 3183 1263 3223 latio
1326 3182 1379 3223 ad
1422 3182 1653 3223 Caesarem
1715 3180 2030 3235 dirigebantur,

1159 3254 1325 3295 eaeque
1356 3244 1634 3294 opponuntur
1663 3238 1864 3291 publicae
1891 3251 2034 3292 quae-

1159 3300 1287 3339 stioni
1323 3304 1366 3339 ct
1401 3297 1708 3339 consultationi
1740 3302 1931 3338 senatus.

1250 3381 1353 3436 Cap.
1390 3383 1457 3425 16.
1521 3397 1574 3424 ex
1604 3381 1872 3424 senioribus:
1913 3380 1956 3423 h.
1992 3395 2031 3423 e.

1163 3454 1218 3482 ex
1260 3442 1314 3482 iis
1358 3443 1430 3495 qui
1470 3442 1599 3482 rebus
1639 3440 1728 3482 illis
1763 3441 1846 3495 ipsi
1892 3441 2034 3482 inter-

1163 3500 1350 3541 fuerant.
1412 3498 1546 3542 lidem
1606 3506 1706 3542 sunt
1765 3499 1818 3541 de
1875 3499 2034 3554 quibus

1164 3559 1307 3600 statim
1362 3561 1434 3614 qui
1479 3565 1670 3602 nostram
1717 3559 1774 3600 ad
1819 3559 2036 3600 iuventam

1167 3618 1444 3661 duraverunt.
1563 3618 1772 3662 mandata
1823 3618 1871 3658 in
1923 3617 2034 3660 Ger..

1165 3677 1406 3722 manicam:
1438 3677 1555 3722 conf.
1578 3678 1762 3725 'Suetom
1785 3675 1926 3720 Tiber.
1961 3676 2033 3722 52.

1687 3752 1751 3805 12
