2280 4004
280 283 369 324 348

2162 387 2219 439 „ng-f

278 440 471 490 paucos
510 428 758 494 equestris
795 428 989 480 ordinis
1032 438 1380 485 ornamentum
1419 437 1471 486 L.
1513 436 1771 509 Vestinum
1820 440 2116 494 familiaris-

283 517 410 568 sime
447 518 606 585 diligo
647 523 696 569 et
733 519 988 586 hodieque
1026 522 1076 572 in
1117 523 1270 575 rebus
1315 526 1440 577 meis
1479 527 1700 580 detineo,
1776 531 1928 583 Cuius
1965 532 2113 586 liberi

279 607 507 658 fruantur
545 623 734 674 quaeso
779 611 940 676 primo
981 614 1384 687 sacerdotiorum
1426 618 1618 684 gradu,
1670 622 1942 686 postmodo
2001 639 2112 676 cum

275 699 420 749 annis
458 702 735 765 promoturi
779 701 1047 769 dignitatis·
1077 719 1200 780 suae
1238 706 1567 760 incrementa.
1630 711 1690 762 Ut
1727 711 1888 763 dirum
1922 727 2108 766 nomen

271 783 516 842 latronis¹
553 797 776 858 taceam,
830 799 880 845 et
921 795 1006 845 odi
1044 785 1164 846 illud
1201 797 1556 862 palaestricum
1601 802 1920 870 prodigium,
1976 807 2110 873 quod

273 886 388 932 ante
426 882 477 932 in
518 883 719 934 domum
759 885 1071 937 consulatum
1112 887 1291 953 intulit,
1330 903 1477 955 quam
1523 892 1723 944 colonia
1762 910 1852 947 sua
1892 896 2109 948 solidum

276 973 494 1025 civitatis
536 976 796 1028 Romanae
833 976 1132 1029 heneficium
1174 987 1446 1033 consecuta
1488 988 1578 1033 est.
1653 985 1789 1036 Idem
1843 987 1906 1039 de
1950 988 2110 1040 fratre

274 1065 383 1116 eius
435 1081 640 1131 possum
691 1068 864 1119 dicere
908 1069 1186 1121 miserabili
1238 1072 1438 1137 quidem
1492 1073 1951 1144 indignissimoque
2010 1077 2108 1129 hoc

271 1169 408 1221 casu,
446 1161 500 1207 ut
536 1157 682 1209 vobis
716 1159 850 1210 utilis
888 1165 1097 1211 senator
1133 1176 1249 1212 esse
1286 1177 1389 1213 non
1426 1164 1603 1228 possit.

408 1248 666 1314 Tempus²
715 1255 791 1301 est
830 1250 960 1314 iam,
1014 1252 1085 1301 Ti.
1129 1253 1319 1303 Caesar
1369 1254 1700 1319 Germanice,
1759 1256 2001 1324 detegere
2055 1264 2105 1310 te

275 1338 499 1403 patribus
542 1340 861 1405 conscriptis,
905 1356 1002 1407 quo
1044 1342 1218 1393 tendat
1258 1344 1422 1394 oratio
1455 1349 1537 1395 tua
1552 1362 1565 1408 3
1603 1345 1702 1396 iam
1741 1347 1873 1398 enim
1908 1349 1971 1400 ad
2011 1366 2105 1400 ex-

272 1432 461 1481 tremos
494 1430 618 1481 fines
662 1431 854 1483 Galliae
890 1432 1239 1484 Narbonensis
1276 1434 1477 1485 venisti.

407 1521 500 1570 Tot
538 1537 661 1573 ecce
698 1522 928 1590 insignes
967 1524 1195 1590 iuvenes,
1241 1531 1362 1591 quot
1403 1526 1619 1591 intueor,
1657 1542 1759 1579 non
1792 1528 1956 1596 magis
1984 1534 2099 1580 sunt

265 1610 555 1675 paenitendi
614 1617 878 1665 senatores
925 1629 1071 1680 quam
1122 1617 1345 1681 paenitet
1391 1613 1678 1683 Persicum,
1735 1619 2103 1671 nobilissimum

266 1701 444 1765 virum,
488 1703 700 1754 amicum
737 1721 917 1770 meum,
961 1706 1093 1757 inter
1131 1707 1380 1774 imagines
1421 1709 1667 1759 maiorum
1707 1696 1911 1762 suorum
1953 1709 2104 1761 Allo-

269 1793 468 1861 brogici
509 1811 692 1847 nomen
723 1797 914 1864 legere.
970 1799 1162 1859 Quodsi
1200 1799 1327 1850 haec
1366 1800 1431 1849 ita
1470 1816 1585 1852 esse
1629 1802 1942 1867 consentitiS,
1981 1803 2099 1868 quid

266 1885 395 1937 ultra
447 1888 776 1953 desideratis,
834 1905 980 1955 quam
1035 1896 1088 1940 ut
1139 1891 1285 1941 vobis
1334 1891 1492 1957 digito
1548 1893 1888 1944 demonstrem
1938 1893 2099 1944 solum

267 1976 428 2042 ipsum
470 1979 600 2030 ultra
639 1979 764 2031 fines
789 1980 1087 2046 provinciae
1121 1981 1470 2032 Narbonensis
1509 1982 1607 2033 iam
1646 1983 1793 2034 vobis
1830 1965 2096 2035 senatores

265 2068 480 2134 mittere,
519 2071 720 2136 quando
758 2088 821 2123 ex
845 2072 1125 2139 Luguduno
1166 2073 1356 2123 habere
1397 2088 1490 2124 nos
1522 2073 1693 2124 ‘nostri
1732 2073 1926 2125 ordinis
1956 2075 2096 2125 viros

264 2174 365 2210 non
399 2161 636 2226 paenitet.
710 2163 904 2214 Timide
943 2163 1161 2228 quidem,
1201 2164 1250 2213 P.
1286 2164 1358 2227 C.,
1396 2179 1636 2230 egressus
1672 2164 1910 2215 adsuetos
1948 2165 2099 2215 farni-

261 2249 517 2317 liaresque
552 2253 698 2303 vobis
732 2253 1109 2318 provinciarum
1143 2253 1386 2304 terminos
1425 2269 1562 2316 sum3
1599 2254 1690 2304 sed
1727 2253 1968 2306 destricte
1997 2254 2094 2305 iam

263 2341 501 2394 Comatae
551 2343 742 2394 Galliae
797 2359 948 2395 causa
1002 2344 1202 2411 agenda
1254 2349 1344 2395 est.
1420 2345 1473 2395 In
1514 2359 1610 2410 qua
1650 2345 1693 2395 si
1734 2345 1845 2410 quis
1880 2344 1978 2395 hoc
2014 2345 2096 2394 in-

259 2437 441 2498 tuetur,
488 2435 621 2500 quod
664 2434 796 2486 bello
829 2450 922 2500 per
951 2435 1127 2486 decem
1156 2449 1316 2485 annos
1344 2440 1682 2486 exercuerunt
1706 2435 1875 2486 divom
1900 2435 2092 2500 Iulium,

259 2523 392 2575 idem
425 2531 645 2591 opponat
671 2531 867 2576 centum
892 2541 1137 2577 annorum
1171 2526 1475 2576 immobilem
1513 2526 1660 2576 fidem
1696 2526 2093 2592 obsequiumque

258 2615 423 2666 multis
476 2617 686 2681 trepidis
739 2617 892 2667 rebus
952 2618 1141 2667 nostris
1193 2617 1453 2682 plusquam
1507 2622 1780 2681 expertum.
1857 2617 1931 2667 Illi
1965 2618 2095 2682 patri

242 2701 371 2757 'meo
396 2707 563 2757 Druso
589 2707 909 2759 Germaniam
950 2708 1205 2774 subigenti
1240 2713 1390 2758 tutam
1436 2707 1603 2772 quiete
1642 2723 1731 2758 sua
1758 2723 2091 2774 securamque

259 2812 286 2848 a
325 2803 471 2866 tergo
508 2813 685 2864 pacem
721 2799 1109 2865 praestiterunt,
1163 2803 1212 2849 et
1265 2798 1465 2863 quidem
1518 2813 1628 2848 cum
1666 2814 1694 2848 a
1733 2813 1916 2849 census
1954 2813 2088 2849 novo

259 2893 359 2938 tum
406 2904 560 2954 opere
615 2895 664 2940 et
716 2890 982 2941 inadsueto
1033 2889 1206 2940 Galliis
1261 2889 1323 2939 ad
1380 2889 1564 2939 bellum
1617 2879 2088 2939 advocatus'esset.

259 2978 405 3039 Quod
443 2995 566 3045 opus
611 2996 756 3046 quam
796 2982 1004 3031 arduum
1043 2981 1107 3031 sit
1141 2980 1288 3030 nobis
1329 2995 1462 3029 nunc
1499 2995 1609 3029 cum
1643 2979 1874 3043 maxime,
1913 2994 2091 3044 quam-

255 3071 333 3121 vis
371 3070 496 3120 nihil
532 3071 678 3136 ultra,
720 3086 866 3138 quam
903 3077 956 3121 ut
989 3071 1190 3137 publice
1230 3076 1381 3123 notae
1425 3070 1525 3120 sint
1562 3070 1826 3119 facultates
1860 3074 2082 3132 nostrae,

258 3161 564 3227 exquiratur,
602 3162 749 3212 nimis
787 3175 973 3228 magno
1014 3161 1357 3227 experimento
1402 3158 1743 3225 agnoscimus.

366 3288 402 3327 1.
457 3287 687 3329 Latronem
743 3287 850 3328 dicit
906 3286 1128 3328 Valerium
1318 3287 1359 3327 2.
1421 3285 1476 3326 Se
1534 3283 1629 3338 ipse
1684 3287 1864 3324 revocat
1909 3282 2084 3338 longius

255 3344 519 3399 Asiaticum,
567 3346 620 3388 de
665 3360 749 3402 quo
791 3346 963 3389 Tacitus
997 3345 1051 3387 XI
1089 3347 1126 3387 1.
1216 3357 1463 3400 egressum,
1514 3348 1560 3383 ut
1611 3341 1664 3383 de
1704 3355 1770 3383 re,
1794 3354 1906 3397 quae
1941 3343 2087 3397 agitur

255 3402 406 3446 Frater
439 3407 532 3447 eius
575 3406 751 3448 aliunde
790 3408 993 3463 cognitus
1042 3417 1129 3445 non
1216 3405 1478 3445 sententiam
1511 3402 1716 3456 proferat.

260 3468 339 3506 est.

819 3626 1482 3661 --w-
1521 3641 1547 3644 >-
