2280 4004
153 1728 201 1766 ιε
216 1723 398 1770 vastat.

214 295 274 338 54
955 294 959 296 ’
991 290 1285 335 ANNALIVM

1789 306 1843 338 a..
1856 292 1906 336 ii.
1938 288 2045 337 7⁶7:

215 441 462 516 caedibus
488 440 721 492 munitus.
797 437 920 489 Inde
948 437 1104 489 saltus
1131 438 1380 489 obscuros
1409 441 1651 503 permeat,
1693 435 2042 505 consultatque

218 549 284 586 ex
317 533 514 584 duobus
553 531 820 582 itineribus
847 530 1007 580 breve
1042 534 1092 581 et
1124 530 1324 581 solitum
1359 534 1615 595 sequatur,
1655 543 1719 579 an
1757 529 2043 596 impeditius

219 630 269 675 et
299 625 640 690 intemptatum
682 635 846 688 eoque
897 621 1129 672 hostibus
1180 622 1452 672 incautum.

1543 619 1752 672 Delecta
1806 619 2046 688 longiore

217 717 301 768 via
340 721 509 768 cetera
539 714 916 767 accelerantur:
952 698 1136 772 etenim
1182 711 1452 763 attulerant
1477 712 1833 779 exploratores
1867 712 2047 765 festam

178 824 331 862 seam
370 807 634 861 Germanis
675 810 877 857 noctem
914 820 975 856 ac
1014 804 1344 856 sollemnibus
1383 803 1543 871 epulis
1576 803 1839 856 ludicram.
1912 803 2048 856 Cae—-

219 900 334 950 cina
376 915 487 950 cum
529 897 779 964 expeditis
830 897 1125 948 cohortibus
1171 897 1375 963 praeire
1420 901 1470 948 et
1506 896 1765 948 obstantia
1805 895 2045 948 silvarum

218 989 415 1041 amoliri
453 990 684 1040 iubetur:
726 988 960 1056 legiones
997 987 1202 1039 modico
1244 987 1513 1040 intervallo
1551 991 1845 1055 sequuntur.

1918 986 2048 1038 Iuvit

215 1095 320 1133 nox
354 1076 610 1132 sideribus
657 1080 912 1144 inlustris,
974 1084 1278 1146 ventumque
1333 1079 1396 1130 ad
1449 1079 1594 1131 vicos
1633 1079 1945 1142 Marsorum,
1998 1082 2048 1129 et

219 1171 562 1223 circumdatae
600 1172 847 1224 stationes
884 1171 1055 1223 stratis
1108 1172 1258 1222 etiam
1307 1176 1409 1222 tum
1451 1186 1544 1238 per
1585 1170 1768 1221 cubilia
1809 1173 2048 1236 propter-2·

155 1270 203 1314 ιο
218 1278 315 1329 que
350 1277 571 1327 mensas,
609 1262 746 1314 nullo
785 1268 936 1326 metu,
972 1277 1076 1314 non
1115 1262 1412 1328 antepositis
1448 1261 1660 1329 vigiliis

1732 1260 1880 1312 Adeo
1919 1273 2049 1311 cun-

218 1358 298 1405 cta
338 1355 535 1404 incuria
575 1354 788 1405 disiecta
826 1359 986 1418 erant,
1026 1368 1192 1420 neque
1225 1354 1347 1405 belli
1387 1355 1565 1418 timor3
1601 1367 1662 1404 ac
1698 1367 1764 1404 ne
1798 1364 1900 1419 pax
1932 1348 2050 1418 qui-‘-

218 1446 332 1498 dem
367 1445 466 1497 nisi
493 1445 735 1513 languida
774 1449 824 1497 et
860 1445 1041 1510 soluta,
1079 1447 1214 1497 inter
1244 1445 1565 1497 temulentos.

215 1537 480 1603 legioneS‚
523 1551 622 1602 quo
658 1536 810 1587 latior
842 1535 1102 1602 populatio
1138 1534 1295 1600 foret,
1337 1540 1572 1602 quattuor
1610 1536 1663 1586 in
1702 1549 1900 1587 cuneos·
1938 1535 2050 1588 dis-

214 1628 368 1694 pertit
381 1645 395 1692 3
453 1627 820 1694 quinquaginta
872 1627 1062 1678 milium
1109 1627 1324 1694 spatium
1373 1626 1512 1678 ferro
1564 1627 1877 1693 flammisque
1912 1624 2046 1694 'per-

470 1719 585 1771 Non
622 1732 805 1783 sexus,
843 1733 947 1769 non
986 1721 1128 1770 aetas
1165 1719 1548 1770 miserationem
1589 1717 1778 1782 attulit3
1831 1718 2049 1785 profana

215 1809 363 1861 simul
398 1814 447 1861 et
485 1823 662 1874 sacra,
717 1814 767 1860 et
805 1810 1190 1861 celeberrimum
1228 1810 1327 1861 illis
1368 1811 1606 1877 gentibus
1642 1809 1877 1876 templum
1913 1810 2049 1877 quod

215 1901 487 1952 Tamfanae
536 1900 816 1966 vocabant,
877 1901 990 1952 solo
1044 1906 1341 1968 aequantur.

217 1993 301 2058 qui
335 1994 674 2044 semisomnos
723 1993 950 2045 inermos
993 1997 1076 2044 aut
1113 1993 1330 2060 palantis
1368 1993 1677 2045 ceciderant.

1416 1901 1537 1954 Sine
1586 1901 1798 1953 vulnere
1845 1901 2047 1967 milite8‚

1753 1993 1953 2046 Excivit
1990 2008 2051 2045 ea

217 2083 404 2134 caedes
457 2083 758 2148 Bructeros,
809 2084 1094 2148 TubanteS‚
1151 2084 1410 2150 Usipetes3
1465 2084 1724 2151 saltusque
1775 2097 1869 2150 per
1906 2090 2050 2150 quos

153 2187 201 2222 πο
216 2175 462 2227 exercitui
490 2189 778 2243 regreSSUS‚
814 2175 1069 2227 insedere.
1141 2175 1286 2237 Quod
1316 2191 1530 2244 gnarum
1567 2177 1701 2242 duci,
1741 2175 2052 2254 incessitque

328 2365 371 2407 4.
407 2365 503 2407 ado.
536 2365 591 2406 M.
710 2365 776 2407 11.
814 2373 909 2407 erat
939 2366 993 2408 M.

212 2423 316 2479 syll.
414 2424 481 2468 19.
520 2425 664 2466 caedis
697 2425 908 2468 bructiros
939 2424 994 2468 M.

299 2581 543 2622 incautum.-
586 2581 628 2622 h.
673 2596 712 2624 e.
755 2583 1087 2626 incustoditum.

212 2639 338 2681 Conf.
382 2639 438 2681 XI
470 2640 527 2683 26
569 2641 739 2682 insidiis
777 2643 1012 2696 incautum,
1044 2643 1090 2684 id

212 2704 279 2739 est
319 2711 405 2739 non
462 2700 727 2741 custoditum
781 2714 805 2742 a
856 2702 1088 2756 prudentia

212 2757 419 2799 adversus
454 2758 649 2801 insidias.
804 2761 1014 2817 lanyuida
1047 2769 1087 2804 et

210 2816 377 2858 soluta.-
415 2817 616 2859 Germani
651 2818 775 2861 festis
809 2820 952 2874 epulis
986 2820 1085 2862 lan-

211 2881 348 2929 guent
412 2888 654 2931 somnoque
724 2878 856 2920 soluti
921 2880 1081 2923 iacent.

209 2933 361 2988 ltaque
416 2935 467 2975 ad
520 2948 673 2987 pacem
721 2938 932 2979 translata
984 2946 1085 2980 sunt

210 3006 321 3048 quac
345 2994 520 3047 proprie
545 2994 598 3035 de
621 2994 868 3037 hominibus
899 2996 1083 3039 dicenda

210 3058 347 3093 erant.
412 3052 456 3093 ld
490 3065 575 3106 quo
603 3053 776 3094 facilius
810 3055 901 3096 fieri
929 3057 1082 3110 possit,

210 3110 398 3153 additum
434 3117 500 3152 est
530 3113 645 3153 inter
677 3114 940 3156 temulentos.

302 3169 407 3224 Cap.
443 3171 513 3214 51.
579 3171 777 3228 templum
810 3175 921 3229 quod
956 3174 1082 3215 Tam-

206 3233 342 3286 fanae
367 3230 607 3272 vocabant.-
642 3230 850 3286 templum
877 3233 919 3274 h.
951 3233 979 3274 l.
1016 3239 1082 3275 est

209 3294 511 3331 consecratum
535 3291 726 3332 nemoris
759 3293 960 3346 spatium,
993 3305 1080 3333 non

209 3349 339 3390 aedes
372 3350 504 3390 muris
549 3348 822 3392 columnisve
868 3358 1079 3393 extructa.

210 3408 409 3448 Germani
445 3410 558 3449 enim
592 3423 672 3449 nec
702 3410 898 3452 cohibere
931 3414 1081 3467 parie-

210 3466 315 3506 tibus
352 3467 449 3506 cleos
484 3480 617 3520 neque
659 3470 705 3510 in
736 3469 871 3512 ullam
904 3471 1084 3513 humani

210 3526 297 3566 oris
328 3526 510 3582 speciem
550 3528 791 3570 assimilare
826 3544 878 3571 ecc
908 3533 1080 3586 mayni-

212 3585 355 3626 tudine
380 3583 625 3627 caelestium
646 3586 931 3631 arbitrantur.
988 3590 1080 3632 Lu-

209 3655 279 3685 cos
309 3657 362 3685 ac
380 3656 558 3687 nemora
582 3654 849 3700 consecrant,
879 3649 1078 3693 deorum-

1102 2367 1170 2408 17.
1205 2369 1385 2422 tafanae
1426 2380 1522 2408 cum
1557 2367 1726 2411 lineola
1759 2380 1891 2424 super
1922 2367 2047 2423 prim.

1091 2427 1162 2470 20.
1195 2440 1382 2483 gnaram
1411 2426 1466 2470 M.

1175 2599 1253 2641 que
1298 2587 1538 2630 nominibus
1580 2586 1802 2644 appellant
1840 2594 2050 2632 secretum

1171 2643 1302 2699 illud,
1337 2646 1447 2700 quod
1476 2647 1570 2688 sola
1600 2646 1846 2690 reverentia
1875 2648 2046 2692 vident.-

1175 2703 1316 2746 Germ.
1344 2705 1372 2748 9
1394 2711 1503 2748 extr.
1556 2706 1622 2748 De
1656 2705 1862 2748 Tamfana
1893 2713 2048 2763 quater

1172 2764 1308 2805 verba
1328 2764 1436 2806 fecit
1454 2765 1486 2807 1.
1511 2765 1671 2807 Grimm
1702 2768 1745 2807 in
1770 2766 2047 2823 Mythologia

1170 2822 1412 2866 Theodisca
1444 2838 1486 2879 p.
1522 2826 1578 2870 70
1612 2824 1774 2881 et,236
1807 2831 1852 2867 et
1883 2826 1969 2869 256
2002 2832 2046 2868 et

1176 2882 1304 2935 1062,
1338 2883 1414 2924 sed
1447 2884 1558 2926 nihil
1592 2883 1646 2926 de
1674 2884 1862 2937 numinis
1895 2886 1940 2927 vi
1972 2890 2047 2927 aut

1171 2941 1390 2983 vocabulo
1418 2943 1582 2986 elicere
1604 2945 1760 2998 potuit.
1814 2938 2046 2999 Inscriptio

1173 3001 1311 3054 (apud
1346 3001 1556 3044 Orellium
1592 3017 1632 3043 n.
1670 3003 1810 3060 2053)
1854 3016 1967 3060 quae
2001 3006 2044 3046 in

1171 3072 1277 3113 agro
1311 3060 1601 3114 Neapolitano
1646 3069 1818 3117 reperta
1861 3064 2043 3104 traditur

1170 3117 1430 3174 (Tamfanae
1458 3134 1631 3162 sacrum
1672 3124 1779 3178 cet.)
1813 3135 1868 3164 ex
1900 3122 2045 3178 impo-⁴

1168 3178 1299 3218 storis
1349 3177 1516 3235 Ligorii
1579 3178 1799 3222 thesauris
1862 3180 2038 3236 prodiit.

1168 3236 1286 3277 Scite
1327 3237 1394 3278 W.
1437 3237 1487 3279 E.
1531 3237 1699 3281 Giefers
1745 3239 2044 3285 demonstrare

1168 3307 1343 3349 operam
1364 3295 1498 3349 dedit,
1529 3297 1613 3339 lioc
1635 3299 1843 3354 templum
1867 3304 2042 3356 (nemus

1169 3355 1308 3397 fuisse
1328 3361 1449 3397 recte
1472 3358 1645 3414 statuit)
1681 3360 1869 3412 positum
1904 3360 2043 3404 ruisse

1168 3415 1209 3454 in
1244 3414 1443 3456 confiniis
1467 3416 1701 3458 Marsorum
1725 3424 1768 3459 et
1792 3417 2041 3461 Cherusco-

1166 3486 1258 3514 rum
1281 3473 1676 3532 Bructerorumque
1699 3476 1810 3518 ultra
1834 3478 2039 3532 oppidum

1168 3534 1238 3574 cui
1271 3545 1429 3576 nomen
1454 3549 1478 3577 a
1497 3536 1631 3577 Marte
1658 3534 1950 3592 (Marsherq),
1986 3550 2038 3581 eo

1168 3593 1210 3634 in
1245 3592 1344 3634 loco
1367 3596 1439 3649 qui
1469 3594 1600 3637 hodie
1628 3593 1919 3638 Carlsckanze
1952 3609 2036 3639 vo..

1167 3656 1300 3693 catur.
1344 3652 1523 3695 Scilicet
1548 3652 1660 3696 idem
1684 3653 1912 3706 probatum
1934 3657 2032 3710 ivit,

1641 1445 1836 1497 Caesar
1869 1443 2047 1497 avidas
2062 1443 2130 1494 51
