2222 4022
150 270 268 315 XXII
943 269 1216 314 PROOEMII

151 417 295 470 malis
349 418 588 484 vitiisque
641 415 940 482 Vespasiani
996 417 1180 467 virtute
1229 416 1424 481 Titique
1485 405 1720 466 comitate
1777 411 1979 465 obviam

152 509 301 573 itum,
366 523 485 559 mox
537 505 810 558 Domitiani
868 507 1075 573 flagitiis
1143 507 1206 558 ad
1268 507 1446 557 eadem
1504 520 1767 564 recursum
1827 508 1977 556 esset.

151 600 323 665 Itaque
370 599 557 650 Tiberii
606 598 797 663 Gaique
832 602 881 648 et
917 597 1114 648 Claudii
1152 613 1212 648 ac
1248 598 1466 648 Neronis
1504 611 1616 660 reS,
1658 596 1705 646 h.
1749 612 1792 647 e.
1835 593 1980 660 prin-

154 690 317 755 cipum
380 705 444 741 ex
498 694 650 756 gente
691 687 901 740 Claudia
959 687 1251 751 historiam,
1313 685 1642 737 conscribere
1700 699 1978 753 aggressus

151 780 404 847 inceptum
446 780 595 831 editis
638 778 989 846 duodeviginti
1033 758 1303 828 Aiinalium
1332 777 1475 828 libris
1515 778 1755 828 executus
1790 780 1883 827 est.

296 871 443 930 Quod
481 868 635 937 vulgo
679 869 919 933 credunt,
959 868 1187 921 Annales
1225 869 1451 920 sedecim
1488 867 1658 932 libris,
1717 870 1983 933 quattuor-
1999 876 2067 923 12

154 961 318 1012 decim
357 960 609 1012 Histoi-ias
648 961 930 1026 descriptas
973 960 1148 1024 fuisse,
1192 975 1281 1010 cur
1321 958 1450 1010 falso
1491 959 1641 1010 statui
1680 959 1980 1023 existimem,

154 1051 316 1102 dicam
348 1066 496 1117 quam
529 1056 708 1117 potero
736 1051 1053 1103 brevissime.
1127 1052 1228 1101 Iam
1257 1051 1469 1116 primum
1501 1065 1599 1116 ego
1636 1062 1836 1115 quoque
1873 1064 1983 1100 cum

151 1142 408 1208 plerisque
461 1142 729 1193 omnibus¹
781 1156 1078 1207 persuasum
1131 1141 1325 1205 habeo,
1390 1140 1562 1191 verbis
1599 1140 1892 1206 Hieronymi
1931 1140 1984 1190 in

154 1232 539 1284 Commentariis
580 1232 643 1283 ad
683 1232 979 1283 Zachariam
1013 1232 1079 1283 111
1125 1229 1188 1282 14
1229 1231 1430 1297 scriptis
1483 1230 1634 1293 (haec
1670 1230 1840 1280 omnia
1869 1231 1987 1295 pte-

153 1323 358 1374 nissime
396 1322 643 1388 Iosephus
697 1322 782 1387 qui
820 1320 1081 1373 Iudaicam
1139 1322 1348 1386 scripsit
1394 1312 1682 1383 historiam,
1740 1326 1786 1371 et
1834 1322 1985 1372 multo

152 1418 354 1465 maiora
377 1430 528 1480 quam
553 1415 758 1480 leyimus
793 1414 845 1464 in
864 1414 1128 1480 prophetis
1157 1430 1243 1465 eos
1269 1414 1573 1465 sustinuisse
1605 1419 1986 1477 commemorat,-

156 1506 420 1556 Cornelius
441 1520 636 1571 quoque
676 1504 894 1570 Tacitus,
925 1506 1011 1571 qui
1042 1510 1160 1571 post
1184 1505 1461 1572 Auqustum
1492 1520 1652 1571 usque
1689 1506 1759 1556 ad
1781 1510 1989 1556 mortem

154 1595 430 1647 Domitiani
490 1597 624 1647 vitas
683 1597 965 1647 Caesarum
1033 1596 1237 1663 triyinta
1311 1596 1648 1647 volumim'bus
1711 1595 1985 1662 exaravit)

153 1690 414 1755 utriusque
451 1689 620 1754 operis
652 1688 811 1740 libros
834 1693 853 1720 2
890 1688 1099 1755 triginta
1125 1693 1418 1739 numeratos
1442 1703 1572 1740 esse.
1647 1688 1846 1739 Etenim
1875 1699 1988 1739 cum

158 1780 320 1832 series
356 1796 525 1831 rerum
564 1781 614 1830 in
655 1779 938 1831 Annalibus
979 1784 1027 1830 et
1064 1779 1303 1831 Historiis
1349 1780 1645 1831 traditarum
1687 1780 1755 1830 ita
1809 1794 1865 1831 se
1894 1778 1992 1830 ha-

157 1873 328 1937 beret,
381 1870 435 1923 ut
474 1873 560 1923 ubi
598 1871 824 1923 Annales
863 1870 1183 1935 desinerent,
1221 1871 1476 1923 Historiae
1514 1872 1753 1922 continuo
1793 1870 1993 1937 incipe-

156 1970 286 2028 rent,
326 1980 531 2030 pravam
561 1963 980 2022 consuetudinem
1008 1962 1349 2027 librariorum,
1389 1978 1535 2028 quam
1567 1961 1991 2028 deprehendimus

162 2057 214 2107 in
254 2055 519 2107 codicibus
558 2060 606 2119 et
645 2054 865 2119 antiquis
906 2054 1245 2118 editionibus,
1292 2059 1346 2104 ut
1383 2054 1716 2121 iungerentur
1752 2053 1866 2105 libri
1905 2068 1996 2105 su-

158 2146 395 2214 perstites
437 2151 486 2197 et
519 2151 772 2211 tamquam
812 2145 960 2196 unius
1000 2146 1170 2211 operis
1211 2148 1615 2209 numerarentur,
1662 2145 1759 2196 iam
1798 2145 1994 2211 pridem

158 2238 436 2290 invaluisse
488 2237 645 2287 verba
684 2237 982 2303 Hieronymi
1037 2241 1299 2287 testantur.
1374 2236 1473 2288 Sed
1514 2237 1750 2304 quoniam
1791 2235 1994 2288 ultimus

156 2328 426 2381 Annalium
464 2327 595 2378 liber
634 2327 783 2377 nobis
829 2327 1062 2393 cognitus
1115 2333 1288 2378 sextus
1341 2327 1566 2378 decimus
1620 2327 1671 2377 in
1726 2326 1991 2378 codicibus

157 2424 464 2483 numeratur,
506 2419 651 2485 isque
677 2418 857 2469 mediis
896 2419 947 2468 in
980 2419 1133 2470 rebus
1172 2419 1289 2469 anni
1327 2435 1355 2469 a
1386 2419 1501 2470 Chr.
1529 2417 1755 2470 66:819
1793 2417 1994 2470 mutilus

159 2516 231 2573 (c.
264 2510 358 2576 35)
401 2510 730 2575 abrumpitur,
774 2509 825 2558 in
865 2509 1125 2575 deperdita
1167 2515 1309 2576 parte
1348 2510 1573 2561 eiusdem
1612 2509 1727 2560 libri
1770 2508 1992 2575 reliquas

161 2601 278 2651 anni
319 2600 386 2651 66
425 2615 536 2663 reS‚
600 2600 718 2650 item
762 2605 874 2650 acta
925 2615 1171 2651 annorum
1213 2599 1278 2652 67
1322 2604 1371 2651 et
1405 2600 1472 2652 68
1527 2615 1688 2666 usque
1742 2600 1804 2650 ad
1841 2599 1991 2651 finem

158 2692 378 2745 Neronis
424 2696 496 2752 (a.
543 2691 590 2740 d.
630 2691 687 2742 V.
730 2688 843 2741 idus
881 2685 1017 2755 Iun.)
1065 2692 1347 2756 perscripta
1391 2691 1549 2743 fuisse
1583 2690 1736 2758 vulgo
1776 2690 1993 2756 opinan-

161 2787 256 2832 tur.
330 2782 397 2832 At
432 2796 555 2832 vero
596 2782 648 2831 in
686 2797 745 2832 ea
777 2797 833 2832 re
871 2782 970 2832 duo
1007 2796 1110 2832 non
1147 2782 1271 2832 satis
1307 2782 1629 2833 considerata
1656 2787 1786 2833 sunt.
1847 2782 1989 2846 Nam,

160 2878 214 2927 ut
267 2873 366 2923 hoc
409 2873 621 2937 primum
678 2887 930 2937 exequar,
990 2887 1051 2923 eo
1111 2873 1421 2938 principatus
1474 2873 1751 2924 Neroniani
1785 2872 1991 2924 biennio

162 2964 297 3030 quod
336 2964 562 3015 restabat
601 2963 889 3029 dicendum,
928 2979 1012 3015 res
1049 2968 1148 3014 tam
1186 2964 1371 3015 multae
1412 2967 1460 3015 et
1495 2979 1680 3031 graves
1718 2979 1778 3015 ac
1818 2964 1994 3016 variae

271 3135 308 3174 1.
361 3131 407 3172 In
452 3131 537 3173 alia
581 3132 723 3172 omnia
768 3130 954 3173 discedit
994 3138 1036 3172 et
1121 3131 1353 3173 Annalium
1382 3131 1491 3173 locis
1514 3128 1791 3187 intelligitur,
1826 3131 1991 3175 v127:

163 3191 391 3234 admodum
427 3193 590 3232 incerta
628 3223 638 3242 ,
673 3193 802 3232 immo
840 3191 946 3231 salsa
981 3190 1034 3231 de
1122 3192 1221 3231 obiit
1256 3192 1399 3232 eodem
1432 3205 1546 3231 aimo
1584 3198 1621 3231 et
1656 3191 1832 3232 Marcus
1861 3190 1993 3246 Lepi-

162 3251 243 3292 hac
277 3253 535 3305 quaestione
561 3250 727 3305 profert
756 3250 1034 3301 Niebuhrius,
1122 3250 1221 3302 dus,
1273 3251 1322 3290 <le
1369 3252 1486 3291 cuius
1529 3250 1824 3291 moderatione
1869 3257 2006 3304 alque.

162 3309 236 3350 ubi
271 3323 390 3351 suain
425 3310 478 3351 de
512 3310 765 3351 discrimine
800 3309 1032 3350 Annalium
1120 3312 1335 3364 sapientia
1381 3312 1427 3351 in
1472 3309 1687 3365 prioribus
1728 3310 1849 3354 libris
1890 3311 1995 3351 satis

163 3375 206 3410 et
236 3369 520 3410 ilistoriarum
554 3371 816 3410 senteutiam
854 3370 1035 3422 exponit
1122 3370 1353 3422 collocavi5
1402 3369 1455 3409 x!
1493 3371 1566 3411 11:
1612 3370 1828 3423 utriusque
1866 3371 1993 3425 prin-

162 3429 206 3468 in
242 3427 389 3468 Museo
422 3428 634 3470 Rhenano
676 3443 702 3470 a
732 3443 780 3471 se
812 3430 1034 3484 sociisque
1121 3430 1226 3484 cipis
1249 3427 1442 3485 (Claudii
1463 3435 1505 3469 et
1525 3427 1779 3480 Domitiani)-
1803 3430 1994 3469 raciones

164 3484 281 3528 edito
312 3484 403 3528 vol.
436 3486 472 3527 11
503 3498 544 3540 p.
583 3489 682 3531 293.
1116 3491 1408 3544 praetermitto
1427 3521 1437 3541 ,
1485 3490 1588 3530 satis
1630 3494 1839 3528 narratas
1871 3487 1993 3528 libris

258 3545 300 3588 2.
343 3542 568 3586 Librorum
605 3543 943 3599 descriptionem
979 3543 1031 3587 ab
1118 3547 1264 3602 quibus
1310 3560 1379 3590 res
1431 3546 1707 3603 imperatoris
1757 3541 1994 3588 Domitiam·

163 3603 257 3658 ipso
289 3601 435 3646 'l'a'cito
469 3600 707 3659 profect-am
744 3610 841 3645 esse
875 3615 929 3645 ex
964 3600 1029 3645 his
1118 3609 1344 3663 composui,
