2280 4004
234 272 325 315 350

993 266 1285 318 ANNALIVM

1809 288 1855 321 a..
1882 284 1927 323 tt.
1958 275 2062 323 788.

235 410 602 465 Pharasmanes
661 411 892 478 integros
941 418 1105 465 semet
1131 423 1133 426 ’
1163 429 1190 465 a
1239 413 1472 466 Parthico
1524 415 1811 483 dominatu,
1839 423 2062 486 :quanto

234 503 428 555 maiora
463 506 719 569 peterent,
770 501 881 567 plus
919 502 1124 555 decoris
1163 504 1388 556 victores
1430 510 1543 571 aut,
1603 507 1645 557 si
1681 512 1828 576 terga
1868 509 2063 576 darent,

233 594 411 661 flagitii
441 598 591 658 atque
628 592 842 658 periculi
880 593 1108 663 laturos..
1165 594 1320 646 Simul
1356 595 1616 648 horridam
1643 612 1850 650 suorum
1885 599 2063 666 aciem,

232 686 367 751 picta
404 698 528 736 auro
551 683 814 737 Medorum
851 685 1071 752 agmina,
1108 669 1229 736 hinc
1261 686 1418 752 viros,
1455 687 1850 755 indepraedam
1885 695 2068 744 osten-

196 775 375 828 sdere.
447 775 722 829 Enimvero
762 776 893 842 apud
923 776 1178 829 Sarmatas
1210 792 1314 828 non
1351 793 1452 830 una
1482 790 1587 830 vox
1622 779 1795 832 ducis:
1832 795 1890 832 se
1921 779 2151 848 quis-35

235 882 332 933 que
370 866 661 932 stimulant,
718 883 783 920 ne
832 882 1054 934 pugnam
1097 883 1191 934 per
1237 869 1449 936 sagittas
1506 869 1720 922 inirent:
1783 871 1971 938 impetu
2016 877 2077 924 et·

233 958 514 1009 comminus
563 959 1011 1024 praeveniendum.
1086 946 1273 1012 Variae
1326 960 1446 1011 hinc
1495 961 1786 1013 bellantium
1845 963 2063 1029 specieS‚

233 1064 344 1100 cum
395 1050 606 1102 Parthus
658 1050 804 1116 sequi
852 1050 933 1102 vel
991 1052 1171 1117 fugere
1222 1051 1332 1117 pari
1382 1057 1490 1104 arte
1534 1058 1706 1104 suetus
1759 1053 2065 1106 distraheret

229 1145 436 1206 turmaS‚
476 1141 690 1207 spatium
728 1141 910 1193 ictibus
942 1147 1227 1208 quaereret,
1264 1143 1524 1194 Sarmatae
1559 1144 1753 1196 omisso
1777 1157 1918 1209 arcu,
1955 1159 2058 1211 quo

167 1242 215 1279 ιο
230 1232 436 1284 brevius
486 1232 685 1298 valent,
755 1233 918 1284 contis
968 1233 1257 1300 gladiisque
1308 1239 1544 1299 ruerent,
1599 1235 1754 1286 modo
1813 1235 2063 1302 equestris

232 1323 415 1389 proelii
468 1337 612 1375 more
650 1323 832 1374 frontis
883 1328 932 1374 et
970 1324 1102 1390 tergi
1150 1323 1323 1388 viceS‚
1385 1324 1687 1390 aliquando,
1743 1329 1800 1376 ut
1833 1325 2062 1380 conferta

232 1414 402 1479 acieS‚
467 1413 770 1480 corporibus
820 1418 870 1465 et
923 1413 1069 1480 pulsu
1126 1428 1381 1466 armorum
1438 1415 1686 1481 pellerent
1739 1415 2063 1482 pellerentur.

231 1504 436 1571 lamque
477 1510 528 1557 et
577 1505 764 1556 Albani
809 1504 1085 1571 Hiberique
1142 1520 1391 1571 prensare
1448 1506 1758 1575 detrudere,
1796 1507 2065 1574 ancipitem

230 1611 450 1665 pugnam
488 1597 720 1648 hostibus
761 1596 963 1661 facere,
1025 1612 1152 1662 quos
1190 1612 1344 1664 super
1398 1609 1585 1664 eqneS‚
1644 1582 2066 1666 et⁰propioribus

162 1700 216 1738 *¹5
232 1688 526 1740 vulneribus
563 1688 761 1755 pedites
795 1688 1137 1741 adflictabant.

1214 1689 1349 1740 Inter
1379 1705 1511 1756 quae
1537 1689 1910 1742 Pharasmanes
1931 1691 2068 1743 Oro-

232 1778 454 1846 desque,
517 1780 634 1831 dum
684 1779 908 1833 strenuis
960 1779 1143 1831 adsunt
1198 1785 1284 1831 aut
1340 1781 1685 1832 dubitantibus
1744 1781 2064 1846 subveniunt,

231 1870 494 1937 conspicui
533 1884 698 1936 eoque
733 1870 910 1937 gnari‚·
931 1870 1153 1944 clamore
1184 1871 1297 1923 telis
1322 1871 1467 1937 equis
1505 1876 1831 1938 concurrunt,
1869 1871 2068 1924 instan-

228 1964 326 2014 tius
350 1963 749 2020 Pharasmanes:
788 1977 903 2016 nam
936 1962 1117 2014 vulnus
1142 1962 1235 2030 per
1258 1963 1457 2030 galeam
1491 1946 1691 2032 adegit.
1731 1948 1845 2016 *Nec
1876 1963 2064 2016 iterare

228 2053 415 2119 valuit,
456 2053 712 2120 praelatus
754 2067 917 2120 eque,
958 2058 1008 2107 et
1049 2044 1339 2106 fortissimis
1371 2053 1639 2105 satellitum
1675 2054 2064 2121 protegentibus

163 2145 474 2198 aosaucium.
550 2145 701 2196 Fama
737 2149 903 2196 tamen
942 2144 1103 2196 occisi
1141 2144 1271 2196 falso
1324 2144 1516 2197 credita
1557 2144 1802 2197 exterruit
1834 2143 2062 2211 Parthos,

346 2290 389 2333 6.
423 2291 615 2332 sinerent
645 2288 713 2336 M:
751 2291 942 2332 correxit
974 2289 1231 2333 Beroaldus.

1346 2292 1385 2333 7.
1419 2290 1571 2347 spelies
1604 2290 1658 2333 M.
1802 2291 1871 2334 10.
1903 2291 2062 2346 equites

231 2356 317 2392 tres
350 2350 416 2391 M:
451 2350 643 2392 correxit
674 2349 926 2392 Rhenanus.
994 2352 1063 2394 11.
1099 2357 1300 2393 conserta
1331 2350 1398 2392 M:
1431 2352 1632 2406 conserta
1660 2347 1714 2391 ab
1745 2348 1947 2392 Ernesuo
1977 2356 2061 2392 est.

232 2410 301 2453 14.
333 2409 607 2466 propioribus
638 2407 693 2463 Μ,
728 2422 814 2451 non
848 2423 876 2452 a
902 2411 1191 2467 propioribus.

229 2469 302 2514 20.
337 2469 502 2511 saucim
533 2469 587 2512 M.

323 2582 428 2636 Cap.
458 2582 529 2624 35.
595 2582 775 2634 brevius,
810 2582 852 2624 h.
889 2595 928 2624 e.
963 2582 1102 2638 magis

229 2654 283 2682 ex
318 2643 590 2696 propinquo:
633 2646 783 2683 contra
821 2639 966 2681 Parthi
1013 2640 1103 2681 suis

228 2701 401 2756 sagittis
420 2700 596 2755 longi—us
615 2698 801 2754 spatium
821 2698 1103 2755 quaerebant,

229 2759 284 2800 ol»
309 2756 652 2816 magnitudinem
677 2764 720 2800 et
750 2759 953 2800 virtutem
977 2772 1104 2800 arcus

230 2817 519 2860 vehementer
550 2818 792 2859 ruentibus.

294 2877 417 2919 modo
438 2877 643 2933 equestris
657 2876 817 2933 proelii
835 2890 951 2918 nitore
972 2877 1101 2931 firon-

229 2937 282 2979 tis
314 2943 353 2979 et
385 2937 496 2992 tergi
529 2936 668 2978 vices.-
702 2935 814 2977 haec
846 2935 900 2977 de
934 2935 1102 2977 Parthis

229 2994 344 3038 dicta
395 3001 522 3048 sunt,
572 3008 684 3051 quae
732 2999 995 3050 sequuntur,
1048 2994 1102 3036 de

232 3054 405 3097 Hiberis
432 3061 475 3097 et
496 3055 644 3097 sociis.
709 3053 810 3095 Post
829 3054 942 3095 vices
965 3054 1101 3093 omis-

229 3127 322 3156 sum
357 3119 423 3157 est
444 3121 594 3167 essent,
628 3113 712 3155 hoc
743 3118 887 3155 autem
921 3112 1102 3167 perinde

230 3187 280 3215 ac
309 3172 521 3230 pellerent
556 3173 823 3229 pellerentur
855 3171 1017 3227 pendet
1049 3185 1102 3213 ex

231 3245 490 3289 praegressa
513 3232 726 3287 particula
749 3246 856 3274 cum.
912 3231 1101 3272 Verbum

231 3299 369 3333 essent
435 3292 569 3333 tribus
636 3292 775 3332 modis
830 3292 1101 3345 supprimere

230 3351 403 3393 Tacitus
437 3365 567 3393 ausus
603 3357 698 3403 est,
744 3351 928 3404 primum
961 3350 1025 3391 sic
1056 3355 1102 3389 ut

232 3410 517 3464 praecederet
548 3417 591 3452 et
630 3416 889 3464 sequeretur
923 3408 1100 3451 verbum

232 3483 285 3509 ex
311 3468 460 3511 eadem
488 3471 801 3511 coniunctione
825 3481 1099 3522 suspensum,

233 3534 277 3567 ut
309 3529 325 3568 l
356 3528 440 3570 65:
487 3543 576 3569 noa:
606 3542 686 3583 per
718 3528 889 3570 diversa
919 3527 1100 3583 inquies,

231 3599 325 3627 cum
372 3587 550 3629 barbari
590 3588 709 3640 festis
771 3586 931 3643 epulis,
987 3586 1100 3627 laeto

232 3646 669 3690 cantu—resultantis
682 3647 814 3691 saltus
827 3645 1098 3705 complerent,

1276 2409 1342 2451 15.
1375 2409 1569 2464 interque
1602 2410 1658 2452 Μ.
1737 2409 1808 2455 ‚19-
1837 2407 1974 2452 valiat
2006 2410 2061 2452 Μ.

1190 2582 1304 2637 apud
1339 2582 1558 2624 Romanos
1599 2583 1782 2628 invalidi
1813 2587 1956 2642 iques,
1988 2587 2062 2628 iu-

1190 2647 1408 2695 terruplae
1438 2653 1562 2682 voces
1585 2644 1799 2701 (essent),
1824 2652 1951 2699 aeque
1981 2645 2065 2700 ipsi

1183 2700 1347 2757 passim
1388 2699 1640 2743 adiacerent
1680 2703 1811 2749 vallo.
1889 2703 2059 2747 Sufficit

1191 2765 1351 2810 tamen,
1385 2760 1420 2799 si
1444 2763 1608 2801 tantum
1631 2763 1830 2818 sequitur
1861 2763 2058 2812 verbum,

1191 2817 1307 2873 quod
1350 2831 1403 2859 ex
1454 2818 1605 2860 eadem
1644 2821 1891 2875 particula,
1947 2820 2062 2869 ualde

1191 2888 1470 2930 suppressum
1525 2886 1632 2920 esset
1677 2881 1748 2924 vel
1799 2888 1937 2923 esseut
1989 2881 2060 2923 vel

1185 2938 1349 2991 suisset,
1383 2936 1594 2991 pendeat,
1646 2945 1692 2980 ut
1726 2939 1782 2982 Vl
1825 2939 1905 2983 37:
1961 2941 2062 2994 quia

1188 3009 1334 3036 eorum
1374 3009 1481 3050 quae
1513 3003 1634 3039 terra
1674 2998 1847 3041 caelove
1874 3006 2058 3054 pou-een-

1188 3055 1391 3095 ‹lev-entur
1422 3055 1581 3095 certior
1607 3057 1713 3110 fides
1745 3060 1935 3114 (esset),
1975 3059 2061 3113 llu-

1186 3114 1346 3154 utinum
1364 3113 1575 3156 instabilis
1591 3123 1754 3158 natura
1770 3116 1897 3158 simul
1912 3123 2060 3157 oslen-

1188 3172 1307 3214 deret
1329 3173 1474 3214 omina
1491 3181 1758 3230 raperetque.
1822 3174 1839 3217 1
1871 3175 1925 3220 9:
1952 3175 2062 3230 quod

1185 3232 1298 3273 idem
1329 3231 1417 3273 dies
1448 3235 1616 3288 accepti
1647 3234 1859 3289 quondam
1890 3235 2061 3291 imperii

1181 3292 1384 3347 princeps
1406 3298 1444 3332 et
1465 3292 1577 3333 vitae
1598 3307 1819 3349 supremus
1844 3293 2058 3351 (suisset),

1189 3376 1243 3383 —-
1276 3350 1386 3404 quod
1406 3349 1544 3392 Nolae
1575 3351 1622 3394 in
1641 3353 1762 3394 domo
1795 3359 1834 3394 et
1867 3350 2058 3394 cubiculo

1186 3409 1234 3449 in
1277 3423 1355 3463 quo
1393 3417 1523 3465 pater
1567 3413 1657 3453 eius
1690 3411 1890 3454 octavius
1928 3411 2058 3451 vitam

1181 3468 1403 3521 linivisset.
1450 3468 1500 3510 H.
1523 3468 1583 3510 1v
1609 3471 1692 3513 34:
1717 3477 1931 3524 tanquam
1949 3481 2056 3523 per-

1188 3526 1302 3568 ditae
1345 3527 1461 3584 apud
1491 3528 1708 3570 Romanos
1748 3542 1817 3569 res
1857 3529 2053 3582 (essent)

1188 3594 1226 3627 et
1267 3587 1354 3628 suis
1393 3587 1578 3628 victoria
1614 3587 1892 3642 provenisset.
1967 3583 2054 3625 Po-

1186 3651 1346 3689 stremo
1378 3647 1483 3689 satis
1517 3646 1558 3689 ei
1583 3647 1725 3690 visum
1758 3649 1852 3700 est,
1884 3643 1920 3688 si
1955 3649 2053 3702 post
