2280 4004
215 272 280 314 48
994 265 1285 309 ANNALWM

1793 279 1833 310 a.
1865 277 1910 311 u.
1942 264 2043 311 ⁷67.

217 413 421 467 Tiberio
465 412 708 478 acceptiS,
745 416 798 462 tu
838 415 912 462 tot
944 410 1256 477 proeliorum
1290 408 1462 474 socia,
1500 413 1576 460 tot
1600 407 1843 475 praemiis
1878 415 2044 475 aucta,

219 504 481 574 egregiam
524 503 640 555 duci
683 507 855 554 vestro
895 502 1108 570 gratiam
1161 500 1406 555 refertis?
1476 501 1621 552 Hunc
1673 514 1773 568 ego
1821 501 2048 556 nuntium

216 595 365 663 patri,
403 595 535 647 laeta
573 594 742 646 omnia
782 593 896 645 aliis
937 609 965 645 e
1002 593 1283 659 provinciis
1320 592 1573 658 audienti,
1613 592 1812 644 feram?
1889 592 2049 659 ipsius

218 689 432 753 tirones,
469 687 630 753 ipsius
668 690 943 737 veteranos
981 697 1084 736 non
1094 685 1384 761 missione,
1414 699 1519 735 non
1555 684 1772 750 pecunia
1810 683 2082 746 satiatos}

182 777 304 829 shic
340 782 529 828 tantum
566 775 781 827 interfici
811 774 1154 839 centurioneS,
1196 774 1295 825 eici
1329 773 1578 840 tribunos,
1609 773 1800 825 includi
1831 773 2048 841 legat08‚

218 869 407 921 infecta
445 868 697 935 sanguine
739 871 934 932 castra,
986 866 1222 930 flumina3
1286 881 1466 932 meque
1509 866 1794 932 precariam
1833 865 2050 916 animam

218 960 351 1011 inter
390 959 621 1011 infensos
656 957 876 1010 trahere.

952 958 1053 1010 Cur
1081 958 1213 1010 enim
1250 958 1412 1024 primo
1453 957 1707 1009 contionis
1743 956 1826 1008 die
1860 957 2050 1008 ferrum
2066 956 2137 1005 43

217 1050 372 1117 illud,
412 1051 547 1117 quod
587 1050 785 1116 pectori
825 1064 939 1101 meo
977 1050 1192 1117 infigere
1229 1050 1498 1116 parabam,
1537 1048 1858 1114 detraxistis,
1898 1062 1930 1098 o
1967 1046 2053 1097 in-

219 1141 422 1209 providi
464 1140 641 1193 amici!
696 1140 875 1192 melius
915 1145 963 1192 et
1000 1140 1246 1192 amantius
1283 1140 1369 1192 ille
1405 1139 1488 1207 qui
1521 1139 1745 1207 gladium
1787 1137 2074 1191 offerebam
2161 1151 2164 1154 ⁴

161 1248 210 1289 ιο
225 1233 538 1286 Cecidissem
573 1236 711 1285 certe
748 1232 972 1284 nondum
1008 1237 1083 1283 tot
1130 1232 1438 1300 flagitiorum
1485 1231 1734 1283 exercitui
1769 1245 1885 1291 meo
1925 1243 2057 1280 con·
2086 1222 2179 1292 -‘-;s

223 1325 361 1379 scius
374 1343 388 1389 3
421 1324 680 1392 legissetis
721 1324 919 1390 ducem,
959 1324 1043 1390 qui
1085 1340 1247 1376 meam
1272 1324 1475 1390 quidem
1513 1328 1726 1375 mortem
1764 1320 2054 1388 impunitam

222 1416 440 1482 sineret,
494 1416 616 1468 Vari
654 1420 823 1468 tamen
863 1420 913 1467 et
948 1415 1098 1466 trium
1148 1415 1407 1483 legionum
1457 1415 1807 1466 ulcisceretur.

1877 1413 2055 1478 Neque

222 1509 354 1561 enim
393 1508 445 1559 di
483 1508 653 1560 sinant
697 1513 751 1558 ut
784 1507 1083 1575 Belgarum,
1144 1522 1444 1574 quamquam
1486 1506 1840 1570 offerentium,
1896 1503 2054 1556 decus

221 1599 357 1651 istud
381 1603 432 1651 et
459 1598 708 1650 claritudo
730 1599 829 1664 -sit,
869 1598 1171 1650 subvenisse
1190 1599 1419 1651 Romano
1453 1598 1662 1663 nomini,
1688 1595 2056 1663 compressisse

159 1703 209 1744 ¹⁵
225 1691 526 1745 Germaniae
563 1690 796 1757 populos.

869 1690 990 1755 Tua,
1035 1690 1152 1742 dive
1180 1689 1427 1758 Auguste,
1465 1689 1608 1742 caelo
1647 1692 1853 1754 recepta
1891 1699 2052 1750 menS,

221 1789 324 1849 tua,
363 1787 509 1850 pater
549 1783 738 1847 Druse,
782 1782 986 1849 imag0,
1030 1782 1101 1832 tui
1141 1782 1385 1834 memoria
1424 1782 1587 1833 isdem
1621 1780 1730 1832 istis
1770 1794 1883 1830 cum
1920 1777 2056 1829 mili-

221 1874 372 1939 tibus,
412 1888 538 1940 quos
576 1873 676 1924 iam
712 1872 878 1939 pudor
914 1877 964 1923 et
999 1872 1169 1940 gloria
1204 1873 1373 1938 intrat,
1412 1872 1582 1924 eluant
1622 1872 1753 1923 hanc
1787 1868 2053 1934 maculam,

225 1968 431 2035 irasque
481 1967 660 2019 civiles
713 1966 767 2017 in
821 1965 1028 2019 exitium
1080 1966 1311 2018 hostibus
1363 1970 1578 2017 vertant.

339 2103 382 2145 4.
417 2102 605 2146 saciatos
636 2100 691 2143 M.
755 2099 797 2144 6.
826 2100 1108 2157 praecariam
1129 2099 1186 2142 Μ.

931 2160 1089 2203 Fluant
1119 2160 1174 2202 M.

220 2162 322 2206 istut
337 2162 392 2205 Μ.
458 2161 526 2205 16.
558 2163 679 2204 istem
710 2160 765 2203 M.
834 2161 901 2203 17.

232 2293 355 2345 (post
389 2288 492 2331 Chr.
525 2302 564 2331 a.
599 2289 679 2346 9),
723 2291 841 2331 caesi
884 2290 1105 2331 exercitus

225 2349 438 2405 reliquias
471 2348 741 2390 collecturus
761 2363 812 2390 ac
834 2348 1105 2390 firmaturus:

230 2409 432 2451 Velleius
463 2407 501 2449 11
538 2408 636 2451 120.
671 2407 755 2449 Dio
788 2407 883 2450 LVI
914 2410 986 2452 23.
1033 2407 1107 2449 Ti..

226 2468 376 2511 berius
397 2473 542 2509 tamen
565 2468 694 2508 unius
719 2473 885 2509 tantum
900 2467 1107 2525 legionis,

231 2534 275 2570 et
308 2527 484 2583 quidem
518 2527 714 2581 primae,
764 2540 839 2569 eas
883 2529 1002 2570 vires
1034 2530 1108 2568 in-

227 2589 365 2640 venit,
401 2593 448 2626 ut
479 2586 683 2640 suppleto
708 2587 848 2628 milite
876 2587 988 2628 hanc
1021 2588 1108 2627 ite-

227 2659 324 2688 rum
375 2657 640 2700 componere
690 2652 734 2687 et
790 2648 919 2688 novis
970 2647 1108 2702 signis

230 2706 402 2748 donatis
460 2706 639 2760 antiquo
688 2707 866 2748 nomine
926 2718 1105 2747 servare

230 2770 395 2820 posset.
458 2764 523 2805 Ex
562 2765 747 2819 reliquis
780 2765 947 2807 duabus
982 2765 1102 2806 illius

233 2826 454 2866 exercitus
487 2824 767 2879 legionibus,
818 2825 861 2867 h.
898 2838 937 2867 e.
970 2824 1110 2865 uncle-

231 2884 435 2925 vicesima
449 2888 491 2924 et
504 2883 857 2937 duodevicesima,
877 2890 962 2925 tam
980 2884 1108 2937 pauci

232 2942 439 2984 videntur
457 2944 669 2995 evasisse,
691 2949 738 2983 ut
761 2943 837 2985 has
861 2943 914 2985 de
936 2945 1109 2998 integro

236 3014 504 3057 componere
535 3001 732 3043 Tiberius
774 3004 870 3044 sive
916 3003 1112 3043 omiserit

234 3064 332 3104 sive
351 3061 574 3117 religione
596 3060 841 3115 prohibitus
859 3062 929 3102 sit.
981 3059 1111 3101 Certe

235 3122 288 3163 ab
326 3121 411 3162 hoc
444 3126 641 3174 tempore
686 3119 791 3162 illae
834 3120 1037 3176 legiones
1068 3121 1111 3160 in

234 3180 366 3222 rebus
387 3180 593 3221 Romanis
619 3179 703 3221 iam
728 3191 815 3220 non
840 3184 1109 3233 comparent.

234 3240 321 3283 Eas
355 3245 500 3281 autem
534 3244 710 3293 praeter
742 3245 922 3293 primam
942 3240 985 3279 in
1010 3238 1112 3279 Vari

234 3299 392 3341 militia
425 3300 590 3351 fuisse,
636 3297 680 3339 id
713 3297 767 3340 de
798 3298 1114 3339 undevicesima

237 3365 408 3399 constat
443 3372 497 3399 ex
530 3357 677 3399 Tacito
710 3356 727 3398 1
762 3358 847 3410 60,
897 3356 950 3399 de
1001 3358 1109 3398 duo-

238 3417 495 3458 devicesima
535 3431 589 3458 ex
632 3416 778 3471 lapide
814 3417 951 3459 Musei
984 3416 1106 3457 Bon-

235 3478 400 3526 nensis,
436 3488 563 3528 quem
598 3477 639 3516 in
667 3481 932 3547 κενοταᾳίῳ
968 3476 1114 3530 posuit

236 3533 281 3576 P.
307 3531 482 3574 Caelius
516 3534 637 3574 ιἰῃιιῑιί
668 3536 722 3576 Μ.
747 3534 898 3577 Caelio
928 3534 1110 3591 ‘legato'

238 3593 449 3647 (nominis
492 3590 632 3647 Ieyato
675 3594 822 3634 littera
869 3609 891 3634 o
931 3595 1104 3650 integra

236 3657 387 3707 restat,
420 3655 687 3711 ttruncata)
719 3652 928 3710 ‘legionis
950 3652 1100 3707 XIIX’3

1675 1966 1780 2017 Vos
1835 1976 2054 2030 quoque,

1253 2101 1321 2144 11.
1352 2101 1443 2158 inp.
1467 2100 1522 2143 M.
1589 2102 1658 2145 12.
1691 2101 1844 2143 siniret
1865 2100 1921 2143 Μ.
1950 2087 2055 2143 ζι4.

1182 2289 1236 2330 de
1264 2291 1410 2345 prima
1443 2289 1557 2332 idem
1598 2302 1682 2347 ego
1724 2303 1778 2333 ex
1817 2290 1886 2333 his
1917 2290 2053 2333 Taciti

1181 2348 1327 2391 verbis
1351 2349 1498 2391 elicio.
1562 2349 1752 2406 Legatus
1777 2352 1941 2405 primae
1972 2350 2056 2392 fuit

1191 2408 1301 2450 Vala
1323 2409 1572 2461 Numenius,
1608 2410 1732 2451 cuius
1765 2421 1924 2452 nomen
1957 2423 2055 2451 ser-

1181 2469 1304 2509 vavit
1339 2467 1536 2510 Velleius
1569 2467 1710 2511 1119.
1780 2469 2055 2512 Undevicesi-

1181 2541 1294 2568 mam
1324 2527 1499 2583 legatus
1532 2529 1788 2582 provinciae
1831 2527 2056 2571 inferioris

1184 2588 1324 2629 Varus
1345 2588 1439 2641 ipse
1472 2586 1608 2640 duxit,
1643 2593 1690 2627 ut
1714 2600 1798 2644 ego
1832 2587 2083 2645 colligen--

1183 2647 1282 2688 dum
1304 2647 1508 2688 existimo
1529 2661 1582 2688 ex
1602 2660 1638 2688 c.
1659 2647 1739 2690 60:
1762 2647 1811 2689 L.
1827 2648 2056 2690 Stertinius

1183 2732 1239 2739 —
1276 2707 1465 2761 repperit
1495 2706 1836 2748 undevicesimae
1877 2706 2056 2763 legionis

1183 2765 1372 2821 aquilam
1404 2779 1497 2806 cum
1538 2765 1650 2808 Varo
1683 2766 1897 2808 amissam.

1243 2823 1348 2879 Cap.
1368 2825 1442 2867 43.
1493 2826 1702 2867 exercitui
1719 2839 1810 2866 meo
1833 2825 2054 2868 conscius:

1183 2889 1402 2926 structura
1456 2884 1690 2926 ver-borum
1739 2883 1907 2927 Graeca
1960 2890 2054 2927 est.

1184 2948 1248 3002 τῷ
1281 2944 1463 3002 στρατῷ
1497 2949 1558 3013 ,τῷ
1580 2947 1785 3004 ἐμαυτοῦ
1815 2944 2055 2994 συνειδως.

1271 3003 1403 3044 isdem
1433 3003 1526 3045 istis
1559 3018 1653 3045 cum
1683 3003 1909 3046 militibus:
1955 3003 2055 3045 dum

1186 3061 1292 3102 dicit
1326 3061 1607 3103 Gennanicus
1649 3063 1780 3104 isdem
1824 3063 1916 3104 istis
1963 3076 2058 3104 cum

1183 3119 1386 3162 militibus
1447 3123 1677 3175 supprimit
1742 3121 2055 3177 cogitationem

1185 3185 1341 3232 sponte
1405 3179 1685 3221 audientibus
1749 3180 2055 3222 obversantem

1187 3238 1334 3292 quibus
1368 3237 1468 3279 olim
1493 3240 1738 3295 praefuisti,
1772 3252 1917 3295 neque
1949 3251 2056 3282 sen-

1185 3297 1325 3339 tentia
1355 3297 1543 3340 relativa
1579 3311 1691 3354 quae
1726 3301 1924 3354 sequitur
1955 3311 2057 3354 quos

1185 3358 1274 3398 iam
1290 3357 1432 3413 pudor
1452 3364 1491 3399 et
1506 3357 1650 3413 gloria
1667 3359 1804 3400 intrat
1826 3357 2056 3400 referenda

1187 3422 1254 3458 est
1294 3416 1346 3457 ad
1377 3416 1510 3458 isdem
1547 3419 1665 3470 istis,
1721 3417 1797 3459 sed
1842 3429 1920 3471 per
1960 3428 2054 3458 cam

1186 3488 1300 3517 nova
1339 3476 1526 3517 militum
1572 3476 1818 3532 designatio
1859 3475 2053 3517 affertur.

1185 3534 1335 3590 Itaque
1368 3536 1542 3592 virgula
1585 3537 1726 3589 posita
1767 3536 1810 3575 in
1855 3533 2054 3587 pluribus

1191 3594 1455 3638 editionibus
1487 3600 1586 3651 post
1630 3593 1835 3637 memoria
1866 3591 2053 3636 delenda

1189 3660 1269 3697 est.
