2280 4004
196 279 289 325 2³2
1005 279 1296 326 ANNALIVM

1776 297 1816 329 a.
1847 297 1893 331 u.
1923 283 2029 335 815.

197 420 423 474 aemulis
499 420 728 472 Validam
769 432 970 487 quoque
1004 425 1054 472 et
1090 419 1344 474 laudatam
1379 422 1763 491 antiquitatem,
1795 426 2030 494 quotiens

197 511 398 563 fortuna
447 516 623 563 contra
666 511 842 576 daret,
901 511 1051 563 saluti
1104 512 1440 566 consuluisse.
1516 516 1625 578 Qua
1666 516 2027 584 desperatione

198 602 450 654 exercitus
501 601 604 653 dux
653 601 893 655 subactus
946 604 1136 670 primas
1193 609 1362 657 tamen
1398 606 1592 659 litteras
1631 607 1696 659 ad
1732 607 2026 678 Vologesen

195 707 296 745 non
331 692 584 759 supplices
623 693 715 745 sed
755 694 808 744 in
848 695 1052 747 modum
1092 697 1350 771 querentis
1391 699 1702 765 composuit,
1761 700 1896 766 quod
1931 714 2025 768 pro

157 784 450 843 ⁵Armeniis
486 800 689 851 semper
727 787 988 839 Romanae
1025 777 1277 854 dicioniS,
1317 794 1401 841 aut
1440 789 1686 843 subiectis
1723 791 1838 860 regi
1878 805 2026 858 quem

192 875 469 942 imperator
496 877 789 946 delegisset,
819 878 1026 930 hostilia
1064 880 1282 933 faceret:
1320 895 1499 947 pacem
1527 897 1592 934 ex
1626 897 1789 950 aequo
1826 883 2027 948 utilem}

192 984 258 1024 ne
287 969 575 1036 praesentia
601 975 791 1021 tantum
831 975 1100 1037 spectaret.
1178 973 1343 1039 Ipsum
1367 972 1614 1026 adversus
1644 974 1768 1026 duas
1793 974 2026 1044 legiones

192 1060 312 1113 totis
366 1061 515 1129 regni
567 1061 761 1114 viribus
821 1062 1122 1116 advenisse:
1177 1069 1227 1116 at
1262 1065 1502 1118 Romanis
1555 1065 1729 1118 orbem
1778 1071 2027 1120 terrarum

198 1151 474 1219 reliquum,
538 1167 636 1219 quo
673 1153 857 1207 bellum
899 1155 1148 1207 iuvarent.
1223 1155 1305 1207 Ad
1342 1172 1402 1208 ea
1439 1156 1725 1225 Vologeses
1771 1158 1895 1209 nihil
1934 1173 2025 1225 pro
2044 1163 2111 1213 14

131 1264 177 1300 ιο
195 1258 378 1309 causa,
443 1244 535 1296 sed
589 1245 932 1311 opperiendos
982 1247 1079 1298 sibi
1132 1247 1316 1299 fratres
1363 1247 1607 1300 Pacorum
1672 1264 1733 1300 ac
1769 1249 2027 1302 Tiridaten

191 1335 488 1402 rescripsit3
541 1336 678 1388 illum
725 1337 892 1389 locum
933 1343 1229 1406 tempusque
1279 1339 1496 1391 consilio
1553 1339 1856 1393 destinatum
1906 1341 2026 1407 quid

196 1427 260 1479 de
296 1427 538 1480 Armenia
588 1435 858 1481 cernerent
869 1447 884 1494 3
941 1429 1196 1482 adiecisse
1234 1429 1359 1482 deos
1399 1430 1606 1498 dignum
1641 1430 2024 1498 Arsacidarum,

192 1519 341 1570 simul
369 1524 422 1571 ut
452 1520 515 1571 de
551 1519 841 1589 legionibus
867 1522 1108 1574 Romanis
1136 1526 1431 1574 statuerent.
1505 1522 1647 1575 Missi
1675 1527 1791 1589 post
1822 1523 2020 1576 aPaeto

191 1610 351 1663 nuntii
392 1616 441 1663 et
479 1611 619 1681 regis
661 1613 969 1680 colloquium
1019 1614 1255 1681 petitum,
1317 1614 1402 1681 qui
1438 1615 1670 1667 Vasacen
1712 1615 2024 1681 praefectum

310 1769 348 1810 1.
383 1767 531 1810 emulis
559 1767 639 1811 Ma·

375 1827 478 1870 utile
511 1826 591 1871 Ma.

367 1888 434 1933 10.
465 1902 702 1944 paucorum
735 1889 812 1932 illa.

190 1824 269 1869 Ma.

190 1884 269 1931 Ma.

189 2006 267 2048 lin.
301 2005 382 2049 Ma.

188 2064 276 2109 Ma:
316 2066 591 2111 emendatum
623 2069 667 2111 in
699 2069 809 2124 Spir.

189 2212 297 2242 cam.
358 2200 424 2242 Ac
456 2200 640 2255 primum
674 2201 849 2257 quidem
883 2201 1071 2244 dubitari

187 2272 275 2301 non
301 2266 461 2315 potest,
485 2262 589 2316 quin
612 2261 722 2303 illud
739 2261 894 2303 Italico
911 2261 1068 2318 populo

188 2320 240 2361 ab
279 2319 456 2361 homine
501 2321 744 2363 semidocto
789 2322 955 2363 nomini
988 2322 1070 2364 Sa-

187 2379 396 2421 mnitibus
441 2380 486 2420 in
531 2382 677 2435 prisco
733 2381 887 2423 codice
941 2394 1071 2436 supra

188 2451 362 2481 versum
398 2441 633 2494 ascriptum
670 2447 713 2482 et
745 2442 847 2482 inde
880 2441 922 2482 in
959 2453 1069 2483 con-

189 2504 354 2540 textum
387 2499 621 2542 verborum
643 2500 811 2542 illatum
840 2502 911 2542 sit.
964 2500 1070 2542 Nam

189 2559 262 2613 qui
285 2559 523 2614 loquuntur
549 2566 650 2602 sunt
670 2559 921 2616 legionarii,
956 2559 998 2601 h.
1028 2573 1067 2601 e.

190 2619 311 2659 cives
349 2618 556 2672 Romani,
606 2620 636 2660 ii
671 2626 816 2660 autem
851 2619 1068 2674 quomodo

189 2677 405 2721 Samnites
453 2691 550 2720 esse
609 2678 817 2732 populum
870 2677 1070 2719 Italicum

189 2737 424 2778 admonere
456 2743 557 2792 apte
589 2743 815 2792 poterunt,
851 2737 1068 2793 quomodo

190 2796 307 2852 quod
332 2797 532 2839 omnibus
560 2798 835 2839 notissimum
860 2802 952 2838 erat
985 2798 1070 2838 im-

190 2862 374 2910 portune
398 2857 602 2913 ingerere
615 2856 924 2899 sustinebunt?
946 2855 1071 2908 Quod

189 2917 386 2970 seqnitur
404 2917 622 2973 Hispanis,
656 2918 699 2958 in
726 2918 895 2973 paenis,
931 2922 979 2956 ut
1006 2913 1071 2958 Ma

190 2975 372 3028 scribit,
407 2982 480 3017 aut
510 2976 684 3029 Poenis,
734 2982 781 3016 ut
818 2977 861 3015 in
894 2976 1070 3027 ceteris,

193 3041 442 3090 corruptum
485 3042 552 3078 est
595 3049 649 3077 ex
689 3035 862 3091 vulgari
901 3035 1071 3076 mediae

194 3096 349 3136 aetatis
400 3096 613 3150 scriptura
655 3095 828 3151 Spanis.
923 3094 1072 3135 Poenis

193 3161 312 3197 certe
346 3167 565 3211 nunqnam
594 3155 678 3196 rite
710 3154 994 3207 defendetur,
1027 3159 1074 3193 ut

194 3216 514 3257 amantissimus
550 3216 735 3271 quisque
767 3215 966 3256 veritatis
1000 3213 1072 3255 vel

195 3289 248 3316 ex
283 3274 496 3316 Waltheri
542 3275 802 3316 contrarium
850 3273 1072 3316 suadentis

194 3335 478 3375 annotatione
524 3335 678 3377 discet.
751 3334 857 3375 Nam
903 3340 950 3374 ut
992 3334 1072 3375 Sa-

194 3394 403 3435 mnitibus
442 3406 600 3435 nomen
640 3394 797 3435 (laudii
821 3393 1072 3447 respondet,

194 3454 258 3493 sic
298 3453 479 3509 Hispani
532 3453 585 3494 ad
629 3454 907 3495 Numantiam
954 3452 1075 3493 refe-

194 3518 359 3555 runtur.
424 3511 514 3554 Soli
545 3518 688 3554 autem
714 3512 872 3554 aemuli
893 3513 1072 3554 Romani

196 3571 365 3623 imperii
416 3571 558 3613 Parthi
601 3578 703 3613 tunc
752 3578 899 3624 erant,
960 3571 1070 3612 nulli

196 3629 294 3681 alii,
330 3631 453 3671 cuius
491 3633 552 3673 rei
586 3638 740 3674 testem
774 3634 912 3685 ipsum
945 3631 1072 3673 Taci-

196 3693 285 3733 tum
329 3690 571 3744 producere
615 3691 720 3734 licet
760 3691 838 3733 ΧΠ
877 3692 958 3745 10,
999 3689 1095 3732 ιὼί”

733 1772 776 1814 3.
810 1770 1047 1827 uoloyesesi
1078 1770 1157 1814 Ma.

699 1830 738 1872 7.
771 1844 825 1871 ne
859 1830 986 1872 GMa:
1019 1844 1099 1872 nec
1129 1830 1412 1873 Puteolanus.

942 1891 1133 1946 tyridate
1167 1889 1248 1934 Ma.

191 1946 264 2001 (qd
301 1960 398 1988 cum
434 1947 512 1990 lin.
543 1954 792 1991 transversa
823 1950 869 1991 in
903 1963 941 2004 q,
974 1949 1018 1991 id
1052 1956 1117 1992 est
1149 1951 1265 2008 quid)
1288 1948 1370 2002 Ma,
1405 1961 1492 1991 non
1526 1949 1650 2006 quod.

494 2009 563 2052 13.
597 2015 644 2050 ut
674 2008 852 2051 Ursinus
886 2016 929 2052 et
962 2010 1242 2052 Vertranius:
1280 2009 1456 2052 codices
1490 2017 1542 2052 et.

907 2070 976 2114 14.
1005 2072 1142 2126 petitu
1172 2068 1252 2112 Ma.

1261 1772 1303 1814 5.
1338 1771 1404 1813 rei
1434 1769 1526 1813 Ma:
1562 1770 1596 1813 G
1626 1771 1734 1827 regi.
1842 1771 1884 1814 6.
1919 1784 2024 1827 equo

1534 1830 1578 1873 8.
1611 1830 1756 1886 regnis
1785 1828 1866 1874 Ma.
1970 1828 2033 1873 ad

1375 1891 1444 1932 11.
1477 1891 1696 1932 rescribsit
1725 1888 1807 1932 Ma.
1929 1890 2030 1945 quia

1746 1952 1814 1994 12.
1849 1949 1896 1992 ds
1931 1963 2028 1991 cum

1661 2016 1759 2066 post
1789 2009 1873 2051 hac
1897 2014 2026 2067 paeto

1153 2201 1299 2242 Parthi
1332 2201 1386 2243 ad
1415 2201 1660 2243 Romanos:
1704 2199 2033 2243 subveniendum

1152 2262 1281 2302 sociis
1317 2262 1472 2303 virium
1507 2259 1701 2303 aemulis.
1764 2258 1910 2301 Parthi
1940 2260 2033 2316 igi-

1152 2326 1221 2361 tur
1253 2321 1540 2377 designantur
1574 2320 1722 2363 verbis
1769 2325 1815 2362 ut
1846 2319 2035 2361 Romani

1152 2381 1324 2436 imperii
1358 2379 1550 2423 aemulis.

1152 2440 1277 2482 illata
1309 2446 1389 2493 est,
1411 2440 1510 2482 dum
1540 2439 1684 2482 scriba
1711 2439 1905 2481 intentus
1929 2450 2035 2494 pro..

1153 2501 1296 2541 ximae
1329 2500 1571 2554 particulae
1611 2506 1684 2541 aut
1715 2505 1816 2541 ante
1848 2498 2038 2541 Romani

1153 2559 1355 2601 voculam
1402 2567 1447 2601 ut
1478 2560 1662 2612 omittit,
1717 2571 1800 2614 qua
1834 2558 2035 2599 restituta

1154 2619 1236 2660 iam
1272 2618 1386 2659 bene
1419 2632 1466 2660 se
1491 2619 1654 2660 habent
1685 2619 1842 2659 omnia.
1905 2615 1936 2658 1.
1962 2614 2032 2658 Fr.

1155 2677 1400 2718 Gronovius
1435 2677 1780 2720 commendavit:
1821 2675 2034 2718 Samniti-

1155 2736 1227 2778 bus
1276 2735 1430 2778 Italico
1484 2736 1641 2794 populo
1707 2742 1780 2778 aut
1830 2735 2035 2792 Hispanis

1155 2810 1280 2850 quam
1315 2795 1487 2837 Parthis
1519 2798 1643 2839 Rom.
1690 2796 1791 2851 imp.
1828 2793 2007 2837 aemulis
2017 2808 2034 2847 ,·

1153 2854 1509 2898 Freinshemius:
1567 2854 1829 2897 Samnitibus
1878 2853 2034 2896 Italico

1148 2914 1306 2971 populo
1340 2922 1414 2957 aut
1445 2916 1664 2973 Hispanis,
1696 2921 1742 2956 ut
1773 2915 1897 2956 Rom.
1932 2914 2033 2970 imp.

1155 2974 1347 3016 aemulis.

1237 3047 1317 3089 pro
1352 3032 1583 3085 Armeniis,
1622 3033 1664 3074 h.
1699 3046 1737 3075 e.
1770 3044 1848 3087 pro
1876 3030 2036 3074 Arme-

1155 3093 1239 3134 niis
1270 3092 1351 3134 sihi
1385 3092 1668 3145 subiciendis,
1700 3092 1776 3133 cler
1807 3091 2036 3133 Armenier

1154 3167 1313 3208 weyen.
1393 3152 1444 3193 Ut
1486 3153 1666 3194 formam
1700 3151 1916 3193 Armeniis
1948 3162 2035 3191 non

1155 3211 1208 3253 ad
1243 3211 1472 3253 Armenias
1503 3211 1580 3253 sed
1606 3211 1834 3253 Armenios
1865 3209 2035 3252 refera-

1155 3284 1271 3324 mus,
1318 3277 1361 3313 et
1400 3272 1534 3313 vicini
1567 3271 1652 3312 loci
1688 3284 1783 3325 cap.
1821 3271 1874 3313 12
1906 3275 1950 3311 et
1983 3269 2037 3312 ¹4

1156 3332 1274 3386 (inde
1306 3330 1534 3373 Armenios
1563 3330 1708 3387 petivit
1719 3345 1734 3383 ,·
1761 3328 1916 3384 finibus
1945 3327 2036 3370 Ar-

1154 3393 1408 3448 meniorum)
1432 3390 1616 3433 suadent
1638 3395 1681 3430 et
1711 3403 1762 3431 ea
1790 3390 1900 3430 ratio
1924 3399 2036 3443 quae

1154 3451 1344 3491 'l‘acitnm
1381 3465 1403 3492 a
1434 3451 1568 3492 forma
1598 3450 1901 3491 Armeniarum
1932 3446 2035 3487 ahs-

1159 3512 1343 3551 tinuisse
1385 3509 1589 3552 ostendit.
1672 3507 1766 3550 Vid.
1803 3511 1950 3548 annot.
1983 3503 2034 3546 ad

1157 3569 1232 3612 XII
1267 3570 1339 3612 45.

1246 3627 1350 3683 Cap.
1388 3628 1455 3671 14.
1532 3627 1652 3669 illum
1684 3627 1820 3667 locum
1852 3631 2036 3679 tempus-

1159 3702 1235 3744 que
1269 3688 1447 3731 consilio
1481 3687 1759 3729 destinatum:
1801 3682 1878 3725 ille
1911 3681 2035 3724 locus

1624 2379 1709 2422 Sed
1739 2391 1856 2422 nova
1887 2377 2034 2421 clades
2088 2422 2098 2427 ,
