2280 4004
1042 258 1334 306 AnNAmvn
1862 276 1902 308 a.
1931 272 1979 310 ιι.
2012 254 2116 310 815.

284 268 382 312 242

291 407 529 460 tumeliae
566 404 848 459 extimulat:
894 403 1076 470 quippe
1117 417 1358 471 egressus
1393 403 1635 457 Armenia
1670 405 1915 474 Tigranes
1951 402 2118 483 Mia-

290 499 485 563 benOS,
550 496 915 548 conterminam
965 495 1251 561 nationem,
1309 495 1457 547 latius
1513 513 1573 548 ae
1623 497 1808 550 diutius
1846 513 1992 566 quam
2026 515 2120 566 per

288 589 555 641 latrocinia
582 591 873 639 vastaverat
883 605 897 651 3
928 587 1081 654 idque
1108 588 1360 654 primores
1381 588 1604 654 gentium
1631 604 1787 657 aegre
1814 589 2117 657 tolerabant,

289 695 351 732 eo
391 679 779 745 contemptionis
820 678 1123 730 descensum
1159 685 1212 729 ut
1261 694 1326 730 ne
1364 678 1494 731 duce
1533 679 1735 746 quidem
1772 681 2000 733 Roma-no
2035 681 2121 733 in·-

249 776 633 836 5cursarentur,
674 770 765 822 sed
804 766 1325 822 temeritate'*'obsidis
1362 775 1436 821 tot
1470 786 1562 837 per
1603 786 1764 823 annos
1801 772 1935 824 inter·
1969 786 2117 824 man-

288 861 420 929 cipia
455 861 631 913 habiti.
706 861 1042 913 Accendebat
1094 861 1324 914 dolorem
1365 876 1538 914 eorum
1577 861 1915 928 Monobazus,
1969 878 2115 931 quem

284 968 442 1020 penes
482 953 803 1005 Adiabenum
830 953 1080 1020 regimen,
1124 953 1258 1019 quod
1294 953 1604 1019 praesidium
1640 958 1723 1005 aut
1756 954 1893 1006 unde
1922 956 2119 1021 peteret

284 1045 534 1112 rogitans
611 1046 713 1096 Iam
747 1044 810 1096 de
838 1045 1080 1096 Armenia
1120 1059 1439 1110 concessum,
1480 1045 1707 1112 proxima
1739 1045 1895 1111 tral1i3
1934 1051 1984 1098 et
2012 1047 2116 1099 nihi

286 1137 563 1189 defendant
594 1137 777 1202 Parthi,
813 1137 975 1189 levius
1008 1137 1269 1188 servit-ium
1303 1137 1434 1204 apud
1465 1138 1721 1190 Romanos
1760 1137 1944 1190 deditis
1970 1139 2116 1206 quam

221 1246 269 1281 ιο
286 1230 445 1295 captis
484 1244 615 1281 esse.
674 1229 923 1280 Tiridates
955 1243 1155 1295 quoque
1183 1229 1330 1296 regni
1359 1228 1602 1298 profugus
1633 1244 1725 1296 per
1755 1230 2007 1283 silentium
2033 1237 2117 1283 aut

282 1321 485 1387 modice
526 1320 786 1387 querendo
813 1321 1024 1389 gravior
1062 1326 1199 1372 erat:
1241 1336 1344 1372 non
1384 1321 1516 1373 enim
1553 1322 1759 1389 ignavia
1797 1338 1983 1391 magna
2017 1323 2118 1377 im-

279 1418 421 1479 peria
449 1413 726 1477 contineri3
751 1413 976 1464 virorum
997 1427 1352 1478 armorumque
1369 1412 1656 1464 faciendum
1679 1417 1935 1475 certamen
1951 1413 2037 1478 3id
2057 1413 2116 1465 in

280 1519 471 1556 summa
502 1504 702 1556 fortuna
732 1504 942 1570 aequius
971 1503 1107 1569 quod
1144 1503 1394 1567 validius3
1435 1508 1484 1555 et
1512 1517 1603 1555 sua
1632 1503 1855 1556 retinere
1886 1502 2116 1571 privatae

284 1595 481 1660 domUS,
524 1595 589 1647 de
630 1595 810 1647 alienis
853 1600 1052 1647 certare
1092 1595 1288 1663 regiam
1326 1593 1525 1647 laudem
1567 1610 1698 1647 esse.
1773 1595 1933 1663 Igitur
1971 1604 2163 1656 com-2

219 1706 264 1741 ιε
282 1692 446 1739 motus
483 1686 561 1738 his
599 1687 887 1754 Vologeses
924 1685 1195 1738 concilium
1233 1690 1400 1752 vocat,
1442 1690 1491 1737 et
1523 1685 1804 1752 proximum
1840 1684 1943 1740 sibi
1980 1679 2116 1742 Tiri-

283 1777 435 1828 daten
477 1778 763 1843 constituit,
806 1782 955 1843 atque
990 1777 1057 1829 ita
1099 1777 1325 1828 orditur:
1363 1771 1517 1828 ‘hunc
1556 1792 1655 1844 ego
1695 1777 1876 1831 eodem
1917 1795 2113 1833 meeum

279 1873 423 1936 patre
459 1869 719 1937 genitum,
784 1885 895 1921 cum
936 1869 1056 1920 mihi
1110 1884 1203 1935 per
1252 1873 1466 1920 aetatem
1504 1883 1697 1920 summo
1738 1869 1945 1923 nomine
1985 1885 2116 1922 con-

283 1961 554 2026 cessisset,
591 1961 643 2010 in
677 1960 1058 2027 possessionem
1096 1959 1371 2011 Armeniae
1412 1959 1596 2011 deduxi
1621 1952 1650 2024 ,⁷⁷
1680 1960 1763 2026 qui
1803 1960 1983 2014 tertius
2017 1972 2117 2029 po-

279 2051 469 2104 tentiae
522 2052 713 2120 gradus
769 2052 1015 2104 habetur:
1074 2067 1188 2103 nam
1226 2050 1404 2102 Medos
1443 2050 1665 2103 Pacorus
1718 2057 1834 2104 ante
1894 2057 2113 2121 ceperat.

402 2207 439 2248 1.
473 2212 584 2262 tyqr.
618 2204 698 2248 Ma.
772 2207 815 2250 3.
846 2219 946 2261 egre
978 2204 1237 2247 tollerabant
1269 2203 1348 2248 Ma.
1441 2204 1482 2248 9.

278 2262 359 2307 Ma.
452 2273 527 2307 aut
554 2264 820 2309 Beroaldus:
864 2264 931 2309 Ma
964 2279 1062 2308 cum
1096 2266 1257 2308 ceteris
1290 2264 1418 2307 haud.

278 2324 404 2380 tyrid.
438 2323 519 2367 Ma.

1517 2203 1676 2247 dedetis
1707 2202 1787 2249 Ma.
1882 2207 1951 2251 10.
1986 2206 2112 2264 lyrici.

1554 2266 1621 2308 13.
1657 2266 1828 2322 private
1857 2263 1939 2309 Ma.
2043 2268 2111 2310 15.

387 2467 656 2518 Adiabenos,
717 2470 1028 2511 conterminam
1068 2482 1155 2510 na·
1242 2467 1352 2509 biles
1367 2466 1621 2509 Parthorum
1654 2467 1707 2509 ad
1726 2480 1820 2510 eam
1846 2469 2112 2524 contionem,

279 2527 461 2568 tionem.-
501 2527 557 2569 cf.
582 2527 679 2568 XIII
716 2530 767 2570 13
802 2542 897 2569 cum
932 2534 1079 2570 annot.

368 2586 652 2627 Monobazus:
683 2586 823 2629 Izates
855 2601 930 2628 rex
961 2587 1156 2629 Adiabe-

277 2655 430 2685 norum
477 2658 607 2699 supra
645 2648 892 2687 nominatus
928 2646 1026 2700 (XII
1062 2648 1156 2702 13),

279 2703 333 2745 de
388 2705 510 2746 cuius
563 2704 694 2745 rebus
754 2705 890 2746 multa
942 2705 1156 2759 Iosephus

278 2763 410 2805 tradit
441 2764 492 2806 A.
528 2764 602 2806 XX
637 2777 732 2819 cap.
766 2765 926 2817 2—4,
960 2771 1155 2806 mortuus

279 2828 386 2875 erat,
418 2822 575 2865 relicto
609 2836 866 2866 successore
911 2824 1153 2866 Monobazo

277 2882 508 2924 Monobazi
562 2883 678 2937 filio,
732 2884 803 2939 qui
848 2883 984 2926 frater
1026 2883 1155 2924 lzatis

277 2948 381 2982 natu
427 2942 565 2982 maior
615 2948 657 2983 et
711 2957 765 2984 ex
813 2945 957 2996 priore
1017 2955 1154 2984 uxore

278 2999 510 3042 monobazi
546 3002 682 3055 patris
716 3004 917 3057 genitus,
962 3002 1012 3042 ad
1047 3003 1153 3042 ritus

278 3058 536 3101 Iudaeorum
571 3060 754 3114 perinde
787 3066 917 3116 atque
938 3060 1154 3102 antelza-

279 3125 345 3161 tes
390 3124 705 3177 transgressus.
772 3120 948 3176 loseph.
990 3120 1043 3162 A.
1078 3120 1154 3162 XX

282 3179 311 3222 4
343 3180 387 3230 §.
427 3179 469 3220 3.
951 3195 966 3203 ”

354 3238 533 3292 yravior
554 3244 669 3279 erat.
663 3252 673 3262 ·
699 3239 875 3294 gravius
899 3237 1153 3295 Vologesen

279 3296 598 3339 commovebat.
668 3295 940 3339 Contrarium
983 3305 1047 3340 est
1087 3298 1152 3338 le-

275 3356 373 3395 vior
405 3356 456 3397 lt.
492 3355 550 3397 lv
581 3356 654 3399 80.
707 3357 786 3398 llle
820 3359 948 3399 etiam
979 3372 1058 3413 per
1088 3359 1151 3398 si-

278 3412 455 3456 lentium
488 3416 667 3470 gravior
703 3422 819 3470 eit-11,
870 3416 983 3472 quod
1018 3417 1151 3458 frater

281 3479 373 3514 erat
414 3473 625 3515 'liridates
669 3481 712 3516 et
743 3489 930 3532 regnum
973 3477 1012 3517 ei
1048 3489 1149 3517 ere-

278 3538 399 3584 ptum
431 3533 609 3575 maioris
641 3525 848 3576 momenti
878 3549 1004 3591 quam
1036 3541 1147 3577 terra

274 3591 516 3633 Adiabena.

364 3649 468 3703 Cap.
504 3654 545 3695 2.
612 3653 842 3696 concilium
871 3660 1022 3696 vocat:
1063 3666 1146 3695 no-

1210 2533 1213 2536 “
1241 2533 1288 2567 ut
1320 2528 1507 2580 videtur,
1544 2528 1818 2570 convocavit.
1882 2528 2014 2571 Aliud
2046 2535 2114 2572 est

1244 2586 1297 2628 de
1330 2599 1415 2641 quo
1457 2587 1608 2628 Strabo
1656 2586 1709 2629 XI
1740 2588 1767 2630 9
1799 2594 1909 2631 extr.
1942 2600 1984 2643 p.
2023 2589 2110 2633 515

1244 2659 1297 2686 ex
1328 2646 1562 2687 Posidonio
1597 2646 1732 2687 refert
1774 2648 1900 2703 isque
1939 2653 2111 2703 spectat

1243 2711 1440 2745 senatum
1479 2704 1550 2746 vel
1586 2704 1832 2758 consilium,
1880 2718 1968 2747 non
2002 2721 2109 2748 con-

1243 2762 1414 2805 cilium:
1446 2780 1504 2807 τω
1490 2765 1846 2821 ἫνΠαρθιαίων
1866 2767 2112 2825 συνέδριόν

1243 2838 1363 2892 ᾳησι
1405 2824 1738 2873 Ποσειδώνιος
1781 2824 1902 2868 ele-m
1946 2826 2109 2878 δι’ῐιόν,

1239 2879 1290 2925 τὸ
1323 2885 1411 2942 ιιὲν
1419 2884 1688 2954 ‹wy‘ymtdt‘
1759 2899 1809 2929 το
1856 2885 1905 2929 δὲ
1941 2888 2111 2956 σοφῖον

1239 2948 1317 2985 καὶ
1360 2941 1486 3001 ιιτὲγιι
1486 2962 1554 2996 ν,
1601 2948 1647 2994 ἐξ
1682 2961 1749 2988 ων
1781 2942 1971 3005 ἀμφοῖν
2004 2941 2110 2994 τοὺς

1237 3005 1445 3057 βασιλεῖς
1475 3008 1778 3056 καθίστησιι.

1325 3061 1439 3102 hunc
1470 3076 1545 3118 eqo
1576 3063 1719 3105 eodem
1739 3073 1928 3105 mecvm:
1961 3074 2109 3106 rursus

1239 3120 1436 3162 incidens
1470 3123 1513 3163 in
1546 3123 1797 3164 memoriam
1825 3122 2108 3183 viriinsignis

1243 3185 1286 3220 et
1319 3182 1494 3234 saepius
1527 3181 1816 3251 memorandi,
1850 3194 1936 3238 quo
1969 3183 2108 3239 magis

1241 3238 1506 3281 luculentam
1541 3242 1709 3296 ingenii
1745 3239 1840 3282 eius
1872 3243 2106 3298 imaginem

1239 3299 1506 3352 ostenderet,
1539 3301 1583 3341 in
1619 3299 1808 3342 concilio
1829 3299 2105 3342 barbarorum

1241 3357 1492 3415 Vologesen
1525 3359 1639 3400 fastu
1671 3360 1795 3416 regio
1839 3365 1883 3402 et
1921 3359 2104 3413 naturali

1238 3417 1465 3470 prudentia
1486 3418 1735 3474 loquentem
1755 3419 1971 3473 produxit.
2011 3419 2104 3460 Vo-

1235 3475 1413 3531 logeses
1447 3490 1499 3519 eo
1533 3491 1708 3533 quoque
1739 3478 1932 3534 vulgaris
1959 3478 2100 3531 impe-

1233 3537 1391 3577 ratoris
1437 3537 1609 3578 modum
1657 3548 1965 3592 supergressus
2018 3541 2100 3588 est,

1234 3595 1350 3649 quod
1373 3596 1489 3638 facta
1520 3596 1647 3638 dictis
1677 3595 1836 3638 adiecit
1860 3594 2031 3636 fortiter
2058 3601 2102 3638 et

1230 3655 1436 3698 sollerter
1461 3655 1744 3710 praescripta,
1778 3652 1935 3710 quibus
1967 3653 2096 3698 linem
