2280 4004
213 287 241 318 a
269 273 317 318 G.
356 277 424 321 16.
817 273 982 320 LIBER
1010 273 1063 317 11.
1126 272 1232 318 ΟΛ».
1266 274 1457 319 34-36.
1958 276 2044 319 119

213 420 398 472 tentias
428 432 667 470 noscere.
735 416 868 481 Piso,
908 430 1204 482 quamquam
1233 415 1483 467 afuturum
1510 429 1568 466 se
1605 414 1804 466 dixerat
1835 414 2043 481 Caesar,

216 512 281 562 ob
320 511 371 561 id
410 509 572 576 magis
610 507 837 574 agendas
879 506 1147 571 censebat,
1202 511 1256 556 ut
1295 506 1505 558 absente
1547 505 1777 571 principe
1814 511 2043 557 senatum

216 607 266 653 et
303 601 496 666 equites
543 614 697 664 posse
755 613 845 649 sua
893 600 1060 649 munia
1102 597 1355 649 sustinere
1401 598 1641 648 decorum
1681 596 1758 647 rei
1809 597 2043 662 publicae

218 691 365 744 soret.
440 689 627 752 GalluS,
667 689 783 753 quia
819 689 1042 753 speciem
1080 688 1327 739 libertatis
1364 688 1478 738 Piso
1515 692 1874 753 praeceperat,
1915 687 2044 738 nihil

216 782 339 834 satis
376 780 584 831 inlustre
621 783 704 828 aut
751 795 815 829 ex
860 779 1107 845 dignitate
1158 779 1328 844 populi
1363 780 1577 831 Romani
1633 778 1734 829 nisi
1781 793 1954 830 coram
1993 783 2078 830 ets

215 874 307 925 sub
359 871 519 934 oculis
557 870 826 934 CaesariS,
886 884 1050 936 eoque
1103 875 1404 921 conventum
1451 870 1625 921 Italiae
1680 874 1731 921 et
1775 869 2042 921 adfluentis

214 962 503 1039 provincias
537 962 855 1027 praesentiae
893 962 1002 1012 eius
1037 961 1289 1012 servanda
1328 962 1546 1012 dicebat.
1621 961 1876 1012 Audiente
1914 961 2044 1012 haec

214 1032 422 1106 'fiherio
465 1069 526 1104 ao
561 1053 742 1104 silente
786 1053 989 1118 magnis
1026 1052 1277 1117 utrimque
1316 1052 1728 1103 contentionibus
1766 1058 1908 1103 acta.
1950 1052 2044 1104 sed

119 1148 296 1243 &res
334 1144 536 1196 dilatae.
607 1144 671 1194 Et
711 1148 968 1195 certamen
1006 1142 1150 1193 Gallo
1213 1142 1458 1193 adversus
1502 1142 1776 1193 Caesarem
1815 1147 2043 1194 exortum
2264 1202 2274 1216 ⁴.

212 1240 304 1288 est.
386 1236 511 1287 Nam
568 1235 766 1285 censuit
818 1234 871 1283 in
933 1233 1329 1299 quinquennium
1383 1233 1765 1299 magistratuum
1836 1232 2039 1302 comitia
2061 1214 2151 1312 ¹02³

211 1325 462 1390 habenda,
489 1330 642 1391 utque
679 1324 939 1392 legionum
973 1324 1145 1391 legati,
1178 1323 1262 1389 qui
1294 1324 1432 1375 ante
1441 1322 1729 1389 praeturam
1766 1310 1827 1375 ea
1865 1324 2080 1377 militia
2068 1339 2211 1391 aq
2232 1331 2280 1373 f

212 1417 566 1484 fungebantur,
611 1416 709 1466 iam
747 1419 849 1465 tum
887 1420 1152 1480 praetores
1191 1414 1594 1479 destinarentur,
1633 1415 1872 1480 princeps
1912 1415 2044 1465 duo-

160 1524 165 1539 ‘·
214 1508 379 1560 decim
418 1507 717 1558 candidatos
758 1506 810 1556 in
837 1520 999 1557 annos
1022 1506 1254 1573 singulos
1283 1506 1585 1556 nominaret.
1658 1506 1803 1557 Haud
1840 1506 2044 1557 dubium

214 1603 323 1650 erat
346 1613 457 1649 eam
485 1597 786 1648 sententiam
818 1596 966 1649 altius
986 1601 1256 1662 penetrare
1281 1600 1329 1647 et
1358 1611 1545 1647 arcana
1570 1596 1768 1662 imperii
1794 1597 2042 1662 temptari.

214 1689 442 1741 Tiberius
476 1693 663 1752 tamen,
692 1689 838 1755 quasi
870 1692 1143 1754 augeretur
1167 1692 1393 1753 potestas
1426 1687 1553 1752 eius,
1580 1687 1844 1738 disseruit:
1884 1703 2044 1755 grave
2062 1697 2109 1733 ²5

214 1778 552 1830 moderationi
589 1793 714 1829 suae
749 1783 823 1829 tot
862 1778 1082 1845 eligere,
1141 1781 1217 1827 tot
1254 1776 1478 1828 differre.
1554 1777 1651 1829 Vix
1684 1793 1778 1843 per
1813 1777 2044 1844 singulos

215 1884 376 1922 annos
414 1868 725 1920 offensiones
772 1869 952 1933 vitari,
1024 1868 1252 1934 quamvis
1298 1868 1551 1933 repulsam
1596 1869 1879 1934 propinqua
1928 1883 2045 1934 spes

215 1960 436 2012 soletur:
502 1965 738 2026 quantum
790 1960 896 2011 odii
948 1952 1072 2011 fore
1111 1959 1173 2010 ab
1223 1959 1287 2010 iis
1349 1960 1432 2024 qui
1482 1959 1613 2010 ultra
1651 1959 2047 2025 quinquennium

215 2050 542 2116 proiciantur.
637 2050 781 2101 Unde
828 2050 1052 2115 prospici
1104 2064 1258 2115 posse
1305 2065 1435 2115 quae
1491 2050 1672 2115 cuique
1731 2055 1831 2102 tam
1886 2047 2046 2116 longo

217 2140 458 2205 temporis
488 2141 650 2205 spatio
687 2155 830 2190 mens
863 2140 1042 2192 domus
1070 2140 1306 2192 fortuna?
1341 2139 1605 2205 superbire
1633 2140 1864 2192 homines
1898 2140 2114 2191 etiamao

219 2246 383 2283 annua
409 2230 789 2297 designatione:
819 2231 936 2296 quid
953 2231 995 2282 si
1020 2232 1270 2282 honorem
1291 2246 1384 2297 per
1401 2231 1797 2297 quinquennium
1816 2230 2049 2299 agitent?

218 2320 605 2389 quinquiplicari
640 2335 851 2387 prorsus
887 2322 1242 2389 magistratuS,
1294 2322 1519 2373 subverti
1554 2322 1730 2390 legeS,
1790 2335 1920 2388 quae
1956 2302 2048 2374 sua

337 2489 375 2530 1.
409 2491 628 2545 afuturum
658 2489 714 2541 Μ,
747 2501 836 2531 non
867 2490 956 2545 abs.
1029 2491 1073 2532 2.
1114 2496 1162 2531 ut
1193 2514 1249 2522 —-
1280 2492 1395 2545 foret
1425 2489 1492 2532 M:
1527 2496 1566 2531 et
1599 2514 1654 2522 —-
1685 2492 1782 2546 fore
1812 2490 1898 2532 Iac.
1933 2489 2046 2532 Gro-

193 2546 389 2590 novius,
453 2547 495 2591 5.
530 2547 724 2603 tiqnitate
755 2547 810 2590 M.
904 2549 1110 2605 Romani]
1146 2550 1200 2591 R.
1235 2548 1290 2590 M.
1354 2548 1396 2592 6.
1430 2548 1556 2591 italia
1587 2548 1642 2591 M.
1737 2552 1794 2606 et]
1831 2555 1870 2591 et
1901 2549 1941 2591 ei
1970 2549 2042 2591 M:

219 2604 407 2648 correxit
437 2605 693 2649 Beroaldus.
789 2609 858 2652 12.
893 2607 989 2650 diam
1020 2606 1076 2649 M.
1152 2609 1220 2650 13.
1253 2606 1511 2649 haudubium
1541 2609 1596 2651 M.
1664 2609 1732 2652 15.
1767 2614 1946 2651 curetur
1976 2608 2040 2650 M:

219 2667 408 2707 correxit
437 2664 639 2708 Beroald.
674 2668 718 2709 in
751 2673 897 2710 annot.
984 2667 1052 2710 18.
1084 2667 1138 2708 iis
1169 2666 1224 2719 M,
1257 2679 1345 2708 non
1379 2667 1458 2710 his.
1553 2670 1625 2712 21.
1658 2667 1867 2710 honorum
1898 2667 1954 2710 M.

219 2811 456 2861 praetores,
484 2808 705 2865 consules)
737 2809 1087 2864 amplectentem,

1175 2811 1414 2865 quennium
1477 2816 1570 2851 erat
1627 2810 1830 2863 definita,
1898 2822 2047 2851 eorum

219 2866 404 2918 primum
439 2867 647 2908 universe
678 2869 802 2922 ponit
823 2867 896 2910 hic
923 2875 1087 2921 noster,

1173 2875 1317 2910 autem
1350 2870 1424 2924 qui
1457 2870 1677 2924 repulsam
1707 2870 1921 2922 tulerant,
1961 2870 2047 2911 ho..

222 2922 380 2965 deinde
413 2933 506 2964 eam
527 2929 693 2978 partem
725 2938 839 2981 quae
871 2927 926 2969 ad
952 2941 1089 2983 prae-

222 2988 334 3023 tores
377 2983 646 3037 pertinebat,
692 2987 937 3028 accuratius
980 2999 1089 3029 exe-

222 3042 381 3096 quitur.
462 3040 688 3085 Praetores
747 3044 918 3087 scilicet
978 3045 1089 3088 Galli

221 3101 439 3142 sententia
498 3105 730 3160 sexaginta
788 3105 832 3145 in
897 3106 1090 3161 quinque

222 3171 358 3200 annos
405 3162 486 3214 (12
513 3175 561 3210 ><
597 3163 647 3219 5)
697 3164 884 3206 comitiis
914 3170 1092 3206 senatus

223 3216 400 3258 arbitrio
433 3218 584 3262 haberi
613 3221 755 3262 solitis
788 3222 848 3264 ita
882 3224 1092 3279 designa-

223 3275 393 3326 bantur,
427 3282 474 3317 ut
506 3278 640 3333 legati
675 3279 899 3335 legionum
932 3289 1089 3336 sponte

223 3335 266 3375 in
324 3346 376 3375 eo
434 3347 614 3377 numero
673 3339 895 3391 inessent,
955 3347 1090 3395 utque

222 3393 431 3446 deinceps
480 3407 655 3451 quoque
709 3410 822 3438 anno
866 3398 1090 3440 duodenos

224 3465 277 3493 ex
311 3465 369 3503 eo
404 3465 582 3495 numero
624 3460 846 3509 praetores
887 3460 1089 3510 princeps

223 3513 480 3554 nominaret.
514 3511 712 3555 comitiis
731 3516 866 3570 igitur
885 3517 1089 3570 peractis,

224 3582 322 3625 spes
357 3583 506 3614 eorum
539 3575 612 3630 qai
646 3576 686 3616 in
718 3586 942 3617 numerum
960 3587 1090 3616 sexa-

227 3630 448 3683 genarium
478 3637 647 3688 recepti
685 3639 831 3687 erant,
875 3634 919 3675 in
960 3635 1091 3689 quin-

1173 2929 1292 2969 noris
1313 2930 1562 2982 expectatio
1584 2928 1697 2970 ultra
1711 2929 1827 2971 idem
1839 2931 2048 2983 temporis

1173 2988 1359 3042 spatium
1399 2989 1581 3031 reiecta.
1642 2987 1795 3043 Itaque
1840 2989 2048 3042 principis

1175 3050 1217 3087 in
1251 3045 1501 3089 deferendis
1540 3047 1779 3088 honoribus
1819 3047 2046 3089 arbitrium

1174 3108 1277 3147 artis
1310 3105 1467 3147 finibus
1501 3106 1969 3156 circumscribebatur,
2004 3111 2047 3146 ct

1173 3171 1295 3206 recte
1327 3164 1500 3206 Tacitus
1531 3171 1694 3216 monet,
1728 3164 1845 3205 haud
1877 3164 2048 3204 dubium

1176 3230 1270 3264 erat
1290 3237 1382 3264 eam
1406 3224 1659 3264 sententiam
1677 3223 1804 3263 altius
1814 3229 2046 3278 penetrare

1176 3289 1215 3322 et
1246 3295 1415 3322 arcana
1445 3282 1615 3336 imperii
1645 3282 1855 3336 temptari.

1263 3341 1362 3393 quid
1391 3342 1428 3381 si
1458 3339 1662 3380 honorem
1689 3353 1768 3394 per
1807 3339 2045 3394 quinquen-

1174 3399 1291 3439 nium
1322 3399 1507 3453 ayitent:
1550 3411 1635 3438 uno
1668 3410 1805 3451 anno,
1847 3410 1933 3439 non
1967 3411 2044 3452 per

1175 3459 1518 3512 quinquennium
1543 3490 1554 3508 ,
1615 3457 1779 3512 singuli
1833 3457 2044 3499 honorem

1175 3517 1381 3570 agitaturi
1425 3522 1572 3567 erant,
1615 3515 1691 3557 sed
1731 3514 1929 3557 Tiberius
1962 3517 2042 3558 de-

1174 3576 1465 3632 signationem
1492 3588 1568 3630 pro
1587 3574 1857 3631 ipsohonore
1880 3577 2040 3631 posuit,

1174 3646 1278 3677 usus
1311 3634 1496 3678 obscura
1523 3636 1721 3678 oratione
1750 3640 1792 3677 et
1816 3634 2038 3691 perplexa.
