2280 4004
11 3363 59 3452 «διά

247 269 274 303 a
305 254 353 301 c.
386 258 458 314 22.
820 256 985 302 Linon
1011 255 1087 311 111.
1150 256 1256 307 ci».
1289 257 1478 306 65—67.
1974 258 2062 302 m

242 400 403 468 briain
441 399 686 460 maiorum
716 400 1009 480 ἡΒςῖΙ-ξηιῑιθτοῑῐιε.
1051 396 1857 481 ἰὲῐέῃιψίηρῆρέξειμᾶγςῑιᾳῃςξξρρξιζ.
1918 398 2059 450 Iunio

451 462 522 473 '‘⁷‘'*”
534 468 702 477 ‘Mssa—ww

788 467 964 481 numm*
970 471 1006 478 μ..

244 494 429 554 Othoni
467 495 764 555 litterarium
802 496 971 549 ludum
1010 509 1253 547 exercere
1282 497 1426 545 vetus
1467 473 1704 544 ars'suit:
1739 507 1858 549 mox
1894 490 2065 544 Seiani

241 585 466 652 potentia
505 589 713 642 senator
762 585 980 638 obscura
1018 584 1159 636 initia
1199 582 1571 648 impudentibus
1607 581 1743 634 ausis
1784 581 1916 631 ultro
1951 580 2068 646 pol-

243 675 424 735 luebat.
499 673 775 731 Brutidium
828 673 1018 727 artibus
1056 672 1283 725 honestis
1339 671 1599 737 copiosum
1638 676 1713 737 et,
1777 670 1821 722 si
1875 674 2066 722 rectum

244 768 340 816 iter
375 768 638 833 pergeret,
685 763 748 816 ad
790 761 1069 815 clarissima
1124 776 1354 828 quaeque
1405 761 1586 813 iturum
1625 761 1879 815 testinatio
1935 754 2111 838 exn-5¹

243 854 491 918 ululabat,
547 852 663 911 dum
695 852 946 918 aequalis,
1011 852 1130 905 dein
1170 853 1494 918 super-iorem,
1548 858 1806 919 postremo
1847 857 2069 904 suasmet
2096 842 2115 916 ‘fe

244 945 353 1011 ipse
401 957 520 1009 spes
577 942 740 1001 antire
799 947 972 1007 par-at3
1027 942 1161 1007 quod
1212 942 1393 995 multos
1449 943 1598 995 otiam
1651 944 1816 994 bonos
1866 958 2115 1009 pessum

244 1034 408 1098 dedit,
450 1033 533 1099 qui
571 1032 753 1098 Spretis
790 1047 918 1097 quae
955 1032 1098 1088 tarda
1139 1048 1248 1086 cum
1284 1034 1583 1097 securitate,
1631 1038 1952 1099 praematura
1988 1033 2071 1084 vel

160 1131 230 1178 67
245 1140 355 1186 cum
392 1124 546 1186 exitio
581 1127 870 1188 properant.
946 1123 1151 1176 Auxere
1187 1138 1447 1175 numerum
1489 1129 1842 1174 accusatorum
1881 1124 2072 1175 Gellius

241 1213 496 1276 Publicola
535 1218 584 1265 et
615 1213 815 1271 Marcus
842 1212 1108 1277 PaconiuS‚
1150 1213 1233 1264 ille
1266 1212 1507 1279 quaestor
1527 1214 1702 1278 Silani,
1737 1214 1820 1264 hic
1857 1214 2069 1281 legatus,
2091 1237 2139 1273 ιο

241 1306 347 1358 Nec
402 1304 605 1364 dubium
662 1303 942 1363 habebatur
1013 1303 1258 1359 saevitiae
1329 1309 1686 1370 captarumque
1747 1305 2073 1371 pecuniarum
2154 1284 2161 1290 ⁸

244 1395 404 1447 teneri
452 1410 619 1455 reum:
688 1394 779 1449 sed
819 1394 971 1446 multa
1011 1393 1387 1461 adgerebantur
1426 1395 1574 1445 etiam
1614 1395 1899 1447 insontibus
1936 1395 2077 1461 peri-

246 1486 437 1551 culosa,
479 1500 590 1538 cum
629 1500 781 1551 super
816 1490 889 1538 tot
916 1490 1183 1538 senatores
1222 1485 1468 1537 adversos
1508 1485 1886 1538 facundissimis
1924 1487 2076 1537 totius

244 1577 400 1634 Asiae
455 1591 618 1643 eoque
672 1575 735 1629 ad
799 1567 1142 1628 accusandum
1193 1575 1404 1628 delectis
1454 1578 1788 1643 responderet
1836 1577 1976 1629 solus
2030 1581 2079 1628 et

247 1667 426 1720 orandi
464 1668 699 1731 nesciuS‚
748 1666 954 1733 proprio
997 1667 1049 1716 in
1086 1671 1247 1731 metu,
1290 1667 1374 1733 qui
1411 1668 1685 1720 exercitam
1722 1682 1922 1734 quoque
1967 1668 2142 1720 elo-15

374 1829 412 1870 1.
446 1827 656 1879 ”talorum
690 1827 745 1869 Μ.
1766 1829 1808 1870 3.
1840 1828 1951 1870 ultro
1981 1829 2081 1888 pol-

842 1829 883 1871 2.
919 1825 1178 1874 litterarium
1206 1827 1262 1879 M,
1296 1838 1383 1868 non
1417 1826 1672 1873 litterarum.

255 1887 396 1929 luebat
429 1886 594 1928 editor:
627 1886 667 1928 Μ
695 1885 1006 1942 propelluebat:
1131 1887 1171 1928 5.
1202 1894 1402 1942 pergeret
1443 1886 1704 1928 Rhenanus:
1759 1888 1793 1929 M
1837 1896 2080 1944 perageret.

250 1960 478 2001 quaemque
510 1951 571 2003 (m
600 1951 762 2000 puncto
793 1947 905 2001 not.)
929 1945 982 1987 M.
1075 1952 1179 1987 exst.
1216 1944 1286 1986 Or.
1381 1946 1422 1987 7.
1455 1952 1554 1986 aute
1575 1953 1753 2001 reparat
1774 1947 1834 1987 M:
1870 1949 2010 1988 antire
2037 1962 2080 2003 p.

250 2005 455 2057 Baebius,
478 2006 646 2058 aitteire
659 2019 704 2065 p.
723 2005 905 2059 priores.
972 2004 1013 2047 9.
1049 2011 1261 2050 accussat.
1289 2004 1341 2045 M.
1409 2006 1476 2048 10.
1511 2004 1731 2052 Publicola
1750 2006 1802 2055 M,
1842 2018 1928 2046 non
1948 2005 2082 2060 Lipsii

252 2064 485 2120 Poplicola.
580 2063 640 2106 M.
675 2063 729 2105 M.
824 2063 892 2106 14.
926 2063 1237 2105 accussandum
1267 2063 1321 2104 M.
1401 2063 1468 2105 15.
1508 2062 1736 2118 eloquendo
1770 2064 1915 2106 belitat
1944 2066 1998 2107 M.

254 2205 497 2260 oppositam
531 2205 790 2252 sententiam
817 2205 1025 2263 (egregio
1054 2204 1123 2247 fa-
1212 2203 1384 2246 Suasor.
1428 2204 1469 2246 7.
1530 2203 1641 2248 Add.
1686 2202 1883 2247 Juvenal.
1934 2203 1971 2244 X
2011 2203 2084 2247 82.

255 2268 403 2306 cinore
434 2270 628 2306 veterem
662 2270 704 2306 et
725 2263 943 2304 sordidum
966 2269 1123 2304 statum
1213 2263 1326 2304 Vera
1359 2263 1547 2305 nominis
1580 2262 1718 2305 forma
1750 2261 2085 2306 estBrutidius:

255 2324 496 2380 illustrare)
542 2335 662 2364 more
702 2322 897 2363 'l'acitino
930 2323 1123 2376 respicit.
1210 2335 1308 2363 nam
1341 2336 1365 2364 a
1396 2323 1527 2363 Bruto
1556 2321 1601 2362 fit
1619 2323 1804 2375 Erucius,
1840 2322 1940 2363 inde
1964 2323 2078 2364 Bru-

255 2383 342 2425 lam
395 2382 568 2424 diversa
615 2381 807 2424 remedia
852 2380 1127 2423 discutienda

256 2447 433 2489 restant.
495 2442 559 2486 Ac
603 2442 787 2500 primum
814 2439 1125 2497 propelluebat‚

257 2507 303 2543 ut
335 2506 400 2545 est
431 2502 474 2541 in
506 2500 570 2554 Μ,
603 2514 747 2557 neque
775 2499 1005 2556 analogiae
1038 2499 1127 2549 lin-

259 2573 372 2618 guae
433 2559 612 2614 Latinae
674 2572 817 2615 ueque
879 2559 1127 2611 sententiae

259 2619 493 2666 convenire
557 2619 720 2669 clarum
779 2623 860 2665 est.
924 2618 1130 2663 Groslotii

255 2678 518 2735 propellebat
530 2678 684 2731 falsam
698 2678 960 2727 sententiam
973 2676 1105 2724 infert
1119 2691 1128 2717 =

260 2736 582 2791 impudentibus
629 2738 744 2785 enim
785 2736 903 2783 ausis
951 2737 1130 2788 minime

261 2797 449 2840 omnium
491 2796 674 2842 obscura
715 2796 840 2847 initia
878 2794 1132 2841 oblitterare

263 2856 345 2896 iste
378 2857 533 2912 potuit.
583 2853 702 2897 Idem
735 2853 819 2896 hoc
852 2859 896 2896 et
927 2867 1029 2899 usus
1050 2854 1132 2895 ob-

264 2919 347 2963 stat
386 2911 687 2960 Waltheriano
726 2911 984 2968 proluebat.-
1035 2925 1132 2963 nam

262 2970 461 3028 proluere
514 2977 580 3017 est
630 2970 791 3027 luendo
834 2984 1020 3027 purgare
1062 2977 1136 3021 aut

265 3031 423 3079 satiare
481 3029 727 3087 (coappellari
775 3029 849 3073 vel
901 3029 1133 3087 bespnzlen),

267 3095 313 3131 ut
364 3091 476 3146 apud
535 3088 727 3138 Persium
782 3088 957 3145 Prolog.
1006 3103 1048 3131 v.
1096 3092 1133 3131 1.

267 3148 417 3204 Neque
430 3149 631 3202 Seyfferti
648 3162 783 3205 prope
802 3148 1017 3204 polluebat
1041 3148 1137 3199 sus-

271 3206 386 3246 ficit:
436 3208 506 3262 qui
540 3220 596 3261 pe
636 3219 721 3261 non
763 3219 898 3265 prope
931 3207 1007 3254 sed
1040 3206 1138 3260 pla-

272 3265 446 3305 nissime
461 3264 514 3306 Ot
548 3277 572 3304 ο
586 3264 1137 3319 οὴεοιιτειίιιὶῑίειροζὶυεῦαι.

272 3322 359 3364 Alii
406 3330 583 3379 praetor
624 3322 840 3378 polluebat
883 3323 1139 3378 (Pichena),

269 3395 400 3438 porro
429 3380 645 3438 polluebat
670 3380 904 3438 (Lipsius),
933 3381 1141 3437 protolle-

274 3440 370 3491 bat,
432 3439 752 3496 praepollebat,
806 3439 1140 3495 praepolluebat,

270 3498 570 3555 provolvebal,
603 3513 681 3554 pro
715 3498 887 3553 uqabat.

369 3559 630 3604 Brutidimn:
691 3558 864 3605 nominis
910 3561 954 3596 ut
995 3554 1143 3596 diserti

276 3612 477 3677 doctique
522 3618 787 3661 mentionem
830 3615 935 3669 facit
977 3614 1146 3660 Seneca

1210 2381 1352 2423 lidius.

1297 2468 1335 2508 si
1365 2474 1526 2508 rectum
1554 2468 1636 2508 iter
1651 2475 1875 2522 pergeret:
1909 2467 1952 2509 h.
1977 2481 2015 2509 e.
2052 2468 2088 2509 si

1212 2532 1378 2579 rectum
1417 2528 1501 2567 iter
1539 2527 1761 2582 ingressus
1807 2533 1938 2569 esset.
1995 2526 2090 2568 Iter

1210 2599 1422 2642 perayere
1455 2586 1523 2640 (in
1556 2585 1595 2626 M
1622 2591 1873 2643 peremne)
1898 2592 1963 2628 est
1985 2599 2088 2640 per-

1213 2644 1346 2686 ficere
1383 2647 1426 2686 et
1457 2644 1509 2686 ad
1545 2643 1673 2691 finem
1706 2644 1909 2697 tolerare,
1934 2659 2089 2699 quem-

1216 2703 1443 2745 admodum
1486 2703 1600 2757 apud
1640 2702 1765 2745 Ovid.
1800 2703 1914 2746 Fast.
1956 2704 1973 2744 1
2008 2703 2091 2746 188

1217 2766 1276 2819 (et
1293 2770 1478 2819 perayat
1510 2764 1700 2817 'coeptum
1723 2763 1857 2803 dulcis
1882 2771 1926 2804 ut
1953 2777 2092 2804 aumas

1216 2823 1317 2877 iter)
1361 2828 1404 2863 et
1446 2822 1568 2876 Virg.
1609 2821 1719 2862 Aen.
1754 2822 1812 2861 lV
1843 2822 1930 2864 653
1980 2822 2093 2876 (vixi

1219 2888 1258 2922 et
1309 2894 1429 2934 quem
1475 2881 1649 2921 dederat
1699 2894 1867 2922 cursum
1914 2883 2092 2935 fortuna

1214 2940 1400 2996 peregi),
1434 2939 1477 2980 id
1509 2939 1625 2995 quod
1656 2939 1847 2981 alienum
1879 2953 1903 2980 a
1932 2941 2091 2980 ceteris

1219 2998 1355 3040 Taciti
1387 2998 1548 3040 verbis.
1612 2998 1704 3039 Non
1745 2999 1860 3040 bene
1902 2998 2092 3040 Orellius

1220 3057 1421 3099 Rhenani
1443 3057 1790 3099 emendationem
1812 3059 1992 3110 sprevit.
2024 3056 2091 3097 Cf.

1222 3116 1279 3165 lV
1314 3118 1371 3160 20
1398 3130 1580 3172 pergere
1612 3117 1708 3167 iter,
1743 3117 1819 3156 XV
1843 3117 1895 3157 27
1929 3117 2011 3156 iter
2037 3137 2092 3145 --

1217 3177 1372 3231 peryit.

1328 3258 1432 3314 Cap.
1481 3259 1552 3302 67.
1627 3258 1803 3300 Marcus
1858 3257 2095 3301 Paconius.-

1226 3318 1470 3360 damnatum
1517 3323 1560 3358 et
1601 3317 1879 3359 interfectum
1922 3329 2018 3358 esse
2052 3317 2094 3358 in

1228 3376 1451 3429 deperdita
1471 3376 1610 3431 quinti
1636 3375 1732 3425 libri
1762 3381 1896 3429 parte,
1925 3376 2094 3430 opinor,

1227 3435 1398 3476 Tacitus
1431 3435 1635 3483 narravit.
1699 3434 1765 3480 Cf.
1801 3435 1979 3475 Sinelon.
2021 3432 2096 3476 Fi-

1229 3493 1311 3535 lius
1346 3494 1460 3534 enim
1495 3494 1588 3534 eius
1617 3486 1792 3549 polenii
1814 3495 1859 3538 in
1879 3494 2098 3550 principes

1229 3553 1316 3594 odii
1346 3552 1469 3594 lieres
1501 3565 1525 3592 a
1549 3552 1752 3604 Marcello
1782 3552 1977 3596 delatore
1999 3549 2098 3601 xv1

1230 3610 1286 3666 28
1316 3616 1512 3662 vocatur.
1856 3641 1864 3645 -
