2280 4004
164 315 194 349 a
220 296 270 346 (J.
310 303 379 346 14.
772 299 937 343 LIBER
965 297 999 343 1.
1063 297 1170 343 CAP.
1203 298 1394 345 26-28.
1926 296 1987 343 83

164 444 371 496 militiae
398 443 589 511 flagitia
620 443 811 510 primus
850 442 1128 510 aspernari.
1200 442 1308 494 Nec
1345 440 1497 491 multo
1534 444 1649 507 post
1686 439 2014 507 digredien-¹

163 541 265 588 tem
304 518 677 598 cum‘ffaes'are,
720 550 780 585 ac
814 534 1023 600 provisu
1057 533 1270 600 periculi
1295 532 1506 584 hiberna
1548 536 1714 583 castra
1746 536 1989 598 repeten-

164 632 280 692 tem,
327 626 723 689 circumsistunt,
753 612 1046 692 ”rogitantes
1073 608 1181 690 ν(Ῑιιο
1217 629 1484 691 pergeret,
1533 623 1597 674 ad
1631 623 1987 689 imperatorem

165 733 230 768 an
260 717 329 769 ad'
347 721 534 783 patres,
573 721 627 766 ut
654 715 756 766 illic
779 731 979 782 quoque
1009 715 1288 766 commodis
1323 715 1581 782 legionum
1609 714 1985 766 adversaretur.

163 807 320 860 Simul
355 807 611 873 ingruunt,
649 821 773 859 saxa
804 806 1008 857 iaciunt.
1082 807 1285 872 Iamque
1308 805 1490 871 lapidis
1526 805 1630 855 ictu
1661 810 1899 872 cruentus
1938 809 2025 856 ets

163 897 301 949 exitii
345 902 530 962 certus,
569 912 785 948 accursu
823 897 1153 949 multitudinis
1191 912 1320 963 quae
1359 912 1470 948 cum
1506 897 1672 949 Druso
1711 896 1990 948 advenerat

79 992 422 1054 28protectus
456 992 547 1038 est.
620 987 832 1038 Noctem
868 987 1118 1039 minacem
1159 993 1208 1039 et
1260 988 1312 1038 in
1349 987 1516 1039 scelus
1556 991 1842 1054 erupturam
1879 987 1988 1038 fors

162 1079 368 1137 lenivit:
421 1092 536 1128 nam
571 1077 688 1153 luna
728 1078 867 1146 claro
909 1084 1119 1147 repente
1147 1078 1309 1147 *caelo
1346 1078 1456 1129 visa
1506 1078 1858 1145 languescere.
1931 1076 1988 1128 Id

162 1169 307 1221 miles
343 1169 557 1220 rationis
594 1168 804 1235 ignarus
840 1184 990 1220 omen
1025 1168 1365 1234 praesentium
1402 1168 1615 1234 accepit,
1654 1168 1760 1219 suis
1795 1167 1992 1218 labori-

161 1260 254 1311 bus
288 1259 629 1312 desectionem
659 1259 844 1311 sideris
872 1259 1199 1324 adsimulanS,
1237 1273 1583 1325 prospereque
1611 1272 1818 1310 cessura
1860 1271 1988 1323 quae
2007 1273 2055 1308 ro

159 1357 410 1419 peterent,
450 1352 498 1403 >si
535 1351 707 1419 fulgor
742 1356 792 1403 et
820 1350 1068 1402 claritudo
1109 1351 1237 1402 deae
1270 1350 1587 1402 redderetur.
1660 1351 1819 1417 Igitur
1855 1349 1991 1400 aeris

281 1479 324 1521 2.
358 1480 471 1534 cum]
500 1492 592 1520 eum
621 1478 675 1520 Μ.
739 1477 781 1520 6.
816 1477 1004 1519 adcursu
1035 1477 1090 1518 M.
1153 1476 1195 1519 8.
1219 1477 1405 1518 clamore
1435 1489 1550 1532 pena
1582 1475 1701 1518 caelo
1735 1475 1800 1517 M:
1835 1486 1988 1517 emen-

160 1536 278 1579 davit
309 1537 500 1592 Lipsius.
593 1538 634 1581 9.
668 1538 755 1578 suis
786 1536 1140 1578 Freinshemius:
1182 1537 1299 1578 asuis
1330 1537 1385 1578 M.
1419 1537 1465 1577 in
1496 1549 1585 1592 mg.
1619 1535 1825 1577 Beroaldi
1857 1548 1989 1576 manu

160 1610 214 1637 ac
244 1598 344 1638 suis.
413 1598 480 1639 11.
507 1603 702 1652 peterent
730 1596 892 1638 editor:
926 1596 964 1638 M
991 1603 1236 1653 perperene,
1270 1597 1314 1637 in
1345 1609 1433 1652 mg.
1466 1594 1670 1637 Beroaldi
1702 1607 1830 1636 manu
1861 1608 1990 1651 yere-

159 1663 275 1710 rent,
304 1663 578 1712 peragerent.

234 1796 539 1851 digredientem
557 1810 650 1838 cum
673 1796 862 1838 Caesare
878 1810 891 1837 .·
925 1797 1033 1838 mire

160 1853 349 1897 Orellius
366 1855 449 1896 :‘id
462 1861 527 1898 est
549 1870 576 1896 a
593 1856 797 1908 Caesare,
823 1857 881 1897 uti
895 1869 1033 1910 appa-

158 1921 224 1957 ret
237 1920 329 1955 toto
350 1928 405 1956 ex
423 1914 538 1968 loco,
559 1916 747 1957 maxime
768 1928 822 1956 ex
833 1915 1033 1956 vv.mul-

160 1975 352 2016 titudinis
367 1987 474 2028 quae
493 1989 587 2015 cum
600 1975 741 2016 Druso
764 1974 1031 2016 adveneras.

158 2033 368 2075 Nimirum
399 2032 560 2075 oblitus
607 2039 672 2074 est
703 2033 892 2074 Drusum
936 2046 1032 2074 cum

159 2093 308 2146 paucis
323 2098 463 2133 castra
474 2094 719 2148 ingressum
733 2098 1042 2144 esse,ceteram

161 2152 255 2193 eius
277 2151 600 2193 multitudinem
634 2157 756 2192 extra
792 2151 1002 2192 relictam.

250 2208 354 2264 Cap.
388 2209 460 2253 28.
523 2210 696 2251 luna—
722 2210 1000 2265 languescere
1019 2224 1033 2250 .-

160 2268 354 2323 ‘eclipsis
375 2268 498 2321 haec,
511 2270 625 2323 apud
646 2268 941 2324 chronologos
957 2282 1035 2311 ce-

160 2326 310 2381 lebris,
346 2328 501 2369 incidit
518 2330 562 2368 in
588 2329 638 2370 V.
659 2328 833 2369 kalend.
853 2328 1031 2370 Octobr.

160 2387 289 2428 initio
333 2386 426 2428 hor.
471 2389 499 2430 3
535 2388 604 2430 18’
634 2388 747 2439 32”,
799 2387 886 2429 fine
931 2387 973 2429 h.
1009 2388 1032 2429 7

160 2445 202 2487 6‘
221 2447 322 2498 32¹1,
348 2452 466 2487 certa
488 2448 614 2487 testis
638 2447 891 2500 incipientis
910 2448 1033 2501 prin-

163 2505 330 2559 cipatus
362 2505 608 2547 Tiberiani&
672 2506 898 2548 Wotrius

271 2565 358 2606 suis
401 2563 615 2606 laboribus
647 2590 703 2596 —
735 2564 999 2606 adsimulans
1020 2578 1033 2604 .·

162 2625 382 2665 sententia
411 2624 457 2664 id
487 2623 606 2665 miles
641 2625 824 2665 rationis
855 2625 1035 2680 ignarus

163 2695 284 2723 omen
317 2684 610 2738 praesentium
657 2684 821 2738 accepit
868 2682 1034 2724 duabus

163 2739 261 2781 aliis
295 2742 552 2795 explicatur,
586 2755 671 2783 una
701 2743 787 2783 suis
819 2742 1035 2784 laboribus

164 2799 440 2853 desectionem
448 2801 600 2842 sideris
611 2800 887 2853 adsimulans,
899 2801 1037 2843 altera

159 2870 442 2913 prospereque
474 2873 662 2910 cessura,
693 2885 748 2892 —
767 2861 805 2901 si
833 2860 978 2915 fulgor
998 2867 1038 2902 et

165 2915 373 2957 claritudo
417 2917 535 2958 deae
559 2918 835 2969 redderetur,·
900 2920 1036 2972 priori

164 2986 286 3014 suum
340 2981 406 3016 est
451 2977 724 3030 participium
757 2977 1034 3030 adsimulans,

166 3031 295 3073 alteri
330 3047 384 3074 ex
418 3033 500 3076 hoc
533 3037 628 3088 ipso
646 3035 934 3089 supplendum
971 3043 1036 3078 est

165 3093 400 3149 (censens).
452 3092 556 3135 Inde
576 3101 756 3148 apparet
779 3095 1035 3148 particulam

163 3163 238 3202 ac,
280 3163 391 3206 quac
432 3152 476 3193 iu
509 3153 732 3194 veteribus
767 3154 1035 3195 editionibus

164 3208 349 3251 admissa
389 3216 480 3263 est,
526 3213 813 3266 importunam
861 3226 958 3254 esse
993 3219 1036 3254 et

164 3268 315 3320 procul
359 3269 679 3311 removendam.
775 3271 949 3313 Codicis
996 3272 1035 3313 Μ

164 3326 377 3379 scriptura
398 3329 513 3369 asuis
545 3340 621 3381 pro
655 3330 744 3370 suis
778 3335 873 3370 orta
904 3329 1033 3371 vide-

164 3390 235 3425 tur
267 3398 320 3425 ex
352 3386 487 3438 prima
516 3385 661 3428 littera
692 3387 814 3428 verbi
847 3401 1033 3441 praece-

168 3443 310 3484 dentis
344 3445 548 3499 (accepit)
570 3457 795 3498 perperam
830 3447 1031 3499 repetita.

165 3501 417 3544 Boeckhius
453 3502 610 3544 inNot.
649 3505 743 3544 crit.
778 3502 829 3544 ad
863 3503 1033 3545 Pindari

168 3561 234 3603 ol.
281 3561 336 3602 Ill
379 3563 437 3604 34
487 3562 808 3603 commendavit
853 3576 907 3603 ac
950 3563 1037 3604 suis

167 3618 380 3662 laboribus
413 3621 689 3675 desectionem
732 3621 883 3663 sideris
916 3622 1037 3663 adsi-

166 3677 342 3732 mulant,
376 3679 450 3722 alii
483 3680 584 3723 alia.

250 3773 398 3812 Tacttun
423 3775 451 3813 1.

1204 1811 1489 1853 prospereque
1522 1810 1696 1839 cessura
1730 1810 1838 1851 quae
1865 1803 1988 1852 pete-

1118 1864 1215 1898 rent
1230 1872 1243 1897 .·
1278 1857 1395 1912 quod
1418 1863 1483 1899 est
1506 1858 1550 1897 in
1573 1856 1725 1897 codice
1747 1869 1853 1910 quae
1880 1870 1987 1911 per-

1119 1923 1291 1971 9erent,
1340 1915 1384 1957 id
1417 1921 1666 1970 corruptum
1701 1928 1798 1956 esse
1830 1928 1909 1968 per
1939 1927 1988 1956 se

1118 1975 1293 2028 planum
1315 1981 1357 2017 et
1375 1989 1399 2016 a
1417 1975 1631 2029 Seyfferto
1652 1974 1834 2016 Emend.
1855 1974 1987 2015 Tacit.

1119 2046 1161 2087 p.
1181 2036 1208 2076 2
1232 2039 1611 2075 commonstratum
1630 2040 1710 2074 est.
1737 2034 1988 2076 Structurae

1119 2092 1356 2134 subvenire
1382 2093 1524 2134 voluit
1547 2092 1738 2135 Orellius
1757 2091 1988 2134 scribendo

1121 2151 1178 2192 ad
1210 2166 1316 2206 quae
1341 2159 1587 2207 peaeyerent,
1621 2151 1699 2193 sed
1725 2165 1908 2208 peryere
1934 2150 1991 2192 ad

1119 2210 1293 2252 'l‘acitus
1312 2223 1399 2252 non
1416 2212 1572 2263 iunxit,
1604 2211 1690 2252 nisi
1708 2210 1781 2251 ubi
1816 2209 1992 2251 deloco

1123 2275 1167 2311 et
1199 2271 1339 2324 spatio
1372 2283 1479 2312 vere
1501 2282 1678 2313 emenso
1701 2269 1910 2324 loquitur,
1943 2274 1991 2310 ut

1119 2327 1137 2369 Ι
1163 2330 1243 2372 40:
1277 2330 1335 2371 ad
1354 2331 1617 2385 superiorem
1638 2330 1869 2371 exercitum
1885 2343 1992 2385 per-

1120 2395 1253 2442 yeret.
1332 2388 1414 2430 41:
1455 2403 1637 2444 pergere
1679 2388 1736 2429 ad
1782 2388 1990 2429 Treviros.

1123 2447 1179 2487 111
1217 2448 1270 2490 8:
1321 2447 1379 2487 ad
1416 2448 1606 2489 Drusum
1650 2449 1806 2503 perqit.
1879 2447 1990 2488 Add.

1123 2507 1183 2547 lV
1217 2507 1287 2558 52,
1324 2507 1361 2548 V
1397 2508 1464 2558 10,
1499 2507 1574 2547 ΧΠ
1604 2507 1678 2549 44.
1722 2505 1874 2560 Neque
1906 2507 1992 2546 mi-

1125 2565 1225 2606 lites
1259 2565 1323 2607 illi
1348 2565 1400 2606 ad
1433 2565 1665 2621 quidquam
1688 2570 1992 2618 perrexerunt,

1124 2625 1167 2666 id
1201 2631 1267 2666 est
1298 2636 1426 2678 porro
1461 2624 1647 2679 profecti
1680 2630 1794 2666 sunt.
1860 2624 1992 2677 Seyf-

1124 2684 1262 2726 fertus
1285 2684 1607 2726 commendavit
1621 2690 1850 2740 pararent,
1875 2683 1992 2724 Bez-

1123 2743 1368 2798 zenberger
1385 2744 1643 2799 pepiyerint,
1659 2743 1893 2783 Rhenanus
1913 2756 1992 2797 ye-

1122 2810 1290 2855 rerent,
1335 2801 1528 2843 Pichena
1554 2808 1836 2858 peraqerent,
1877 2801 1909 2842 Ι.
1942 2800 1990 2842 F.

1124 2861 1367 2902 Gronovius
1428 2867 1646 2916 urgerent.
1781 2859 1887 2901 Mihi
1951 2866 1994 2900 et

1123 2926 1268 2974 aptum
1288 2922 1533 2961 sententiae
1556 2919 1728 2961 videtur
1742 2919 1994 2973 etproxime

1123 2980 1175 3020 ad
1209 2978 1372 3020 codicis
1419 2980 1610 3034 vestigia
1658 2979 1868 3019 accedere
1912 2991 1994 3033 pe-

1123 3045 1284 3090 terent,
1321 3050 1398 3090 pro
1426 3051 1511 3093 quo
1545 3039 1580 3078 si
1608 3044 1811 3093 per-erent
1842 3036 1992 3091 negli-

1124 3100 1274 3152 gentia
1299 3098 1507 3150 seriptum
1531 3103 1663 3147 esset,
1696 3095 1781 3137 hoe
1814 3097 1857 3136 in
1885 3108 1992 3149 per-

1121 3163 1271 3210 yerent
1302 3156 1597 3196 transformari
1631 3154 1804 3195 facilius
1836 3154 1992 3207 potuit,

1123 3214 1238 3267 quod
1271 3214 1502 3254 scribentis
1535 3212 1651 3254 oculi
1687 3226 1763 3265 quo
1791 3218 1995 3266 per-fleret

1123 3272 1250 3312 modo
1274 3278 1574 3327 antegressum
1598 3271 1833 3310 observare
1860 3270 1990 3310 etiam

1122 3336 1210 3370 tum
1244 3335 1460 3383 poterant.
1524 3329 1670 3370 Petere
1703 3334 1847 3369 antem
1882 3327 1924 3368 h.
1960 3327 1989 3368 l.

1119 3388 1249 3429 unice
1291 3401 1440 3429 verum
1487 3393 1577 3428 est:
1623 3386 1830 3440 petebant
1874 3387 1989 3427 enim

1119 3446 1282 3487 milites
1309 3447 1559 3487 missionem
1579 3460 1603 3486 a
1624 3445 1815 3486 sedecim
1848 3446 1987 3496 annis,

1120 3505 1326 3558 petebant
1357 3506 1549 3558 praemia
1592 3503 1738 3544 finitae
1781 3503 1988 3554 militiae3

1120 3569 1167 3603 ut
1221 3563 1424 3604 denarius
1471 3562 1669 3604 diurnum
1725 3562 1989 3616 stipendium

1122 3622 1258 3675 foret3
1292 3635 1347 3664 ne
1380 3624 1577 3664 veterani
1609 3621 1687 3664 sub
1706 3621 1872 3664 vexillo
1908 3619 1989 3662 ha-

1122 3681 1425 3741 berentursc.
1459 3681 1557 3740 26).

1628 3763 1661 3818 3
