2280 4004
888 281 895 285 ’
947 302 966 304 --
1007 238 1351 322 ffANNALtvn
1851 295 1900 327 a.-
1924 286 1969 328 ἰ.
1999 278 2106 330 289.

281 282 369 326 8δὶ

443 424 657 486 Quintus
708 423 927 475 Plautius
986 424 1170 477 Sextus
1229 424 1464 491 Papinius
1521 421 1758 477 consules
1816 426 2196 493 semmurum

278 518 354 570 Eo
392 520 525 568 anno
562 518 611 566 *'
633 529 664 565 ,ιι
702 521 869 581 neque
907 512 1042 581 quod
1081 514 1265 566 Lucius
1291 513 1542 566 Aruseius
1579 528 1611 564 att
1649 529 1681 564 ιιι
1718 518 1880 566 morte
1916 511 2104 567 adfecti

278 607 475 671 forent,
515 603 853 656 adsuetudine
883 603 1145 679 -malorurn
1170 608 1226 654 ut
1262 598 1410 656 atrox
1444 603 1860 669 advertebatur,·
1885 604 1978 656 sed
2016 618 2112 658 ex-

276 697 458 749 terruit
494 696 631 763 quod
668 696 954 749 Vibulenus
986 683 1214 764 Agrippa
1263 710 1418 762 eques
1461 695 1750 760 Romanus,
1812 710 1924 746 cum
1956 699 2114 763 pero·-

236 792 479 841 arassent
513 793 860 854 accusatoreS,
903 788 956 838 in
990 788 1100 854 ipsa
1138 788 1279 839 curia
1321 787 1668 854 depromptum
1707 787 1823 839 sinu
1861 799 2121 842 venenum

273 878 456 944 hausit,
484 877 855 945 prolapsusque
881 894 943 931 ac
966 878 1299 930 moribundus
1339 877 1591 930 festinatis
1621 878 1854 930 lictorum
1881 879 2111 932 manibus

272 971 326 1022 in
354 986 616 1023 carcerem
646 975 818 1038 raptus
846 976 939 1036 est,
969 971 1245 1037 faucesque
1269 971 1368 1022 iam
1398 970 1646 1022 exanimis
1672 970 1856 1035 laqueo
1881 967 2110 1022 vexatae.

270 1062 347 1115 Ne
383 1062 630 1130 Tigranes
669 1062 873 1130 quidem
910 1061 1154 1114 Armenia
1195 1061 1451 1128 quondam
1487 1061 1676 1128 potitus
1713 1077 1774 1113 ac
1812 1066 1932 1112 tunc
1966 1074 2104 1128 reu-S,

271 1154 480 1206 nomine
513 1153 660 1221 regio
699 1152 947 1220 supplicia
987 1153 1174 1204 civium
1212 1152 1404 1220 effugit.
1483 1151 1552 1203 At
1588 1152 1742 1204 Gaius
1780 1152 1937 1206 Galba
1977 1164 2109 1205 eon·—

208 1244 459 1297 insularis
499 1250 548 1296 et
588 1245 688 1296 duo
713 1244 882 1297 Blaesi
911 1245 1199 1296 voluntario
1238 1244 1374 1296 exitu
1402 1243 1656 1309 cecidere,
1687 1240 1846 1297 Galba
1880 1244 2107 1297 trist-ibus

276 1335 512 1386 Caesaris
549 1334 731 1386 litteris
770 1335 1090 1400 provinciam
1128 1335 1302 1386 sortiri
1343 1333 1652 1400 prohibitusz
1690 1327 1887 1387 Blaesis
1929 1325 2111 1388 sacer-

274 1426 442 1490 dotia,
508 1425 709 1491 integra
757 1432 935 1475 eorum
985 1424 1138 1476 domo
1194 1421 1472 1488 destinata,
1531 1423 1777 1474 convulsa
1825 1417 2105 1489 distulerat,

270 1519 391 1564 tunc
424 1511 479 1564 ut
513 1529 676 1565 vacua
712 1513 928 1565 con-tulit
981 1514 1033 1564 in
1081 1499 1226 1565 alios.
1302 1512 1450 1574 Quod
1499 1512 1705 1579 signum
1737 1513 1915 1564 mortis
1955 1514 2109 1566 intel-

270 1603 447 1657 lexere
503 1609 554 1656 et
608 1603 808 1658 executi
864 1608 995 1655 sunt.
1087 1603 1149 1654 Et
1185 1599 1403 1654 Aemilia
1459 1599 1678 1670 Lepida,
1734 1614 1881 1670 quam
1936 1598 2108 1656 iuveni

205 1704 258 1740 ¹⁵
272 1696 438 1748 Druso
477 1700 698 1762 nuptam
733 1694 933 1759 rettuli,
991 1694 1187 1746 crebris
1243 1694 1536 1746 criminibus
1574 1695 1807 1746 maritum
1837 1694 2107 1761 insectata,

274 1802 573 1854 quamquam
602 1786 941 1869 intestabilis,
978 1790 1149 1837 tamen
1183 1785 1426 1851 impunita
1463 1785 1663 1852 agebat,
1705 1781 1823 1836 dum
1860 1786 2108 1852 superfuit

272 1882 421 1944 pater
452 1858 700 1944 Lepidus.
738 1881 855 1944 post
890 1890 918 1928 a
956 1872 1270 1971 delatoribus
1309 1874 1582 1942 corripitur
1615 1875 1682 1927 ob
1722 1886 1924 1930 servum
1959 1874 2109 1930 adul-

1179 2043 1222 2086 2.
1255 2041 1400 2084 hiatus
1434 2042 1606 2084 notavit
1638 2041 1803 2084 editor:
1835 2043 1880 2085 in
1912 2043 1954 2086 Μ
1984 2043 2106 2088 nulla

275 2100 476 2145 defectus
509 2098 687 2145 indicia.
812 2094 861 2144 L.
896 2095 951 2144 M.
1074 2105 1118 2144 4.
1151 2114 1355 2143 romanos
1385 2092 1440 2143 M.
1554 2100 1596 2144 6.
1629 2116 1700 2143 ma
1733 2103 1951 2156 manibus,
1981 2104 2104 2159 prius

206 2163 209 2166 ’
237 2184 242 2187 »
270 2176 343 2203 ma
374 2164 420 2204 in
452 2163 539 2204 fine
569 2166 740 2214 versus,
772 2161 829 2204 M.
919 2161 963 2204 8.
996 2160 1159 2217 positus
1184 2159 1239 2203 M..
1320 2160 1362 2204 9.
1398 2159 1448 2203 G.
1482 2159 1538 2204 M.
1634 2160 1704 2205 10.
1737 2157 1888 2204 bkesii
1914 2158 1972 2216 M
2000 2172 2105 2205 mox

272 2221 443 2265 blaesis.
541 2223 609 2264 11.
634 2221 897 2264 sacerdocm
928 2220 983 2263 M.
1080 2222 1148 2299 14.
1183 2233 1321 2263 exsec.
1356 2218 1428 2263 Or.
1532 2220 1600 2263 16.
1633 2220 1896 2264 intestabiles
1928 2222 1983 2267 Μ.

395 2046 434 2086 1.
470 2043 642 2112 quinitas
672 2043 731 2087 M.
838 2043 942 2085 Sexi
974 2041 1030 2084 M.

1226 2362 1340 2404 seius
1370 2364 1504 2402 morte
1537 2361 1699 2420 adfecti
1727 2363 1885 2417 forent,
1919 2325 2102 2418 impedit

360 2362 465 2418 Cap.
499 2363 571 2406 40.
637 2375 684 2404 eo
717 2368 888 2406 anno‘*
924 2379 948 2406 e
985 2370 1145 2417 neque.-

1227 2433 1278 2463 ae
1323 2419 1551 2462 dissuadet
1611 2422 1765 2463 inertis
1820 2418 2100 2476 repetitionis

269 2423 353 2465 hoc
386 2423 485 2464 loco
512 2435 666 2464 versus
698 2421 863 2464 excidit
896 2422 1145 2465 aben-anti-

267 2484 348 2524 bus
372 2482 606 2524 scribentis
631 2481 772 2524 oculis
806 2495 830 2522 a
862 2483 1008 2537 priore
1041 2494 1145 2536 par-

272 2541 410 2583 ticula
432 2553 567 2595 neque
599 2541 653 2582 ad
672 2540 785 2582 hanc
816 2541 1013 2584 alteram.
1060 2539 1145 2582 Sed

271 2601 402 2642 etiam
444 2606 543 2654 post
586 2612 745 2640 nomen
780 2599 989 2641 Aruseius
1030 2598 1144 2641 alius

268 2659 457 2700 hominis
499 2658 602 2699 bina
646 2657 821 2699 nomina
866 2659 1142 2710 interierunt,

269 2726 316 2759 ut
364 2717 556 2759 ostendit
602 2729 809 2759 numerus
851 2717 1143 2759 multitudinis

263 2778 430 2833 adfecti
458 2779 616 2831 forent.
683 2776 845 2828 Quodsi
868 2778 1043 2818 nomina
1063 2789 1141 2830 pre

262 2841 417 2882 vnostro
451 2836 630 2878 arbitrio
668 2836 880 2891 quaedam
913 2844 1141 2891 ponamus,

268 2896 378 2937 haec
410 2896 504 2937 fere
535 2895 674 2937 forma
713 2895 848 2936 suerit
879 2896 1142 2938 narrationis

266 2954 513 2996 'l'acitinaez
570 2969 616 2996 eo
659 2968 773 2994 anno
820 2967 964 3009 neque
1006 2968 1141 2996 accu-

266 3015 377 3055 satio
413 3019 457 3055 et
489 3012 706 3055 damnatio
731 3013 852 3067 Papii
875 3014 1031 3067 Mutili,
1056 3014 1139 3054 viri

265 3073 486 3125 inlustris,
519 3083 655 3128 neque
688 3073 797 3127 quod
829 3072 987 3114 Lucius
1018 3073 1139 3115 Aru*

264 3133 378 3174 seius
405 3137 449 3174 et
464 3132 632 3174 Marcus
657 3132 934 3188 Sanquinius,
950 3143 1138 3174 accusa-

262 3198 382 3233 tores
405 3192 616 3244 Arrun'tii,
637 3198 770 3233 morte
797 3191 960 3247 adfecti
979 3195 1137 3246 sor-ent,

264 3258 352 3294 cet.
417 3251 499 3303 Qui
548 3263 635 3292 uno
677 3251 911 3292 verborum
945 3251 1136 3303 defectu,

262 3316 310 3350 ut
353 3309 489 3367 vulgo
535 3309 608 3362 fit,
665 3311 950 3365 acquiescere
999 3309 1136 3362 malit,

262 3368 683 3423 hunc'probabiliter
707 3383 819 3424 quae
840 3369 997 3410 desunt
1020 3373 1133 3410 nfan

258 3440 391 3482 quam
417 3430 513 3471 sive
533 3429 837 3483 suppleturum
858 3430 954 3470 sive
987 3429 1135 3469 imita·-

261 3492 403 3528 turum
460 3500 560 3528 esse
609 3487 819 3541 spondeo.
894 3488 1000 3529 Nam
1048 3498 1133 3542 quo

260 3547 405 3586 minus
448 3545 557 3587 haec
600 3547 694 3588 fere
736 3547 876 3588 fuisse
915 3553 1132 3600 putemus,

259 3617 309 3643 eo
343 3617 458 3645 amw
492 3614 636 3660 neque
671 3605 787 3660 quod
818 3605 987 3646 Mamm
1021 3605 1132 3649 San-

260 3662 458 3722 quinius,
507 3677 641 3723 neque
680 3664 791 3723 quod
822 3660 980 3708 Lucius
1011 3663 1131 3708 Aru,

1226 2479 1412 2522 molesta
1472 2485 1713 2533 structura,
1777 2493 1905 2537 quam
1967 2494 2096 2524 nemo

1224 2540 1365 2595 magis
1397 2545 1635 2581 aversatur
1654 2514 1781 2595 qiiam
1806 2538 1995 2596 insignis
2023 2538 2098 2582 hic

1225 2599 1478 2639 variationis
1511 2605 1691 2641 amat-or.
1766 2599 1873 2653 Rem
1904 2604 2097 2641 atrocem

1227 2657 1356 2697 etiam
1392 2656 1476 2697 Dio
1510 2659 1702 2698 narravit
1732 2656 1867 2698 Lvnl
1900 2657 1989 2711 21,
2020 2658 2098 2700 sed

1223 2715 1393 2757 rettulit
1425 2715 1478 2756 ad
1510 2729 1668 2757 annum
1702 2729 1726 2757 a
1751 2715 1926 2758 Christo
1958 2719 2097 2758 trice-

1223 2776 1380 2816 simum
1430 2776 1631 2828 tertium,
1686 2778 1930 2830 temporum
1978 2775 2094 2818 haud

1224 2833 1416 2890 diligens
1447 2834 1719 2877 observator.

1311 2894 1527 2948 festinatis
1546 2893 1747 2935 lie-torum
1765 2892 1990 2935 mmibme
2020 2893 2096 2936 fo..

1222 2952 1472 2994 stinationis
1502 2966 1633 2995 causa
1655 2954 1921 3008 perspicitur
1953 2964 2009 2994 ex
2040 2954 2095 2994 iis

1224 3024 1336 3066 quae
1369 3018 1471 3053 ante
1506 3014 1626 3068 (cap.
1662 3013 1742 3069 29)
1793 3012 1948 3054 tradita
1979 3018 2093 3054 sunt.

1310 3070 1361 3111 Ο.
1399 3068 1539 3112 Galba
1571 3070 1842 3113 comularis:
1883 3075 1949 3112 est
1979 3070 2094 3112 idem

1217 3130 1294 3183 qui
1327 3127 1382 3170 m
1415 3130 1473 3172 52
1502 3130 1554 3172 C.
1580 3129 1800 3185 *Sulpicius
1830 3129 2093 3182 nominatur,

1217 3188 1376 3229 consul
1397 3195 1515 3229 anno
1538 3190 1594 3232 22
1613 3202 1636 3229 a
1653 3187 1830 3230 Christo
1854 3184 2095 3245 ‹et-eolhga

1219 3247 1277 3289 D.
1314 3248 1508 3301 Haterii,
1564 3248 1700 3289 frater
1745 3249 1839 3290 eius
1872 3248 1953 3305 qui
1993 3250 2094 3304 post

1217 3305 2017 3360 imperavit„0m1f.Sueton.Galba
2047 3307 2090 3348 3.

1307 3366 1389 3407 duo
1411 3365 1582 3408 Blaesi.
1611 3366 1711 3419 iili-i,
1744 3365 1893 3419 credo,
1915 3363 2092 3408 metant

1215 3425 1314 3466 eius
1355 3424 1504 3467 Blaesi
1548 3428 1622 3481 qui
1665 3425 1909 3467 avuncuius
1941 3417 2088 3466 Seiani

1212 3482 1300 3539 (1ss
1332 3486 1413 3542 35)
1446 3491 1547 3539 post
1580 3484 1710 3526 liuius
1744 3495 1889 3526 oasam
1921 3487 2088 3536 poenas

1218 3545 1261 3583 in
1295 3545 1445 3601 primis
1478 3543 1611 3596 dedit,
1646 3543 1700 3584 de
1721 3555 1807 3597 quo
1840 3541 2002 3582 dietum
2029 3540 2089 3582 *ad

1219 3603 1255 3643 V
1290 3603 1555 3645 7.1unius
1600 3576 1809 3653 Blaesus,
1858 3599 1909 3640 H.
1954 3599 1972 3640 1
2014 3599 2085 3652 59,

1213 3661 1252 3704 11
1283 3662 1354 3715 59,
1378 3660 1512 3705 11138
1534 3661 1779 3704 nominatus
1804 3664 1847 3702 et
1869 3657 2086 3719 laudatus,
