2280 4004
182 281 212 323 a
243 275 290 324 C.
324 279 429 326 23.

759 277 921 322 LIBER
946 274 1027 323 IV.
1089 275 1196 323 CAP.
1210 274 1214 277 ⁹
1230 278 1361 323 2—4.

1925 277 2015 323 23⁵7

184 427 240 475 ut
286 436 380 489 pro
435 421 666 474 honestis
726 426 774 474 et
813 414 1166 489 praesentibus
1219 418 1472 488 flagitiosa
1520 422 1569 471 et
1621 418 1816 473 incerta
1859 434 2018 486 expe-

190 519 364 566 ctaret.
418 512 637 566 Sumitur
670 511 722 561 in
762 510 1126 563 conscientiam
1163 510 1416 562 Eudemus
1455 509 1645 560 amicus
1689 523 1749 560 ac
1786 508 2013 560 medicus

188 603 385 669 Liviae,
448 603 619 669 specie
668 603 790 654 artis
834 603 1073 669 frequens
1126 601 1355 654 secretis.

1429 600 1571 652 Pellit
1617 599 1766 651 domo
1806 599 2018 653 Seianus

187 709 399 746 uxorem
434 694 730 759 Apicatam,
792 710 855 745 ex
896 709 991 759 qua
1030 698 1134 745 tres
1186 692 1377 744 liberos
1415 697 1691 760 genuerat,
1750 707 1815 743 ne
1851 689 2020 757 pellici

188 789 580 852 suspectaretur.

676 785 776 837 Sed
831 786 1124 853 magnitudo
1176 786 1420 837 facinoris
1457 788 1641 837 metum
1683 783 2060 860 prolationes&

191 876 394 929 diversa
430 875 681 928 interdum
724 875 938 927 consilia
971 875 1252 940 adferebat.

259 993 268 1010 ·
329 966 532 1018 Interim
569 967 686 1017 anni
722 967 972 1033 principio
998 967 1190 1018 Drusus
1230 983 1293 1019 ex
1321 967 1609 1019 Germanici
1636 965 1811 1019 liberis
1850 971 2020 1033 togam

188 1057 384 1132 virilem
421 1058 661 1124 sumpsit;
703 1073 932 1124 quaeque
971 1059 1116 1109 fratri
1158 1059 1264 1110 eius
1299 1059 1490 1110 Neroni
1534 1059 1834 1111 decreverat
1869 1073 2024 1109 sena-

188 1154 269 1200 tus
287 1187 300 1214 ,
342 1150 570 1216 repetita.

648 1150 864 1202 Addidit
902 1151 1184 1202 orationem
1223 1151 1440 1216 Caesar,
1504 1151 1656 1202 multa
1709 1167 1819 1202 cum
1871 1149 2022 1202 laude

189 1237 277 1288 filii
334 1238 444 1303 sui,
507 1239 642 1305 quod
682 1240 843 1306 patria
893 1239 1237 1292 benivolentia
1287 1240 1340 1289 in
1395 1240 1567 1291 fratris
1621 1239 1813 1293 liberos
1868 1242 2087 1294 foret.1o

189 1330 314 1383 Nam
347 1330 569 1394 DrusuS,
631 1344 938 1396 >quamquam
997 1329 1207 1381 arduum
1260 1331 1325 1382 sit
1366 1331 1547 1383 eodem
1597 1332 1700 1383 loci
1747 1333 2023 1398 potentiam

193 1424 243 1472 et
279 1420 608 1471 concordiam
648 1435 780 1486 esse,
819 1435 1009 1487 aequus
1048 1422 1460 1473 adulescentibus
1501 1427 1585 1473 aut
1612 1427 1750 1474 certe
1785 1438 1887 1474 non
1930 1424 2026 1475 ad-

192 1526 372 1563 versus
420 1508 715 1563 habebatur.

803 1510 935 1560 Exin
974 1515 1118 1562 vetus
1173 1515 1222 1561 et
1278 1525 1431 1576 saepe
1482 1511 1765 1564 simulatum
1816 1513 2025 1579 profici-

193 1603 371 1654 scendi
410 1603 462 1653 in
497 1601 789 1668 provincias
821 1602 1089 1653 consilium
1122 1602 1357 1654 refertur.
1423 1602 1788 1655 Multitudinem
1821 1609 2027 1655 vetera-

194 1710 372 1750 norum
408 1693 738 1761 praetexebat
774 1693 1076 1759 imperator,
1118 1697 1166 1743 et
1209 1691 1487 1743 delectibus
1524 1693 1832 1760 supplendos
1871 1711 2087 1748 exer-15

195 1788 353 1839 citus:
391 1802 506 1837 nam
539 1783 1119 1836 voluntarium-militem
1157 1782 1355 1848 deesse,
1399 1798 1459 1833 ac
1497 1784 1541 1834 si
1579 1785 1878 1850 suppeditet,
1922 1800 2025 1836 non

195 1878 371 1929 eadem
406 1877 591 1928 virtute
632 1890 692 1926 ac
733 1874 983 1925 modestia
1022 1889 1211 1940 agere,
1255 1874 1368 1939 quia
1409 1874 1703 1941 plerumque
1742 1875 1921 1941 inopes
1965 1891 2026 1926 ac

192 1970 312 2036 vagi
348 1973 528 2034 sponte
559 1967 784 2018 militiam
822 1971 1034 2018 sumant.

1107 1966 1505 2032 Percensuitque
1544 1968 1728 2018 cursim
1766 1983 2028 2019 numerum

192 2060 486 2126 legionum,
528 2063 577 2109 et
615 2072 738 2123 quas
778 2057 1071 2123 provincias
1110 2060 1406 2106 tutarentur.

1484 2056 1630 2118 Quod
1669 2058 1790 2108 mihi
1829 2072 2028 2123 quoque

196 2149 546 2217 exequendum
581 2164 730 2215 reor,
787 2164 916 2215 quae
969 2154 1088 2199 tunc
1123 2149 1349 2200 Romana
1401 2148 1546 2215 copia
1596 2150 1648 2199 in
1705 2152 1884 2215 armiS,
1945 2148 2094 2216 quim

319 2318 357 2360 1.
392 2332 506 2375 exsp.
540 2316 611 2361 Or.

195 2375 238 2420 8.
271 2385 423 2420 senatu
454 2378 508 2421 M.
576 2378 644 2421 15.
679 2377 820 2421 dilect.
855 2378 908 2422 M.

196 2538 293 2581 dum
330 2539 373 2579 in
405 2538 688 2580 annotatione
720 2537 774 2580 ad
798 2536 914 2580 hunc
933 2535 1069 2580 Taciti

196 2599 341 2640 locum
357 2604 516 2650 narret,
551 2597 788 2640 secundum
809 2598 995 2640 Dionem
1027 2604 1069 2639 et

197 2657 409 2698 Zonoram
471 2657 532 2712 (X
570 2659 598 2701 2
639 2653 731 2707 πὺξ
795 2658 919 2713 αὐτῷ
957 2672 1070 2701 ποτε

195 2719 421 2772 ἐντείνας)
455 2717 656 2759 Seianum
675 2717 815 2759 Druso
836 2716 1068 2771 colaphum

197 2775 421 2817 inflixisse.

282 2835 493 2876 adulterio
529 2833 731 2890 pellexit.-

198 2893 412 2935 adulterio
465 2895 686 2946 corrupit3

201 2965 324 2994 casus
357 2953 649 2993 instrumenti.
714 2950 840 2994 Conf.
874 2953 1071 2995 X11145:

199 3018 393 3066 agentem
435 3025 528 3052 eam
566 3012 613 3051 in
655 3013 926 3052 matrimonio
962 3013 1074 3065 Rufii

201 3068 463 3126 Crispini—
489 3070 594 3111 Otho
625 3070 799 3125 pellexit
830 3072 1003 3112 iuventa
1035 3079 1074 3113 et

199 3129 316 3170 luxu.
442 3130 675 3170 avunculus
706 3130 946 3185 Auquslus:
978 3130 1073 3171 Au-

202 3192 351 3240 gustus
385 3187 518 3229 frater
534 3187 758 3240 Octaviae,
793 3201 904 3243 quae
937 3196 1074 3230 mater

203 3250 293 3285 erat
335 3245 551 3286 Antoniae
589 3248 767 3287 minoris
802 3253 931 3301 atque
973 3249 1072 3289 avia

202 3302 350 3344 Liviae
388 3303 483 3345 sive
505 3303 690 3345 Livillae
724 3307 812 3359 (sic
839 3306 1071 3348 Suetonius

203 3375 294 3403 cam
337 3368 488 3413 vocat,
529 3360 698 3402 Tacitus
738 3363 897 3403 formas
929 3364 1071 3405 demi-

201 3421 444 3462 nutivorum
468 3421 621 3476 fugit),
643 3422 876 3462 avunculus
893 3436 1072 3478 maynus

146 3531 150 3534 ι
205 3483 312 3533 (non
345 3482 484 3522 maior
516 3485 562 3519 ut
586 3478 811 3520 Ernestius
843 3479 971 3536 dicit)
996 3480 1071 3521 Li-

203 3540 300 3580 viae
332 3539 430 3580 fuit.
465 3539 515 3579 V.
549 3544 696 3579 annot.
730 3538 782 3579 ad
817 3537 854 3579 11
886 3538 957 3581 43.

288 3596 531 3639 Eudemus:
577 3604 618 3639 et
670 3597 856 3638 hominis
896 3603 939 3638 et
983 3598 1071 3638 cri-

204 3656 331 3704 minis
377 3657 572 3699 meminit
620 3655 786 3700 Plinius
834 3655 967 3699 XXIX
1013 3656 1071 3699 8:

789 2833 903 2876 idem
955 2836 1072 2890 quod

743 2894 953 2935 adulterio
1006 2901 1070 2936 est

730 2317 772 2361 3.
807 2318 950 2360 domos
990 2321 1028 2376 (s
1067 2323 1229 2374 puncto
1274 2321 1490 2378 notatum)
1533 2318 1587 2362 M.

1689 2320 1731 2363 4.
1769 2319 1933 2377 paelici
1971 2318 2025 2362 M.

1152 2537 1241 2578 iam
1270 2536 1380 2579 'vero
1425 2542 1464 2578 et
1511 2534 1751 2589 adulteria,
1807 2535 1934 2576 etiam
1983 2534 2030 2576 in

1152 2597 1394 2653 principum
1426 2595 1638 2647 domibus,
1680 2602 1726 2637 ut
1767 2594 1951 2636 Eudemi
1983 2595 2030 2635 in

1155 2656 1283 2698 Livia
1318 2656 1450 2697 Drusi
1484 2655 1699 2696 Caesaris.
1810 2660 2030 2711 suspecta-

1155 2722 1300 2757 retur:
1334 2728 1376 2757 v.
1415 2714 1467 2756 ad
1498 2713 1516 2755 I
1548 2714 1589 2756 5.

1243 2832 1346 2887 Cap.
1381 2833 1423 2875 4.
1487 2846 1674 2887 quaeque
1703 2833 1839 2886 fratri
1870 2856 1925 2862 —
1955 2831 2031 2872 cle-

1158 2899 1355 2934 creverat
1385 2900 1585 2933 senalus.-
1618 2905 1659 2933 v.
1693 2890 1749 2932 ΙΙΙ
1781 2890 1852 2933 29.

1245 2966 1371 3007 saepe
1403 2950 1672 2992 simulatum:
1710 2949 1728 2990 I
1759 2950 1837 3001 47,
1871 2948 1927 2989 111
1957 2949 2030 2992 47.

1248 3018 1370 3052 tuuc.-
1406 3010 1521 3065 quod
1541 3009 1760 3051 Mediceus
1785 3008 1964 3062 praebet
1990 3013 2032 3048 et

1157 3068 1385 3111 Bekkerus
1414 3071 1575 3123 primus
1606 3069 1789 3121 recepit,
1823 3075 1923 3108 lunc
1953 3079 2030 3119 pro

1158 3136 1266 3180 tum,
1314 3129 1386 3170 vel
1433 3130 1685 3169 coniectura
1716 3124 2030 3166 restituendum

1158 3188 1337 3228 fuisset:
1371 3200 1468 3227 nain
1503 3193 1586 3226 tum
1603 3185 1759 3225 dicitur
1780 3183 1832 3223 de
1851 3195 1896 3223 re
1920 3196 2030 3237 quae

1158 3246 1286 3286 aliam
1329 3246 1546 3299 sequitur,
1589 3250 1689 3283 tunc
1730 3242 1782 3282 de
1826 3254 1876 3282 ea
1919 3254 2030 3295 quae

1160 3317 1254 3344 cum
1297 3303 1383 3344 alia
1435 3302 1587 3343 eodem
1640 3306 1835 3353 tempore
1886 3304 2028 3352 extat;

1159 3363 1201 3402 id
1234 3368 1375 3402 autem
1410 3360 1539 3401 huius
1573 3359 1658 3400 loci
1692 3360 1909 3399 sententia
1945 3371 2030 3412 po-

1158 3420 1303 3461 stulat.
1366 3419 1483 3460 Idem
1527 3419 1758 3459 discrimen
1799 3416 2030 3459 intercedit·

1158 3481 1271 3520 inter
1301 3478 1535 3532 particulas
1565 3479 1652 3518 iam
1683 3482 1725 3518 et
1756 3491 1884 3518 ητιηε.
1935 3477 2029 3518 Ro..

1156 3552 1289 3579 mana
1340 3538 1463 3593 copia
1510 3542 1555 3577 ut
1606 3536 1644 3578 Il
1695 3537 1753 3580 52
1805 3537 1888 3578 levi
1936 3550 2030 3578 cum

1159 3598 1306 3653 copia,
1340 3598 1394 3641 27
1430 3596 1752 3638 classiariorum
1784 3596 1928 3651 copia,
1970 3595 2026 3640 47

1155 3657 1376 3718 praesenti
1408 3656 1546 3715 copia,
1580 3654 1636 3700 56
1667 3655 1817 3699 navali
1845 3654 1982 3715 copia.
