2280 4004
168 303 196 334 a
226 289 275 334 C.
308 292 381 337 65.
727 293 892 337 LIBER
922 293 1017 339 XV.
1085 294 1191 339 GAr.
1225 295 1418 340 54-55.

1904 303 1992 345 293

163 433 466 500 phroditum,
507 447 626 485 mox
664 435 726 486 ab
765 449 826 486 eo
856 435 919 487 ad
942 436 1214 502 Neronem,
1250 451 1440 505 urgens
1467 418 1767 507 periculum,
1807 424 1994 508 graves

169 525 492 590 coniuratos,
549 530 599 576 et
651 530 820 577 cetera
877 541 1005 592 quae
1071 528 1301 579 audierat
1364 533 1770 597 coniectaverat,
1827 532 1993 584 docet.

166 615 336 666 Telum
376 630 575 682 quoque
612 616 662 665 in
701 631 878 668 necem
903 618 1010 669 eius
1032 624 1258 684 paratum
1292 621 1530 686 ostendit,
1570 623 1827 690 accirique
1851 639 1993 676 reum

162 705 322 757 iussit.
398 707 444 757 Is
495 712 664 773 raptus
715 723 806 773 per
842 708 1025 760 milites
1068 715 1116 760 et
1152 709 1504 763 defensionem
1556 728 1731 778 orsus,
1785 714 1992 780 ferrum,

164 797 304 848 cuius
346 803 672 865 argueretur,
715 799 832 849 olim
869 800 1121 867 religione
1155 803 1316 866 patria
1359 802 1541 854 cultum
1578 809 1627 854 et
1663 804 1715 854 in
1755 805 2030 859 cubiculos

161 888 382 939 habitum
436 905 497 939 ac
547 890 725 941 fraude
769 890 936 942 liberti
977 891 1267 957 subreptum
1305 894 1582 959 respondit.
1658 895 1872 948 Tabulas
1910 901 1992 947 te-

159 982 392 1031 stamenti
444 981 645 1046 saepius
702 998 729 1032 a
783 997 867 1046 se,
918 987 967 1033 et
1014 982 1319 1034 incustodita
1371 984 1566 1035 dierum
1604 985 1980 1052 observatione,

160 1071 404 1138 signatas
475 1056 725 1123 Pecunias
782 1077 831 1123 et
865 1072 1123 1124 libertates
1185 1074 1349 1125 servis
1400 1080 1449 1125 et
1496 1081 1610 1127 ante
1650 1076 1785 1127 dono
1828 1077 1988 1143 datas,

161 1162 252 1212 sed
293 1161 411 1212 ideo
447 1166 565 1212 tunc
602 1162 820 1229 largius,
872 1163 987 1228 quia
1024 1163 1161 1215 tenui
1203 1164 1302 1214 iam
1341 1180 1397 1215 re
1436 1165 1671 1218 familiari
1707 1173 1755 1217 et
1791 1168 1990 1219 instan—

159 1252 291 1304 tibus
344 1252 681 1304 creditoribus
740 1258 1040 1304 testamento
1099 1254 1366 1305 diffideret.
1441 1256 1713 1308 Enimvero
1749 1257 1988 1311 liberales
2008 1276 2054 1310 ιο

159 1359 361 1409 semper
410 1343 583 1409 epulas
636 1345 917 1408 struxisse,
974 1344 1125 1395 vitam
1163 1360 1427 1397 amoenam
1470 1352 1520 1397 et
1557 1347 1696 1399 duris
1736 1349 1988 1401 iudicibus

158 1448 333 1500 parum
379 1435 656 1501 probatam.
732 1436 969 1487 Fomenta
1006 1436 1301 1488 vulneribus
1339 1437 1474 1488 nulla
1523 1439 1663 1490 iussu
1715 1454 1839 1504 SUO,
1896 1441 1989 1492 sed

159 1526 274 1591 quia
314 1530 482 1576 cetera
533 1525 696 1592 palam
732 1542 863 1578 vana
908 1527 1208 1591 obiecisset,
1249 1528 1528 1594 adiungere
1570 1529 1795 1595 crimen,
1849 1531 1991 1583 cuius

158 1631 276 1668 sese
312 1616 499 1682 pariter
528 1616 749 1667 indicem
784 1623 833 1668 et
866 1622 1045 1668 testem
1090 1618 1299 1669 faceret.
1364 1618 1538 1669 Adicit
1574 1619 1722 1671 dictis
1748 1626 1993 1672 constan-

159 1708 309 1771 tiam3
346 1707 545 1758 incusat
578 1708 709 1758 ultro
750 1708 1089 1759 intestabilem
1129 1714 1179 1759 et
1217 1709 1637 1775 consceleratum,
1679 1716 1815 1763 tanta
1842 1713 1986 1764 vocis
2009 1731 2054 1767 ¹5

163 1814 224 1850 ac
260 1798 425 1850 vultus
466 1799 738 1850 securitate
785 1804 837 1849 ut
870 1799 1065 1850 labaret
1100 1799 1373 1865 indicium,
1431 1801 1530 1852 nisi
1566 1795 1820 1853 Milichum
1856 1818 1987 1854 uxor

163 1889 509 1942 admonuisset
555 1890 829 1940 Antonium
877 1890 1103 1941 Natalem
1152 1890 1304 1941 multa
1360 1907 1470 1942 cum
1517 1892 1769 1944 Scaevino
1808 1910 1868 1945 ac
1905 1910 1993 1946 se-

250 2063 292 2106 2.
327 2061 574 2103 coniuratos
604 2059 696 2103 Ma:
731 2061 1050 2102 coniurationes
1083 2058 1130 2102 G.

161 2135 186 2162 υ
218 2121 393 2163 litterae
424 2121 442 2162 i
473 2119 552 2162 Ma.
677 2121 995 2161 coniectaverat
1026 2118 1115 2161 Ma:
1159 2120 1559 2174 coniectaueratque
1607 2120 1654 2162 G.
1779 2121 1819 2163 7.
1853 2123 1992 2177 sepius

165 2179 245 2223 Ma.
332 2182 411 2224 10.
447 2180 657 2236 diffideret
691 2181 907 2221 enimuero
940 2178 1140 2221 liberales
1174 2193 1338 2235 semper
1370 2179 1515 2235 epulas
1547 2179 1751 2221 struxisse
1784 2180 1993 2234 diffideret

163 2242 378 2282 enimuero
409 2240 545 2281 uita-m
577 2239 804 2280 hamenam
832 2238 923 2282 Ma:
957 2238 1194 2293 diffideret:
1229 2239 1445 2279 enimuero
1463 2264 1516 2270 -
1541 2241 1759 2292 strusz-isse,
1794 2247 1833 2281 et
1862 2242 1994 2282 vitam

167 2313 393 2341 amoenam
424 2298 472 2351 G,
507 2305 550 2340 et
582 2300 642 2340 ita
672 2298 824 2355 vulgo.
922 2300 987 2342 12.
1025 2297 1139 2340 volu.
1180 2298 1250 2339 Or.
1350 2299 1417 2340 13.
1454 2305 1561 2340 caet.
1596 2297 1676 2340 Ma.
1760 2301 1877 2340 cuius
1905 2313 1994 2340 sese

164 2358 418 2400 Acidalius:
441 2356 507 2400 Ma
543 2358 686 2411 13sisse
720 2357 788 2412 (id
819 2362 885 2400 est
905 2358 1121 2413 Iussisse),
1155 2357 1194 2398 A
1227 2363 1270 2398 et
1287 2357 1479 2399 Pichena
1506 2364 1552 2398 ut
1582 2371 1686 2410 sese,
1705 2357 1776 2400 CR
1805 2360 1992 2411 iussisse,

162 2421 197 2459 B
228 2419 397 2470 vixisse,
438 2416 472 2459 G
501 2418 663 2459 uisum:
694 2431 753 2459 se.
849 2418 917 2460 17.
951 2431 1006 2458 ac
1036 2423 1204 2458 secreta
1237 2415 1352 2469 GMa,
1385 2424 1423 2458 et
1453 2423 1622 2458 secreta
1654 2417 1774 2460 Harl.

1225 2066 1332 2101 caet.
1367 2059 1448 2101 Ma.
1542 2060 1742 2103 audierat
1772 2072 1989 2116 superscr.

259 2548 364 2604 Cap.
411 2550 482 2593 55.
546 2551 691 2592 hortos
742 2550 1035 2594 Servilianos:

163 2621 239 2651 eos
270 2608 386 2652 Nero
424 2609 568 2651 domui
602 2623 707 2652 suae
741 2611 1035 2653 continuave-

161 2675 242 2711 rat.
305 2667 371 2711 Cf.
406 2669 457 2711 H.
491 2668 550 2710 ΙΙΙ
581 2669 662 2722 38,
707 2670 886 2713 Sueton.
932 2670 1032 2714 Ner.

161 2730 233 2772 47.
285 2727 472 2770 Eosdem
503 2729 716 2785 intelligit
747 2729 918 2771 Tacitus
956 2731 1034 2772 XV

162 2787 219 2831 58
250 2788 295 2828 in
319 2787 464 2830 verbis
485 2789 649 2843 foribus
666 2789 885 2831 hortorum
903 2789 1034 2830 adia-

163 2861 274 2888 cere.
399 2847 765 2903 Epaphroditum:
812 2861 835 2888 a
868 2848 1032 2889 libellis

163 2906 302 2948 fuisse
352 2905 481 2946 tradit
536 2906 772 2948 Suetonius
813 2906 914 2949 Ner.
958 2907 1030 2960 49,

163 2964 324 3007 Domit.
361 2964 427 3007 14.
493 2963 559 3007 Cf.
602 2965 686 3007 Dio
720 2966 831 3020 apud
866 2966 1030 3020 Xiphil.

162 3023 387 3067 LX11129.
435 3023 521 3079 Ipsi
555 3024 715 3066 nobilis
748 3038 900 3067 servus
924 3025 1033 3080 Epi-

164 3089 305 3133 ctetus
337 3083 444 3124 fuit:
496 3097 538 3125 v.
576 3083 729 3127 Suidas
761 3098 795 3127 s.
830 3097 872 3126 v.
903 3085 1034 3127 Ἐπί-

164 3157 322 3194 κτητος
354 3148 398 3183 et
426 3141 791 3202 Ἐπαφρόδιτος,
824 3143 1034 3185 Arrianus

163 3201 305 3255 Epiet.
339 3200 357 3241 I
389 3201 446 3244 26
481 3204 548 3244 11.

253 3260 465 3301 enimvero
484 3261 683 3303 liberales
706 3275 871 3317 semper
890 3261 1035 3318 epulas

164 3321 383 3370 strum-isse,
418 3319 549 3361 vitam
569 3346 623 3353 —
641 3322 894 3377 probatam.-
931 3333 1034 3375 per-

166 3379 230 3434 git
263 3378 315 3419 ad
346 3389 505 3418 novum
540 3381 702 3421 crimen
748 3379 878 3434 idque
912 3380 1034 3433 quasi

165 3437 1036 3494 omniumfutilissimumdesignat.'l‘heo-

166 3497 286 3538 disce
301 3511 310 3535 ε
328 3495 544 3537 ‘vollends
565 3497 675 3539 habe
697 3510 743 3538 er
761 3497 872 3538 nach
886 3497 1036 3539 reich-

165 3555 328 3597 lichem
353 3555 590 3598 Massstabc
622 3558 775 3598 immet·
808 3557 931 3598 scine
953 3555 1037 3597 Ta-

167 3612 228 3655 fel
262 3614 577 3671 eingerichtet,
626 3616 695 3657 ein
730 3615 920 3657 heiteres
953 3615 1038 3656 und

167 3674 376 3729 stt-engen
425 3672 634 3717 Richtern
693 3674 844 3731 wenig
906 3685 1036 3716 zusa-

1121 2551 1287 2608 gendes
1327 2550 1476 2592 Leben
1520 2550 1727 2608 gefsihrt.³
1780 2552 1878 2606 Ipse
1919 2552 1993 2594 lu..

1120 2612 1288 2652 xuriam
1321 2616 1526 2663 ostentat,
1559 2617 1604 2651 ut
1632 2610 1776 2653 levem
1808 2624 1856 2654 se
1890 2617 1933 2653 et
1969 2626 1994 2654 a

1120 2670 1278 2711 talibus
1314 2669 1430 2711 ausis
1450 2669 1640 2711 alienum
1660 2670 1828 2724 probet.
1879 2672 1993 2713 Ver-

1118 2730 1247 2782 bum,
1290 2729 1405 2771 unde
1444 2729 1607 2782 pendet
1638 2731 1769 2771 vitam
1799 2735 1992 2786 —‘pro-

1119 2789 1275 2840 batam,
1310 2802 1365 2830 ex
1395 2789 1592 2842 proximo
1625 2790 1831 2831 stru-:cisse
1864 2791 1993 2846 cogi-

1121 2850 1284 2890 tatione
1343 2847 1613 2889 sumendum.
1689 2847 1891 2890 Ceterum
1948 2855 1995 2889 ut

1117 2920 1222 2948 vera
1282 2907 1497 2960 scriptura
1552 2907 1829 2961 restituatur,
1882 2907 1994 2950 nihil

1118 2979 1227 3021 opus
1246 2972 1311 3008 est
1338 2967 1423 3007 nisi
1442 2971 1487 3006 ut
1514 2966 1598 3007 duo
1622 2967 1834 3009 vocabula
1860 2969 1904 3008 in
1927 2967 1993 3009 Ma

1119 3039 1197 3080 per
1229 3026 1562 3079 imprudentiam
1596 3027 1785 3079 repetita
1808 3026 1992 3068 delean-

1119 3092 1201 3127 tur.
1271 3084 1489 3126 Particula
1533 3092 1571 3126 et
1615 3084 1760 3125 addita
1802 3098 1827 3126 a
1869 3084 1903 3127 G
1951 3091 1994 3126 et

1120 3145 1306 3186 fortasse
1355 3143 1452 3184 aliis
1499 3142 1631 3184 facile
1688 3156 1837 3185 carere
1886 3156 1992 3198 pos-

1094 3231 1099 3237 ι
1120 3215 1280 3245 sumus.

1198 3262 1316 3303 cuius
1346 3275 1437 3302 sese
1469 3285 1524 3292 --
1555 3263 1747 3315 faceret.-
1781 3272 1993 3314 compen-

1121 3321 1236 3362 dium
1270 3318 1335 3360 Ma
1365 3319 1485 3361 valet
1517 3320 1710 3360 iussisse:
1748 3319 1831 3361 hoc
1859 3320 1994 3375 igitur

1119 3380 1295 3421 resolve
1327 3380 1392 3420 ius
1423 3379 1541 3431 sisse,
1575 3377 1689 3419 unde
1714 3378 1848 3419 altera
1870 3384 1991 3438 parte

1122 3439 1321 3492 expleta,
1365 3437 1503 3479 altera
1551 3443 1746 3478 correcta
1786 3438 1831 3479 fit
1874 3439 1993 3479 cuius

1120 3512 1224 3549 sese,
1259 3502 1306 3537 ut
1338 3497 1518 3552 ingenio
1551 3509 1629 3537 suo
1663 3502 1889 3538 assecutus
1927 3501 1992 3539 est

1120 3556 1356 3598 Acidalius.
1402 3555 1508 3598 Eius
1539 3555 1732 3597 criminis
1764 3557 1894 3597 iudea:
1926 3562 1992 3598 est

1122 3614 1349 3668 Milichus,
1392 3615 1493 3670 quia
1535 3615 1628 3669 ipse
1662 3613 1857 3671 gladium*
1884 3626 1989 3657 saxo

1122 3674 1342 3729 asperavit
1374 3678 1417 3716 et
1448 3673 1656 3717 facinoris
1700 3686 1752 3716 eo
1792 3672 1989 3730 patrandi
