2280 4004
225 300 251 335 a
280 291 329 336 c.
362 292 435 337 32.
827 287 987 333 ιιΒΕΒ
1022 284 1092 334 vt.
1160 286 1264 333 off.
1298 276 1426 332 7-9'.
1958 278 2047 331 aas

177 433 349 486 SNam
377 448 436 484 ea
473 436 767 498 tempestate
794 443 890 497 qua
921 430 1091 484 Seiani
1128 430 1394 483 amicitiam
1430 428 1585 481 ceteri
1621 420 1749 481 falso
1784 434 2045 494 exuerant,

228 539 378 576 ausus
437 529 513 575 est
573 503 727 590 eques
774 524 1029 575 Romanus
1076 523 1274 574 Marcus
1321 521 1615 586 ''l'erentius,
1676 521 1740 572 oh
1798 520 1848 572 id
1907 535 2044 585 reuS,

229 614 478 680 amplecti,
521 614 583 665 ad
623 613 754 664 hune
797 613 998 664 modum
1039 612 1168 678 apud
1208 617 1435 663 senatum
1475 611 1764 663 ordiendo:
1796 609 2050 664 ‘fort-unae

230 705 427 770 quidem
482 719 625 755 meae
684 705 902 755 fortasse
954 703 1116 753 minus
1179 703 1412 769 expediat
1465 703 1789 770 adgnoscere
1855 703 2048 755 crimen

231 811 374 861 quam
428 795 666 846 abnuere.
754 791 855 845 Sed
907 798 1175 860 utcumque
1216 807 1394 844 casura
1445 808 1529 845 res
1581 798 1690 858 est,
1752 792 1953 845 fatebor
2001 798 2084 843 et5

233 885 390 938 fuis'sc
417 901 503 937 me
524 885 710 938 Seiano
747 884 979 949 amicum,
1008 889 1058 935 et
1094 888 1147 934 ut
1186 899 1351 936 essem
1390 884 1662 952 expetisse,
1701 889 1751 937 et
1785 889 2050 951 postquam

232 977 439 1043 adeptus
476 990 612 1029 eram
663 975 915 1027 laetatum.
1001 974 1238 1027 Videram
1294 975 1542 1043 collegam
1597 976 1754 1042 patris
1807 975 2052 1043 regendis

231 1068 496 1134 praetoriis
554 1066 878 1131 cohortibus,
935 1080 1052 1118 mox
1110 1067 1250 1118 urbis
1311 1071 1361 1118 et
1419 1066 1628 1118 militiae
1686 1067 1852 1118 munia
1907 1066 2054 1118 simul

230 1160 513 1211 obeuntem.
588 1156 723 1210 illius
758 1159 1028 1225 propinqui
1068 1163 1117 1211 et
1155 1158 1347 1210 adfines
1382 1158 1666 1210 honoribus
1709 1159 2025 1226 augebantur
2038 1176 2053 1222 ;

228 1252 279 1300 nt
317 1250 530 1316 quisque
566 1249 753 1303 Seiano
787 1249 1006 1314 intimuS,
1046 1249 1113 1300 ita
1149 1248 1213 1301 ad
1243 1249 1481 1301 Caesaris
1522 1249 1791 1300 amicitiam
1828 1249 2119 1312 validus310

230 1347 405 1394 eontra
436 1342 615 1408 quibus
642 1341 870 1393 infensus
909 1346 1063 1406 esset,
1089 1345 1223 1392 metu
1250 1356 1310 1392 ac
1339 1341 1577 1393 sordibus
1617 1340 2053 1393 conflictabantur.

229 1434 333 1484 Nec
371 1444 666 1499 quemquam
702 1431 932 1498 exemplo
973 1431 1211 1483 adsumo.
1253 1437 1463 1483 cunctos
1503 1432 1585 1499 qui
1623 1446 1889 1512 novissimi
1930 1447 2058 1501 (ῥοῇ-ι

233 1524 331 1584 sitii
372 1530 605 1591 expertes
645 1524 857 1589 fuimUS,
906 1538 1018 1575 meo
1057 1523 1204 1575 unius
1248 1523 1543 1575 discrimine
1579 1523 1868 1575 defendam.
1943 1524 2056 1575 Non

232 1616 363 1667 enim
400 1616 635 1669 Seianum
674 1615 1077 1680 Vulsiniensem,
1137 1614 1230 1667 sed
1276 1614 1518 1666 Claudiae
1579 1619 1626 1666 et
1678 1615 1832 1667 Iuliae
1878 1615 2058 1666 domus

233 1713 440 1774 partem,
484 1720 608 1772 quas
648 1705 904 1757 adfinitate
941 1710 1296 1772 occupaverat,
1336 1710 1497 1770 tuum,
1539 1705 1752 1771 Caesar,
1791 1720 2120 1773 generum,15

235 1799 302 1849 tui
342 1797 633 1849 consulatus
670 1797 893 1862 socium,
954 1802 1034 1847 tua
1073 1796 1241 1848 officia
1284 1796 1335 1846 in
1375 1811 1432 1847 re
1469 1795 1669 1862 publica
1712 1801 2058 1863 capessentem

237 1888 542 1939 colebamus
616 1888 728 1940 Non
768 1891 845 1940 est
901 1892 1126 1939 nostrum
1166 1887 1437 1939 aestimare
1475 1901 1621 1953 quem
1661 1900 1812 1953 supra
1861 1891 2061 1939 ceteros

237 1983 286 2029 et
324 1978 505 2045 quibus
542 1977 605 2028 de
645 1977 811 2029 causis
855 1977 1085 2029 extollas
1160 1977 1267 2027 Tibi
1317 1991 1559 2028 summum
1611 1991 1779 2029 rerum
1822 1978 2062 2030 iudicium

356 2125 397 2167 2.
433 2109 534 2178 eque
566 2137 767 2166 romanos
802 2124 861 2166 M.
909 2124 1136 2166 terrentius
1168 2123 1222 2166 M.
1354 2124 1397 2167 3.
1431 2122 1571 2166 adhuc
1602 2123 1656 2167 Μ.
1805 2126 1977 2180 fortune
2009 2126 2064 2168 Μ.

239 2185 280 2226 4.
314 2184 444 2238 τιάρῃ.
478 2183 532 2234 Μ,
568 2195 652 2223 non
687 2197 787 2239 aqu.
875 2185 915 2226 7.
950 2183 1150 2239 colliqam
1180 2183 1235 2225 M.
1318 2186 1384 2226 14.
1417 2184 1508 2240 sed]
1545 2190 1583 2225 et
1614 2183 1680 2225 M:
1714 2184 1844 2225 tacite
1877 2186 2064 2226 correxit

241 2242 486 2285 Rhenanus,
553 2242 619 2284 16.
654 2242 894 2285 consolatus
917 2243 967 2285 M.
1032 2244 1309 2299 capessentem
1340 2242 1393 2284 M.
1471 2243 1538 2284 18.
1568 2242 1763 2284 iuditium
1785 2243 1840 2286 Μ.

338 2363 443 2420 Cap.
476 2365 519 2407 8.
590 2379 691 2407 nam
735 2377 787 2406 ea
834 2371 1106 2422 tempestate.-
1194 2365 1419 2422 affinitatis
1451 2365 1667 2422 deceptum
1706 2365 1907 2408 Seianum
1942 2364 2064 2418 dicit,

242 2425 452 2479 particula
484 2437 586 2467 nam
617 2436 894 2480 suppressum
931 2425 1108 2480 aliquod

243 2486 510 2525 enuntiatum
543 2486 744 2539 respicit,
791 2483 930 2526 veluti
958 2484 1108 2539 ‘digna

244 2545 421 2599 cognitu
446 2545 574 2584 etiam
602 2544 678 2585 itta
710 2549 810 2584 sunt
842 2556 954 2598 quae
979 2556 1108 2584 ausus

244 2608 309 2642 est
341 2602 394 2645 M.
419 2602 677 2645 'ren-entius?
737 2602 802 2644 De
822 2604 1035 2644 structura
1059 2615 1110 2644 ea

243 2668 481 2717 tempestate
507 2675 595 2717 qna
624 2660 712 2703 dixi
745 2662 798 2703 a'd
817 2661 888 2703 JV
923 2660 990 2704 14.

334 2720 393 2763 M.
435 2721 677 2763 Terentius:
721 2720 803 2762 Dio
844 2734 935 2762 rem
969 2726 1111 2762 narrat

248 2777 379 2820 LViil
417 2779 482 2822 19.
571 2780 789 2822 novissimi
808 2780 1005 2822 consilii.-
1028 2793 1111 2834 op.-

246 2839 432 2891 primere
466 2838 647 2879 Seianus
690 2852 838 2880 senem
873 2840 1110 2893 principem

250 2895 493 2937 intenderat
526 2899 685 2951 paratis
711 2897 904 2939 eiusdem
939 2897 1111 2938 consilii

250 2955 396 2996 sociis.
460 2954 526 2997 Ct'.
555 2956 609 2997 Vl
647 2955 700 2998 19
718 2961 761 2997 et
779 2957 851 2999 47.
892 2956 1113 2998 luvenalis

251 3012 284 3053 Χ
251 3012 386 3055 λ.74
407 3012 678 3068 toseptmsA.
697 3013 787 3058 lud.
807 3011 1111 3067 xv1116§.6.

311 3083 414 3125 quas
431 3072 650 3127 adfinitate
669 3081 977 3131 occupaverat.
1001 3086 1114 3131 quo-

252 3131 366 3170 niam
401 3131 582 3173 Seianus
613 3144 749 3187 prope
780 3132 979 3175 abfuerat
1011 3134 1114 3189 quin

256 3188 440 3242 liviam,
475 3189 600 3233 Drusi
635 3190 738 3233 olim
772 3192 1029 3261 coniugem,
1074 3193 1115 3232 in

254 3249 572 3290 niatiimonium
596 3248 790 3302 «tuomet,
825 3257 867 3292 et
900 3252 1001 3307 quia
1035 3250 1117 3291 hoc

255 3306 445 3347 futurum
491 3320 589 3349 esse
635 3320 785 3349 omnes
828 3309 1116 3361 crediderant,

254 3371 449 3407 cuntot-es
483 3379 507 3407 a
538 3365 683 3407 Tacito
717 3366 897 3419 inducti,
931 3380 1016 3408 non
1051 3373 1118 3409 ta-

255 3436 353 3466 men
388 3426 506 3479 ipse,
550 3424 604 3466 de
644 3422 854 3467 affinitate
886 3399 1043 3467 ²‘tiberii
1078 3432 1121 3467 et

255 3482 400 3525 Seiani
434 3489 647 3540 tamquam
682 3495 784 3525 veta
811 3483 1047 3540 loquuntur
1079 3490 1120 3525 et

257 3540 370 3583 hunc
403 3542 521 3585 illius
543 3555 751 3600 generum
776 3541 1001 3598 appellant
1035 3554 1121 3584 non

257 3599 395 3643 sehim
436 3601 520 3643 hoc
571 3602 668 3644 loco
714 3601 791 3644 sed
836 3602 966 3645 etiam
1002 3602 1039 3645 V
1077 3600 1120 3645 6.

260 3656 396 3704 Recte
432 3661 568 3722 igitur
587 3661 820 3710 Suetonius
850 3661 942 3707 Tib.
966 3661 1023 3708 65
1053 3675 1124 3722 spe

1194 2438 1337 2480 neque
1361 2424 1445 2466 Dio
1467 2422 1640 2466 Cassius
1668 2424 1900 2480 quidquam
1935 2425 2066 2467 hahet

1195 2484 1248 2525 de
1282 2485 1557 2525 matrimonio
1583 2497 1606 2525 a
1634 2483 1793 2525 Seiano
1827 2497 1923 2526 cum
1944 2483 2066 2527 Livia

1195 2555 1300 2585 vere
1333 2542 1580 2596 celebrato,
1616 2544 1745 2584 immo
1778 2546 1929 2598 paucis
1962 2550 2066 2586 ante

1195 2603 1342 2646 Seiani
1363 2602 1491 2643 tinem
1512 2601 1665 2644 diebus
1677 2602 1844 2645 Liviam
1866 2616 1890 2644 a
1906 2603 2065 2645 Seiano

1195 2673 1398 2717 sponsam
1417 2660 1517 2719 (τὴν
1533 2657 1891 2721 μελλόνυιιφον)
1909 2663 2066 2717 appel-

1196 2722 1275 2763 lari
1297 2721 1432 2763 refert
1452 2720 1482 2762 1
1490 2720 1583 2763 vm
1616 2722 1639 2764 7
1664 2703 1743 2763 sub⁴
1768 2721 1911 2764 tinem.
1940 2721 2064 2763 Wal-

1198 2779 1346 2822 therus
1369 2779 1422 2822 ad
1457 2780 1492 2822 V
1524 2781 1552 2823 6
1575 2780 1704 2822 Diusi
1726 2780 1857 2822 tiliam
1890 2782 2067 2822 nomine

1197 2839 1351 2881 luliam
1372 2843 1548 2894 nuptam
1573 2840 1731 2881 Seiano
1763 2839 1962 2892 credidit,
1995 2841 2067 2880 in-

1198 2899 1352 2939 ductus
1386 2897 1508 2940 hisce
1541 2896 1736 2941 Zonaiae
1770 2898 1914 2941 veihis
1952 2897 2008 2940 xl
2041 2901 2069 2942 2

1200 2963 1337 2999 extra
1379 2957 1462 3003 τὸν
1499 2956 1549 3002 δὲ
1578 2957 1787 3014 Σηὶανὸν
1830 2961 1907 3002 ἐπὶ
1946 2961 2069 3018 μέγα

1201 3016 1336 3071 δόξης
1368 3016 1581 3088 ἐπάρας,
1614 3021 1694 3062 καὶ
1732 3014 1960 3072 κηδεστήν
1992 3019 2071 3060 ἐπὶ

1196 3074 1362 3132 Ἰουλία
1405 3076 1455 3134 τῇ
1499 3076 1581 3120 τοῦ
1608 3075 1827 3133 Δρούσου
1866 3079 2071 3133 9υγαῑρὶ.

1200 3134 1517 3193 ποιησάιιενος
1544 3132 1743 3192 ὕστερον
1774 3136 1960 3185 ἔκτεινε,
1993 3131 2074 3174 sed

1202 3193 1311 3234 falsa
1353 3198 1497 3234 narrat
1538 3192 1744 3234 Zonaras
1822 3191 1928 3233 Nam
1961 3190 2070 3231 Iulia

1201 3250 1362 3292 Neroni
1384 3251 1680 3292 vetustissimo
1701 3249 1946 3292 Germanici
1980 3249 2071 3291 filio

1204 3311 1350 3351 iuncta
1383 3314 1475 3351 erat
1508 3309 1665 3363 (lacit.
1699 3307 1754 3350 111
1787 3309 1865 3361 29,
1897 3308 1957 3350 lv
1988 3308 2072 3364 60)

1205 3381 1255 3409 ac
1297 3374 1396 3422 post
1439 3366 1617 3409 caedem
1663 3370 1757 3410 eius
1807 3368 1850 3408 in
1900 3367 2074 3408 domum

1205 3425 1395 3468 Rubellii
1426 3426 1583 3468 Blandi
1617 3424 1820 3481 denupsit
1858 3425 1943 3481 (VI
1974 3426 2073 3482 27).

1206 3482 1420 3527 Waltheri
1464 3497 1653 3527 errorem
1687 3486 1912 3540 adoptavit
1944 3486 2076 3528 etiam

1208 3543 1413 3588 OrelliuS.

1296 3602 1370 3646 tibi
1398 3617 1601 3647 summum
1632 3619 1776 3647 rerum
1805 3605 2077 3648 iudicium—

1208 3662 1302 3708 ideo
1323 3663 1588 3723 adsequare:
1621 3662 1731 3710 haec
1749 3665 1922 3710 Tiberio
1949 3665 2076 3725 cogi-
