2222 4022
216 242 287 286 XL
984 240 1253 286 ΡΒΟΟΕΜΙΙ

211 384 258 436 ei
277 384 608 450 scripseram,
622 383 846 450 plurium
867 385 1190 450 voluminum,
1209 383 1482 436 secundum
1503 389 1672 435 notam
1691 398 1867 437 meam.
1895 384 2046 437 Post-

209 477 406 528 modum
430 493 540 527 cum
567 491 762 527 summa
789 491 918 527 cura
943 491 1240 542 quaererem
1263 476 1395 526 hunc
1431 475 1694 538 hominem,
1728 475 1866 527 venit
1886 477 2048 528 adme

209 566 427 635 afferens
463 567 801 618 inventarium
827 568 1031 632 plenum
1065 567 1254 632 verbis,
1287 583 1344 618 re
1365 581 1603 622 vacuum.
1657 566 1742 618 Vir
1770 567 1853 618 ille
1872 565 2049 632 bonus,

211 675 399 725 expers
437 659 716 710 studiorum
735 664 1041 724 nostrorum,
1081 658 1318 725 quicquid
1339 659 1531 724 reperit
1553 659 1771 725 iqnotum
1791 657 1907 724 sibi,
1929 658 1984 710 id
2002 664 2051 710 et

211 751 352 817 apud
376 765 471 801 nos
506 750 807 817 incognitum
837 753 1052 816 putavit.
1070 743 1287 816 'Itaque
1332 750 1537 817 refersit
1566 750 1691 802 illud
1725 750 1888 816 libris,
1923 765 2050 816 quos

211 842 469 907 habemus,
493 841 713 907 quisunt
742 840 906 904 iidem,
929 841 989 892 de
1014 841 1194 907 quibus
1218 842 1350 894 alias
1378 841 1671 908 coqnovisti.
1715 841 1855 893 Mitto
1885 848 2052 893 autem

212 933 282 984 ad
311 937 358 983 te
375 948 508 983 nunc
520 938 721 998 partem
752 932 1027 984 inventarii
1043 932 1143 998 sui,
1163 934 1218 983 in
1236 948 1334 999 quo
1351 930 1653 984 describitur
1682 933 1912 984 volumen
1929 933 2055 985 illud

214 1023 434 1075 Cornelii
480 1021 672 1085 Taciti,
709 1029 758 1074 et
791 1024 1010 1075 aliorum
1045 1023 1225 1090 quibus
1263 1039 1496 1075 caremus
1515 1062 1529 1090 ,
1563 1023 1649 1090 qui
1686 1039 1797 1075 cum
1831 1023 1934 1074 sint
1966 1039 2052 1075 res

213 1115 460 1181 quaedam
496 1115 770 1181 parvulae,
812 1131 914 1167 non
950 1116 1079 1168 satis
1117 1131 1296 1183 maqno
1333 1121 1453 1167 sunt
1486 1115 1843 1167 aestimandae.
1916 1115 2054 1184 Pog-

215 1207 331 1274 gius
369 1221 472 1258 non
511 1207 750 1259 volumen
788 1207 912 1259 illud
949 1208 1174 1260 Cornelii
1209 1209 1396 1273 Taciti,
1448 1208 1540 1260 sed
1578 1208 1795 1259 aliorum
1830 1212 2054 1260 tantum-

221 1297 372 1348 modo
400 1296 580 1362 quibus
619 1312 852 1348 caremus
878 1296 982 1350 ‘res
1014 1299 1258 1365 quasdam
1290 1299 1545 1365 parvulaS,
1585 1314 1689 1350 non
1712 1299 1835 1352 satis
1862 1314 2050 1367 magno

220 1382 575 1440 aestimandas'
613 1389 834 1440 vocavit.
908 1390 1084 1456 Neque
1123 1390 1346 1441 Tacitum
1384 1391 1483 1442 iam
1521 1391 1754 1458 respicit,
1791 1390 1884 1443 sed
1921 1390 2052 1443 alios

219 1486 456 1533 auctores
499 1497 562 1532 ex
609 1495 670 1532 eo
718 1481 1029 1532 monasterio
1074 1482 1485 1548 recuperandos,
1543 1498 1655 1534 cum
1705 1482 1888 1535 eodem
1933 1482 2052 1534 loco

217 1572 446 1624 scribere
486 1572 680 1640 pergit:
718 1572 880 1623 decidi
913 1587 979 1623 em
1017 1573 1243 1624 mamima
1277 1588 1399 1638 spe,
1435 1587 1586 1639 quam
1622 1589 1955 1640 conceperam
1989 1589 2056 1627 em

220 1662 390 1713 verbis
437 1663 546 1713 suis
561 1679 579 1723 ,·
629 1677 691 1714 ea
742 1663 905 1714 extitit
954 1679 1116 1715 causa
1163 1670 1379 1730 propter
1427 1679 1578 1731 quam
1618 1681 1719 1716 non
1751 1680 2056 1732 maqnopere

217 1754 401 1805 curavi
437 1754 532 1805 hoc
568 1754 637 1805 ad
672 1761 718 1805 te
757 1755 1018 1816 scribere3
1055 1772 1174 1807 nam
1207 1756 1255 1807 si
1289 1756 1410 1822 quid
1445 1756 1695 1824 eqreqium
1730 1756 1931 1824 fuisset,
1965 1763 2057 1808 aut

221 1846 420 1912 diynum
461 1845 697 1898 Minerva
730 1853 933 1914 nostra,
965 1863 1067 1898 non
1101 1849 1264 1900 solum
1302 1849 1643 1914 scripsissem,
1680 1849 1772 1900 sed
1805 1849 1917 1915 ipse
1955 1849 2055 1900 ad-

218 1938 500 2002 volassem,
552 1943 606 1988 ut
641 1938 993 2006 siqnificarem.
1072 1938 1169 1990 Hic
1207 1940 1483 1991 monachus
1519 1946 1626 2007 eyet
1651 1941 1886 2006 pecunia.
1959 1941 2058 1994 Pe-

221 2031 404 2082 cuniae
441 2046 470 2081 a
510 2014 705 2098 Poggio
740 2031 1072 2098 accipiendae
1109 2047 1200 2099 spe
1235 2032 1444 2084 allectus
1494 2032 1773 2084 monachus
1823 2031 2058 2085 Hersfel-

221 2121 395 2173 densis
433 2121 734 2173 Fuldensem
785 2122 923 2175 illum
970 2123 1129 2174 Taciti
1183 2123 1442 2188 codicem,
1500 2124 1710 2190 opinor,
1765 2123 2054 2176 inventario

218 2227 311 2264 suo
351 2212 596 2263 librorum
636 2214 974 2279 ascripserat:
1014 2230 1131 2266 nam
1172 2230 1283 2266 eum
1322 2215 1554 2266 codicem
1586 2230 1691 2266 non
1731 2215 2055 2267 Hersfeldiae

220 2302 312 2354 sed
366 2302 418 2352 in
467 2304 779 2354 monasterio
831 2304 1069 2356 Fuldensi
1128 2305 1317 2370 fuisse,
1378 2305 1475 2356 nisi
1532 2305 1664 2357 forte
1714 2305 2056 2358 Hersfeldiam

220 2393 492 2445 translatus
546 2398 663 2445 tunc
717 2399 857 2460 erat,
910 2411 974 2447 ex
1025 2395 1308 2447 Annalibus
1359 2396 1692 2448 Fuldensibus
1747 2397 2054 2464 accepimus.

220 2484 464 2536 Nimirum
515 2498 576 2535 eo
628 2483 883 2535 volumine
937 2489 1189 2552 tamquam
1242 2485 1439 2537 eximiis
1498 2486 1753 2538 illecebris
1810 2487 2056 2556 Poggium

222 2592 431 2629 movere
469 2592 526 2628 se
563 2592 717 2643 posse
759 2582 1102 2644 cognoverat:
1140 2578 1301 2644 ipsum
1328 2583 1492 2630 tamen
1520 2578 1700 2630 librum
1737 2581 1920 2632 afferre
1953 2593 2058 2631 non

223 2669 398 2735 potuit,
441 2682 741 2733 quamquam
781 2668 913 2720 sacta
947 2669 1158 2735 praemii
1198 2670 1567 2735 expectatione.
1626 2669 1702 2722 De
1743 2684 1805 2721 eo
1835 2670 2056 2738 Poggius

221 2759 387 2826 pridie
437 2758 682 2810 kalendas
741 2760 908 2812 Iunias
965 2777 1010 2812 a.
1058 2759 1189 2813 1427
1245 2761 1306 2812 ad
1360 2761 1624 2813 Nicolaum
1679 2776 1823 2812 suum
1878 2761 2058 2813 scribit

223 2855 297 2916 (p.
316 2851 473 2913 2103:
514 2849 577 2900 Id
608 2854 773 2901 autem
805 2851 936 2901 male
960 2851 1171 2916 accipis,
1212 2851 1332 2917 quia
1356 2867 1467 2903 cum
1480 2866 1753 2917 procurem
1782 2857 1838 2902 ut
1860 2851 2057 2904 habea-

223 2956 338 2991 mus
388 2940 641 2991 Decadem
692 2940 827 2991 Livii
876 2947 924 2991 et
977 2941 1174 3007 reliqua
1219 2942 1506 3004 volumina,
1559 2942 1619 2993 de
1670 2942 1849 3008 quibus
1902 2943 1972 2994 ad
2013 2948 2060 2995 te

224 3031 445 3097 scripsi,
494 3037 643 3098 putes
690 3049 767 3082 me
824 3033 1047 3084 omittere
1099 3033 1193 3084 hoc
1228 3035 1458 3084 volumen
1492 3035 1744 3097 (Cornelii
1782 3035 1939 3086 Taciti
1978 3036 2060 3087 in-

223 3124 451 3192 telligit),
488 3139 585 3189 quo
623 3124 841 3174 maxime
879 3124 1183 3191 indiqemus3
1220 3125 1273 3175 id
1303 3125 1499 3190 quidem
1534 3124 1778 3189 imprimis
1818 3130 1894 3175 est
1929 3126 2064 3191 quod

224 3216 355 3266 volo.
404 3214 537 3277 Quin
571 3216 812 3267 mandavi
850 3215 935 3266 isti
973 3217 1235 3281 monachO,
1271 3222 1326 3266 ut
1351 3217 1433 3267 vel
1468 3217 1578 3282 ipse
1616 3232 1785 3267 secum
1822 3216 2058 3284 deferret,

224 3322 342 3356 nam
381 3306 540 3357 credit
566 3322 622 3357 se
660 3307 937 3358 rediturum
976 3307 1149 3373 brevi,
1202 3309 1284 3359 vel
1311 3323 1411 3373 per
1450 3308 1603 3358 alium
1636 3308 1933 3359 monachum
1968 3324 2060 3358 cu-

225 3402 368 3445 raret
403 3398 749 3462 deferendum.-
786 3398 916 3448 alios
953 3399 1258 3466 (scriptores
1296 3405 1497 3452 veteres
1537 3401 1752 3469 cogitat)
1779 3399 1908 3450 iussi
1928 3414 2060 3464 por-

225 3486 327 3535 tari
356 3485 753 3553 Nurimberyam,
794 3490 924 3539 haenc
946 3491 1224 3557 (Tacitum)
1255 3506 1378 3542 vero
1405 3491 1612 3542 Romam
1633 3489 1895 3556 proficisci
1917 3494 2058 3541 recta

227 3573 343 3639 via,
402 3579 448 3624 et
497 3574 569 3625 ita
620 3589 676 3625 se
718 3577 974 3642 facturum
1022 3580 1227 3644 recepit.
1303 3579 1493 3632 Eadem
1551 3594 1642 3646 spe
1696 3581 1753 3632 V.
1807 3579 2055 3633 kalendas
