2222 4022
892 301 895 303 ¹
934 281 1084 330 Garri·
1115 283 1187 330 34.
1304 291 1307 293 ·
1878 280 1972 324 LIX

152 425 210 478 In
242 425 406 492 primo
449 425 574 479 folio
615 431 731 493 post
764 427 958 483 titulum
992 427 1231 483 monitum
1284 430 1387 479 est:
1440 422 1517 480 Ne
1558 423 1670 489 quis
1711 422 1849 475 intra
1867 423 1978 474 -de-

156 516 385 566 cennium
431 531 647 581 presens
699 533 828 583 opus
873 518 1040 583 possit
1077 516 1264 568 alicubi
1313 516 1514 581 impune
1567 513 1854 579 imprimere
1891 519 1980 566 aut

155 606 455 672 impressum
479 607 697 658 vendere
727 608 1044 673 qrauissimis
1071 607 1243 663 edictis
1272 612 1471 658 cautum
1508 609 1595 657 est.
1669 605 1759 657 His
1798 606 1979 659 edictis

156 711 262 749 non
303 697 533 753 obsecuti
563 702 680 750 sunt
721 699 828 750 eius
868 700 1047 751 aetatis
1084 698 1332 751 homines.

293 787 574 839 Beroaldus
611 788 664 838 in
699 790 953 855 prioribus
990 790 1260 842 Annalium
1307 789 1450 842 libris
1499 793 1619 840 tunc
1667 789 1879 856 primum
1919 805 1982 840 ex

158 878 340 930 codice
392 880 647 944 expressis
699 882 911 948 egregia
970 897 1091 933 cura
1151 885 1381 934 versatus
1437 881 1590 934 multa
1643 880 1982 933 describentis

160 969 281 1021 vitia
324 970 502 1022 dextre
539 971 767 1036 sustulit,
822 973 874 1022 in
911 973 1094 1024 ceteris
1136 973 1460 1024 Puteolanum
1501 973 1610 1024 fere
1648 977 1850 1025 secutus
1889 978 1981 1025 est.

157 1061 355 1130 Edendi
389 1062 639 1114 rationem
679 1077 821 1115 suam
874 1062 1019 1114 brevi
1054 1063 1400 1114 admonitione
1440 1063 1510 1113 ad
1545 1064 1802 1128 lectorem,
1844 1068 1987 1130 post-

160 1166 308 1218 quam
341 1153 499 1208 Leoni
540 1154 589 1205 X
629 1154 841 1205 salutem
880 1154 1031 1218 dixit,
1090 1154 1167 1205 sic
1204 1154 1504 1219 descripsit:
1562 1154 1796 1219 quoniam
1844 1159 1987 1204 vetus

161 1242 323 1293 codem
338 1281 356 1304 ,
417 1244 549 1294 unde
598 1243 730 1294 hunc
786 1244 951 1308 ipsum
1005 1243 1384 1295 describendum
1439 1250 1587 1309 atque
1632 1245 1987 1311 inuulqandum

158 1333 367 1397 curaui,
412 1333 648 1398 pluribus
688 1334 877 1384 mendis
915 1340 1103 1399 scatet,
1156 1348 1369 1400 aequum
1416 1336 1616 1386 videtur
1669 1337 1903 1387 lectorem
1936 1336 1990 1385 in

151 1424 321 1491 primo
355 1425 504 1490 quasi
537 1425 707 1490 operis
744 1426 908 1476 limine
936 1427 1132 1477 consilii
1168 1427 1277 1491 mei,
1303 1442 1400 1493 quo
1437 1427 1490 1478 in
1527 1428 1621 1478 hoc
1659 1433 1758 1478 toto
1795 1428 1989 1494 neqotio

158 1530 270 1566 sum
318 1531 474 1578 usus,
529 1518 812 1568 admonere.
911 1517 1140 1583 Namque
1186 1534 1391 1569 errores
1436 1519 1522 1584 qui
1569 1524 1808 1583 poterant
1851 1520 1991 1570 nulla

161 1606 454 1658 temeritatis
488 1614 610 1659 nota
631 1609 901 1676 emendari,
937 1611 1176 1660 consultis
1207 1611 1374 1675 primo
1408 1611 1661 1660 nonnullis
1699 1610 1908 1660 eruditis
1946 1615 1993 1660 et
2053 1636 2057 1642 ·

161 1698 301 1748 acris
350 1698 525 1750 iudicii
559 1699 690 1750 viris
727 1700 946 1753 correxi.
1023 1700 1090 1751 At
1134 1714 1264 1766 quae
1316 1702 1429 1751 loca
1477 1701 1529 1750 in
1575 1716 1631 1750 se
1662 1701 1904 1750 maiorem
1939 1700 1993 1750 in

161 1789 457 1856 corriqendo
490 1791 827 1856 difficultatem
862 1790 1050 1841 habere
1091 1791 1408 1853 videbantur,
1443 1791 1576 1843 sicut
1615 1796 1762 1842 erant
1794 1791 1990 1856 reliqui,

160 1880 411 1945 appositis
457 1881 693 1932 ‚interiori
751 1881 967 1947 marqini
1030 1870 1240 1932 stellulis
1304 1897 1434 1947 quae
1482 1882 1718 1932 vitiosum
1776 1867 1993 1932 codicem

160 1976 480 2023 testarentur.
553 1973 672 2024 Post
716 1973 899 2024 librum
942 1974 1193 2039 quintum,
1260 1973 1343 2039 qui
1381 1978 1552 2025 sextus
1595 1974 1767 2039 verius
1812 1988 1993 2024 nume-

160 2069 330 2129 ratur,
383 2065 446 2116 de
479 2065 735 2115 nonnullis
772 2065 902 2116 locis
946 2064 1091 2115 altius
1131 2064 1384 2116 attentatis
1423 2065 1722 2116 sententiam
1763 2080 1904 2120 suam
1943 2069 1992 2115 et

165 2155 508 2207 coniecturam
548 2156 843 2221 proposuit,
894 2160 995 2205 tum
1038 2170 1242 2206 errores
1295 2155 1693 2222 typographicos
1731 2156 1994 2223 corrigere

162 2250 212 2296 et
246 2261 338 2312 per
373 2262 483 2297 eam
526 2247 850 2298 occasionem
889 2247 1068 2298 iterum
1101 2247 1292 2312 aliquot
1320 2246 1465 2297 locos
1497 2247 1770 2299 emendare
1805 2248 1990 2315 pergit,

163 2350 292 2402 quae
330 2337 620 2389 notationes
656 2354 683 2389 a
723 2323 967 2404 proximis
1006 2335 1303 2402 editoribuS‚
1342 2338 1637 2389 nominatim
1677 2353 1704 2388 a
1732 2339 1993 2404 Rhenano,

161 2427 427 2495 neglectae
466 2433 516 2479 et
550 2428 789 2479 nonnulla
828 2443 1003 2479 rursus
1040 2434 1229 2480 tentata
1271 2435 1387 2480 sunt
1424 2443 1552 2495 quae
1579 2429 1860 2480 Beroaldus
1896 2432 1996 2482 iam

163 2523 473 2574 correxerat.
549 2519 642 2570 Ubi
675 2519 955 2571 Beroaldus
998 2519 1293 2581 manifestas
1328 2519 1602 2573 scribentis
1645 2520 1995 2572 aberrationes

161 2609 411 2673 removit,
472 2609 581 2660 eius
618 2624 805 2662 nomen
862 2609 997 2662 haud
1038 2611 1340 2675 memoravi,
1381 2610 1434 2661 in
1474 2610 1661 2662 ceteris
1699 2610 1993 2678 diligentius

163 2704 213 2751 et
250 2699 446 2766 plenius
485 2714 631 2765 quam
669 2701 833 2752 adhuc
866 2701 1050 2752 factum
1095 2705 1172 2751 est
1211 2700 1391 2752 merita
1432 2700 1541 2752 eius
1582 2701 1835 2752 recensui.

312 2790 697 2844 1517--1519.
794 2790 848 2841 P.
891 2791 1113 2842 Cornelii
1154 2791 1315 2842 Taciti
1367 2790 1482 2841 libri
1529 2793 1745 2857 quinque
1798 2792 1997 2843 nouiter

168 2880 358 2931 inuenti
394 2886 542 2946 atque
588 2897 698 2932 cum
733 2882 940 2947 reliquis
979 2881 1363 2947 eiusloperibus
1402 2882 1534 2933 editi.
1620 2882 1895 2934 Mediolani
1932 2900 2000 2935 ecc

167 2971 372 3037 officina
395 2971 684 3024 Minatiana
711 2974 860 3026 1517.
889 2972 938 3024 4.
1012 2973 1233 3025 Additae
1269 2979 1385 3025 sunt
1405 2974 1593 3026 Alciati
1625 2975 1995 3027 annotationes,

305 3062 532 3128 Repetita
569 3068 647 3115 est
684 3063 918 3116 Basileae
957 3081 1000 3115 a.
1046 3063 1196 3128 1519,
1237 3065 1399 3116 forma
1439 3066 1656 3116 maxima
1693 3065 1792 3116 hoc
1826 3066 1996 3117 titulo:

165 3150 218 3206 P.
263 3150 484 3202 Cornelii
526 3151 686 3203 Taciti
732 3153 825 3218 Eq.
866 3152 957 3203 Ro.
997 3153 1229 3204 Historia
1266 3152 1496 3219 Auqusta
1551 3154 1802 3204 actionum
1853 3155 1996 3205 diur-

166 3241 388 3291 nalium.-
437 3242 619 3293 additis
658 3243 873 3307 quinque
908 3227 1052 3293 libris
1088 3242 1288 3292 nouiter
1323 3242 1554 3293 inuentis.
1631 3242 1868 3292 Andreae
1903 3241 1999 3294 Al-

168 3331 288 3382 ciati
315 3331 704 3383 Mediolanensis
742 3332 794 3382 in
832 3333 1038 3382 eundem
1067 3332 1434 3387 annotationes,
1508 3333 1585 3382 De
1619 3333 1737 3393 situ,
1776 3332 1998 3384 moribus

168 3428 216 3472 et
263 3422 467 3488 populis
525 3422 826 3473 Germaniae
877 3423 1104 3474 libellus:⁴
1178 3423 1346 3472 eodem
1396 3423 1512 3474 Cor.
1573 3423 1765 3473 Tacito*
1800 3429 1993 3475 autore.

168 3510 406 3562 Eiusdem
454 3510 708 3577 dialoyus:
767 3526 835 3560 an
887 3510 969 3560 sui
1024 3510 1182 3561 seculi
1232 3515 1467 3562 oratores
1526 3510 1893 3578 antiquioribus
1947 3520 1995 3565 et

168 3612 328 3664 meare
385 3597 673 3654 concedant
787 3599 874 3650 οη.
932 3596 1049 3649 Inui
1103 3595 1377 3665 Amicotae
1421 3597 1564 3664 υἱέα,
1618 3583 1719 3665 ’μεν
1770 3604 1991 3657 eundem,
