2222 4022
907 295 1055 340 Cnvr
1088 297 1279 341 22-25.
1826 293 1994 338 ‘XXXV

89 440 159 489 25
311 443 391 493 Ab
445 442 544 492 hoc
597 442 717 493 inde
772 448 1000 507 tempore
1047 440 1251 491 barbari
1292 439 1343 489 in
1384 438 1572 491 Italiam
1613 442 1661 489 et
1707 438 1998 504 provincias

174 537 426 587 Romanas
465 533 515 582 in
554 533 664 584 dies
704 532 926 583 atrocius
957 530 1226 594 invadere,
1268 529 1448 594 templa
1483 529 1847 594 bibliothecas,
1888 544 2003 581 mo-

174 631 407 677 numenta
443 629 668 674 veterum
702 623 1023 690 ingeniorum
1061 636 1211 671 urere
1247 626 1466 671 vastare.
1541 620 1650 681 Quo
1691 619 1875 671 factum
1926 625 2003 671 est

173 719 228 766 ut
277 715 458 779 ingens
514 713 814 777 optimorum
863 713 1108 764 librorum
1166 709 1428 760 multitudo
1479 709 1709 761 interiret
1758 715 1806 762 et
1843 711 2001 762 Taciti

174 819 327 870 opera
362 803 539 868 partim
578 800 890 863 delerentur,
943 800 1123 866 partim
1171 814 1420 865 perpauca
1474 814 1648 850 eorum
1698 799 2003 866 exemplaria

173 896 224 946 in
261 893 680 945 bibliothecarum
719 890 917 957 angulis
955 890 1022 940 ita
1062 890 1277 941 laterent
1313 889 1513 954 abdita,
1547 897 1601 940 ut
1636 889 1785 940 etiam
1821 890 2006 941 docto-

172 1001 282 1036 rum
318 984 574 1035 hominum
627 981 853 1031 notitiam
891 982 1319 1047 subterfugerent.
1393 982 1588 1032 Etenim
1625 981 1836 1032 Aurelio
1877 980 2006 1032 Cas-

174 1076 402 1139 siodorO,
444 1090 534 1127 sua
571 1078 735 1124 aetate
772 1074 823 1122 in
855 1073 1031 1138 paucis
1072 1073 1270 1123 erudito
1310 1078 1384 1137 (a.
1428 1070 1791 1138 465-560),
1847 1073 2004 1123 Taciti

173 1167 332 1218 libros
376 1166 719 1230 incompertos
758 1164 945 1227 fuisse,
998 1163 1097 1213 hoc
1136 1179 1199 1214 ex
1239 1163 1303 1213 iis
1343 1162 1598 1229 colligitur
1636 1178 1764 1228 quae
1801 1163 2007 1214 nomine

174 1258 315 1324 regis
377 1257 455 1308 sui
504 1255 808 1306 Theodorici
859 1254 922 1304 ad
975 1254 1192 1305 Haestos
1252 1252 1552 1305 Germaniae
1602 1258 1805 1320 gentem
1874 1254 2007 1305 scri-

175 1349 273 1414 psit
308 1347 371 1398 de
410 1347 620 1398 succino
671 1347 788 1397 Var.
844 1346 885 1396 V
943 1347 1000 1396 2:
1057 1345 1152 1394 hoc
1201 1344 1417 1409 quodam
1476 1344 1709 1395 Cornelio
1758 1344 2008 1395 scribente

179 1438 355 1505 leyitur
373 1476 385 1500 ,
454 1437 506 1487 in
571 1435 897 1487 interioribus
962 1435 1141 1486 insulis
1211 1433 1405 1486 Oceani
1459 1451 1523 1485 ea:
1581 1435 1786 1486 arboris
1853 1451 2007 1487 succo

180 1527 423 1594 defluens,
481 1528 611 1578 uude
665 1533 712 1577 et
758 1527 1016 1577 succinum
1071 1526 1286 1586 dieitur,
1340 1526 1589 1591 paulatim
1642 1527 1766 1577 solis
1821 1527 2009 1577 ardore

181 1621 447 1670 calescere.
523 1618 861 1670 Cassiodorus
916 1617 1074 1668 Taciti
1122 1616 1179 1668 G.
1215 1615 1283 1668 45
1326 1617 1482 1668 verba
1524 1618 1860 1684 significavi-t,
1916 1617 2007 1669 sed

178 1712 247 1763 ita
289 1716 342 1762 ut
379 1712 505 1762 haec
546 1709 747 1761 aliunde
786 1709 1077 1775 accepisse,
1130 1724 1234 1759 non
1272 1709 1400 1774 apud
1440 1709 1600 1774 ipsum
1638 1715 1897 1761 auctorem
1932 1710 2010 1761 le-

179 1803 320 1870 gisse
358 1817 521 1867 neque
562 1807 731 1852 cetera
772 1801 880 1852 eius
916 1815 1071 1866 opera
1110 1800 1419 1868 cognovisse
1457 1801 1703 1851 videatur.
1762 1801 1887 1852 Nam
1927 1801 2009 1866 qui

181 1893 310 1959 apud
345 1893 616 1944 Britannos
656 1891 719 1942 de
756 1891 970 1956 quodam
1007 1890 1405 1955 ShakespeariO,
1457 1891 1586 1956 apud
1628 1890 1909 1941 Germanos
1947 1890 2011 1942 de

183 1984 397 2049 quodam
445 1983 712 2049 Lessingio
762 1982 959 2032 locutus
1001 1983 1125 2046 erit,
1185 1981 1247 2032 ab
1295 1982 1396 2032 hoc
1444 1996 1609 2047 neque
1655 1980 2012 2047 Shakespearii

186 2074 380 2126 fabulas
424 2089 589 2139 neque
628 2073 882 2140 Lessingii
928 2072 1183 2124 volumina
1234 2078 1434 2124 versata
1486 2078 1534 2124 et
1579 2073 1709 2124 lecta
1765 2087 1881 2124 esse
1933 2072 2016 2123 di-

187 2179 357 2216 cemus
393 2170 424 2214 ¹.

325 2254 434 2304 Hoc
471 2253 534 2304 de
558 2253 868 2304 Cassiodoro
906 2253 1092 2303 dictum
1135 2253 1235 2304 alio
1268 2258 1565 2320 argumento
1603 2253 1791 2304 firmari
1828 2258 2010 2320 potest,

186 2343 429 2395 Iordanes
489 2346 621 2395 enim
668 2344 779 2395 sive
833 2343 1139 2408 lornandeS,
1199 2344 1282 2409 qui
1336 2359 1479 2395 suum
1530 2344 1593 2395 de
1640 2343 1793 2394 rebus
1832 2345 2016 2395 Geticis

187 2435 367 2487 librum
410 2451 473 2487 ex
516 2435 811 2487 Cassiodori
851 2450 1007 2501 opere
1046 2435 1310 2500 deperdito
1351 2435 1688 2502 transcripsit,
1730 2436 1894 2502 capite
1930 2451 2018 2488 se-

188 2527 353 2578 cundo
393 2527 456 2577 de
493 2527 751 2578 Britannia
794 2527 922 2578 haec
956 2527 1144 2579 refert:
1198 2531 1391 2577 noctem
1427 2542 1622 2591 quoque
1659 2527 1930 2578 clariorem
1965 2527 2017 2576 iu

187 2623 411 2668 extrema
451 2618 558 2668 eius
597 2623 747 2683 parte
782 2623 1121 2678 memoranl2;
1162 2632 1310 2682 quam
1335 2616 1600 2668 Cornelius
1638 2618 1805 2680 etiam,
1847 2632 2016 2669 auna-

188 2708 306 2758 lium
345 2709 595 2773 scriptor,
633 2715 818 2759 uar-ral
854 2709 1068 2759 metallis
1100 2708 1335 2772 plurimis
1373 2708 1658 2774 copiosam,
1699 2709 1867 2759 herbis
1905 2710 2018 2776 fre-

187 2804 411 2864 quentem
448 2805 497 2850 et
531 2800 606 2850 his
641 2801 948 2866 feraciorem
984 2800 1242 2862 omnibus,
1283 2800 1403 2865 quia
1437 2816 1628 2866 pecora
1672 2801 1832 2882 mayiff
1866 2816 2019 2880 quam

188 2890 409 2941 homines
459 2893 576 2941 alat.
653 2891 779 2941 Labi
814 2906 938 2941 vero
972 2906 1070 2956 per
1106 2907 1242 2955 eam,
1299 2896 1347 2941 et
1389 2892 1545 2942 multa
1579 2906 1729 2957 quum
1767 2887 2019 2955 maxima,

190 2982 445 3047 relabique
478 2980 704 3046 flumina,
736 2998 955 3048 yemmas
994 2983 1401 3048 marqaritasque
1435 2983 1706 3034 volventia.
1781 2983 2018 3048 Sylorum

191 3072 333 3140 (lege
377 3072 624 3133 Silurum)
674 3073 886 3146 colorati
917 3073 1112 3134 vullus;
1167 3079 1296 3123 torto
1329 3074 1558 3139 plerique
1601 3074 1741 3124 crine
1792 3080 1838 3123 et
1873 3074 2017 3139 niyro

294 3225 330 3265 1.
377 3222 503 3265 Dicat
549 3223 707 3279 aliquis
756 3224 1060 3267 Cassiodorum

192 3293 303 3323 voce
334 3283 452 3337 regis
497 3283 690 3324 locutum
733 3297 830 3326 esse
874 3285 924 3326 ad
959 3285 1062 3326 bar-

192 3341 335 3392 batos,
376 3341 447 3395 qui
486 3340 596 3382 nihil
629 3341 682 3383 de
706 3341 854 3384 Tacito
887 3343 1062 3385 inaudi-

194 3400 350 3442 verint.
416 3398 500 3441 Sed
549 3399 620 3441 vel
669 3402 734 3441 sic
782 3403 826 3442 in
886 3401 1062 3443 homine

192 3457 274 3500 sibi
307 3460 484 3515 cognito
521 3464 563 3499 et
596 3458 753 3500 illustri
779 3473 922 3501 rerum
949 3463 1062 3502 scri-

192 3523 316 3571 ptore
351 3518 450 3559 aliis
480 3517 624 3559 verbis
655 3530 758 3559 usus
792 3525 922 3560 esset.
971 3519 1062 3561 Ac-

195 3576 310 3618 cedit
343 3576 457 3632 quod
489 3578 583 3631 ipsa
622 3579 841 3620 sententia
872 3580 1062 3620 auctoris

196 3634 357 3687 laudati
387 3635 501 3680 male
531 3634 738 3679 redditur.

1235 3229 1277 3270 2.
1334 3227 1406 3270 Sic
1453 3226 1713 3283 corrigenda
1763 3227 1840 3269 illa
1887 3227 2018 3270 foede

1148 3285 1410 3340 depravatae
1451 3294 1617 3328 noctem
1662 3299 1822 3340 quoque
1855 3285 2020 3328 clario-

1146 3358 1250 3386 rem.
1287 3345 1340 3386 In
1364 3350 1556 3387 eoelrema
1572 3346 1660 3386 eius
1676 3351 1802 3400 parte
1819 3345 2020 3398 Memma,

1147 3416 1272 3456 quam
1316 3403 1542 3445 Cornelius
1584 3409 1667 3446 cet.
1731 3403 1903 3446 Erravit
1942 3405 2020 3446 Li-

1147 3463 1266 3514 psius
1307 3463 1360 3503 ad
1401 3462 1536 3505 'l'acit.
1586 3462 1685 3504 xlv
1728 3463 1809 3516 29,
1857 3464 1931 3505 ubi
1975 3466 2018 3505 in

1147 3520 1363 3562 vocabulo
1427 3521 1613 3564 Memma
1672 3522 1810 3564 latere
1860 3523 2020 3565 Monac

1150 3579 1322 3621 insulae
1354 3592 1514 3623 nomen
1547 3582 1763 3636 opinatur.
