2280 4004
244 244 333 311 ree
1014 253 1308 298 ANNALwn
1805 268 1845 299 a.
1877 254 1925 300 u.
1953 252 2068 302 8⁰82

242 402 456 453 insidias
493 398 716 452 mulieris
756 412 958 464 semper
995 397 1216 461 atrocis,
1275 401 1376 447 tum
1424 402 1474 448 et
1525 397 1702 450 salsae.
1775 397 2064 451 Forte-iuis

244 492 421 545 diebus
469 493 659 543 Caesar
716 490 945 555 inspecto
999 493 1179 539 ornatu
1229 503 1327 554 quo
1372 488 1652 555 principum
1704 489 1950 556 coniuges
2002 504 2066 540 ac

240 590 477 652 parentes
504 581 814 645 effulserant,
851 581 1030 648 deligit
1058 586 1249 632 vestem
1278 586 1326 632 et
1348 597 1591 648 gemmaS,
1621 583 1854 648 misitque
1879 582 2067 634 donum

242 675 418 738 matri,
455 673 588 724 nulla
623 673 962 739 parsimonia,
1004 688 1139 723 -cum
1174 673 1444 739 praecipua
1486 678 1535 724 et
1575 675 1739 740 cupita
1778 673 1889 725 aliis
1925 674 2067 739 prior

203 765 483 819 sdeserret.
571 764 669 816 Sed
706 763 988 832 Agrippina
1032 755 1135 814 no'ii
1189 764 1266 814 his
1316 765 1494 815 instrui
1551 765 1710 817 cultus
1767 780 1920 830 SUOS,
1974 766 2068 818 sed

244 855 428 908 ceteris
468 856 635 907 arceri
687 855 967 922 proclamat
1004 860 1054 906 et
1092 836 1323 907 dividere
1363 856 1546 921 filium,
1612 872 1740 923 quae
1782 861 1962 909 cuncta
1992 861 2070 908 ἐκ

240 947 351 1014 ipsa
392 947 617 998 haberet.
690 947 796 998 Nec
825 946 1034 998 defuere
1062 946 1146 1012 qui
1182 946 1233 996 in
1262 946 1486 998 deterius
1522 947 1790 999 referrent.
1846 948 1909 998 Et
1930 948 2067 1000 Nero
2086 944 2155 994 14

241 1038 471 1089 infensus
510 1038 598 1102 iis,
654 1038 834 1103 quibus
873 1037 1109 1104 superbia
1146 1037 1405 1089 muliebris
1443 1038 1780 1102 innitebatur,
1833 1038 2070 1091 demovet

240 1129 513 1180 Pallantem
555 1144 674 1180 cura
702 1144 871 1179 rerum
908 1128 1019 1194 quis
1058 1145 1084 1179 a
1113 1128 1323 1179 Claudio
1357 1129 1619 1195 impositus
1654 1130 1791 1181 velut
1827 1129 2070 1181 arbitrum

175 1219 389 1286 ‘ioregni
428 1218 638 1287 agebat3
678 1219 1033 1285 ferebaturque
1062 1219 1397 1287 degrediente
1439 1235 1500 1271 eo
1537 1236 1721 1288 magna
1751 1235 2074 1287 prosequen-
2111 1212 2116 1216 ⁴

240 1311 361 1362 tium
395 1310 727 1375 multitudine,
756 1325 858 1361 non
884 1310 1105 1362 absurde
1132 1310 1324 1362 dixisse
1350 1312 1426 1363 ire
1453 1310 1725 1363 Pallantem
1754 1316 1808 1362 ut
1833 1312 2070 1364 eiuraret.

240 1402 373 1455 Sane
408 1400 671 1468 pepigerat
692 1400 856 1465 Pallas
896 1416 961 1452 ne
1001 1401 1143 1451 cuius
1180 1401 1300 1453 facti
1338 1403 1390 1451 in
1421 1402 1747 1468 praeteritum
1780 1391 2075 1469 interroga-

240 1497 405 1557 retur,
458 1507 710 1559 paresque
750 1492 976 1544 rationes
1028 1507 1138 1543 cum
1177 1507 1235 1543 re
1283 1491 1485 1558 publica
1523 1492 1751 1543 haberet.
1823 1492 2073 1559 Praeceps

364 1660 397 1699 ¹.
432 1659 623 1701 atrocius
651 1658 732 1701 Ma.
802 1658 913 1713 false
946 1657 1026 1701 Ma.
1101 1660 1144 1702 3.
1180 1658 1419 1714 efulserant
1449 1659 1528 1702 Ma.
1614 1661 1657 1703 4.
1687 1659 1962 1716 parsimonia
1991 1659 2073 1715 Ma,

238 1731 326 1759 nou
356 1719 551 1774 parcimf
681 1718 722 1761 9.
755 1718 881 1761 velud
910 1717 990 1760 Ma.
1115 1718 1341 1761 arbitrium
1372 1718 1536 1761 Baua:
1576 1719 1849 1762 emendatum
1893 1721 1939 1762 in
1974 1720 2070 1763 Vat.

239 1777 353 1820 1863
385 1784 428 1819 et
464 1777 590 1820 1864.
685 1779 753 1819 1¹2.
787 1781 859 1834 ne]
896 1792 973 1833 que
1006 1791 1055 1832 pr
1087 1776 1175 1830 Ma,
1208 1791 1316 1833 quae
1350 1778 1396 1821 G.
1478 1780 1705 1834 quoiusque
1738 1778 1786 1822 G.
1867 1787 2075 1836 praeter-

235 1837 297 1878 itu
329 1836 408 1879 Ma.
505 1838 573 1879 13.
613 1851 721 1880 cum.
755 1838 795 1880 R
827 1837 873 1879 Ρ.
910 1836 991 1880 Ma.
1079 1851 1259 1894 preceps
1292 1836 1357 1880 Ma
1387 1841 1494 1896 (non
1522 1853 1689 1895 preces,
1722 1844 1769 1880 ut
1799 1838 1965 1897 Furia).

237 1979 334 2022 xlll
366 1980 447 2023 37:
491 1993 635 2035 reqem
682 1979 942 2022 Antiochum
972 1989 1112 2023 monet

231 2040 454 2095 proximos
495 2039 577 2080 sibi
610 2043 914 2095 praefecturas
950 2048 1128 2097 peteres

242 2099 340 2140 XV!
377 2100 426 2140 11
444 2112 454 2139 z
477 2101 649 2140 nuntiat
661 2100 783 2155 patri
798 2100 969 2142 abicere
983 2115 1111 2156 spem.

238 2158 318 2199 XV
340 2158 419 2200 25:
453 2158 656 2200 scribitur
678 2159 1113 2202 tetrarchis—iussis

245 2216 501 2258 Corbulonis
536 2219 719 2272 obsequi.

337 2275 441 2330 Cap.
480 2275 547 2319 14.
611 2292 719 2318 cura
751 2292 917 2319 rerum:
963 2279 1035 2334 qui
1069 2279 1113 2320 in

238 2337 477 2391 provinciis
526 2337 590 2377 rei
645 2337 849 2379 familiari
914 2337 1113 2379 Caesaris

239 2396 478 2450 praepositi
513 2402 659 2448 erant,
689 2404 997 2451 procuratores
1031 2409 1114 2439 vo-

239 2455 472 2507 cabantur,
523 2456 595 2510 qui
642 2455 793 2497 eadem
844 2458 1025 2512 negotia
1069 2458 1111 2497 in

239 2513 347 2556 urbe
381 2514 605 2567 curabant,
639 2528 724 2555 non
756 2514 909 2557 eodem
937 2516 1113 2557 nomine

239 2573 586 2627 appellabantur,
614 2573 690 2614 scd
718 2575 1008 2616 rationatores
1031 2589 1113 2616 au-

241 2632 418 2673 diebant
450 2632 522 2673 vel
555 2646 583 2672 a
616 2633 869 2674 rationibus.
930 2634 1111 2674 Sueton.

241 2689 393 2732 Claud.
438 2690 518 2733 28:
570 2690 644 2731 secl
685 2698 784 2731 ante
828 2706 970 2732 omnes
1011 2696 1113 2747 (su-

240 2750 408 2806 spexit)
451 2749 707 2791 Narcissum
751 2749 804 2791 ab
846 2750 1032 2806 epistolis
1075 2757 1115 2792 et

241 2807 483 2850 Pallantem
514 2822 542 2849 a
574 2809 829 2851 rationibus.
876 2809 1003 2852 Conf.
1039 2809 1114 2850 ln-

240 2869 390 2921 seript.
426 2866 517 2910 Lat.
554 2867 688 2909 Orell.
722 2881 765 2909 n.
800 2869 873 2920 32,
913 2869 986 2910 ubi
1013 2868 1114 2910 Pal-

240 2926 307 2968 las
342 2925 461 2967 audit
492 2927 664 2967 adiutor
697 2940 724 2967 a
756 2929 1009 2971 rationibus.

316 2999 404 3025 non
435 2984 618 3026 absurde
651 2986 806 3027 dixisse
837 2987 902 3027 ire
932 2986 1114 3028 Pallan..

241 3049 324 3084 tem
354 3050 398 3084 ut
430 3044 646 3085 eiuraret:
689 3045 828 3086 eiurat
865 3046 938 3100 qui
970 3047 1114 3102 magi..

240 3107 389 3143 stratu·
412 3114 460 3144 se
493 3102 688 3155 abdicat3
723 3103 800 3146 Xll
821 3106 876 3146 4:
907 3104 1112 3146 adactus..

241 3174 318 3213 que
371 3160 546 3203 Silanus
595 3163 769 3204 eiurare
801 3163 1113 3218 maqistratum.

240 3219 292 3260 H.
339 3218 396 3260 111
445 3221 529 3262 37:
582 3220 722 3277 pridie
766 3222 973 3264 kalendas
1020 3223 1113 3265 No-

239 3278 420 3318 vembris
454 3280 610 3320 Rosius
629 3280 816 3335 Reyulus
847 3282 946 3323 iniit
979 3284 1114 3336 (con-

240 3335 452 3392 sulatum)
488 3338 767 3392 eiuravitquc.
831 3340 936 3382 lbid.
972 3355 1008 3382 c.
1032 3341 1113 3383 68:

235 3404 526 3449 praevenerat
567 3410 714 3438 rumor
759 3399 926 3440 eiurari
967 3400 1019 3440 ab
1067 3414 1113 3441 eo

238 3455 477 3509 imperium.
542 3455 685 3497 Pallas
748 3457 869 3498 nullo
939 3459 1113 3513 quidem

242 3514 510 3568 magistratu,
544 3514 667 3556 nullo
701 3517 765 3557 rei
787 3516 990 3571 publicae
1014 3531 1112 3559 mu-

241 3582 346 3611 nere
382 3572 555 3614 functus
589 3580 696 3627 erat,
729 3576 858 3618 immo
886 3575 1112 3619 aClaudio

244 3629 333 3669 suis
365 3629 494 3673 rebus
527 3632 756 3686 impositus
801 3634 856 3675 ob
889 3639 1113 3690 stuporem

1200 1982 1410 2036 principis
1431 1982 1613 2024 multum
1634 1982 1848 2036 valuerat,
1876 1983 2074 2038 quamvis

1200 2041 1322 2082 nulla
1356 2041 1532 2095 publiea
1565 2043 1826 2085 auctoritate
1867 2048 1912 2084 et
1943 2047 2075 2096 pote-

1200 2106 1312 2142 stat-e
1346 2100 1547 2157 legitima
1579 2107 1770 2143 ornatus.
1835 2101 1948 2142 Hinc
1979 2101 2073 2143 dis..

1198 2159 1353 2201 similis
1388 2161 1582 2202 conditio
1615 2163 1709 2202 eius
1732 2167 1775 2203 et
1795 2163 2074 2217 magistratus

1199 2232 1354 2260 munus
1381 2220 1605 2273 publicum
1630 2220 1916 2276 deponentis3
1949 2221 2074 2262 simi-

1201 2278 1254 2320 lis
1287 2284 1430 2320 autem
1458 2278 1599 2321 Pallas
1634 2293 1686 2321 ea
1718 2281 1760 2321 in
1792 2292 1838 2321 re
1871 2279 1955 2321 ruit
1978 2291 2073 2321 ma-

1198 2338 1452 2394 gistratibus
1492 2344 1752 2392 potestatem
1787 2338 2073 2390 eim-antibus,

1198 2396 1313 2452 quod
1355 2410 1456 2439 cura
1496 2411 1639 2439 rerum
1680 2398 1880 2440 Caesaris
1915 2398 2074 2442 exolu-

1198 2462 1266 2497 tus
1300 2462 1343 2497 et
1385 2457 1479 2510 ipse
1513 2470 1669 2513 magna
1715 2459 2073 2513 prosequentium

1197 2515 1477 2557 multitudine
1523 2515 1757 2573 degressus
1802 2522 1884 2559 est.
1949 2516 2072 2568 Quae

1198 2580 1440 2629 sequuntur
1457 2588 1563 2615 sane
1577 2577 1868 2630 pepigerat—
1883 2576 2072 2629 haberet,

1201 2647 1252 2674 ea
1294 2646 1465 2674 causam
1514 2635 1722 2686 afferunt,
1773 2647 1849 2676 cur
1890 2635 2074 2676 libertus

1201 2705 1297 2733 cum
1329 2691 1382 2733 de
1417 2705 1519 2732 cura
1558 2693 1788 2734 commissa
1822 2693 2074 2748 decederet,

1197 2764 1284 2792 nou
1318 2751 1460 2791 minus
1493 2750 1655 2793 fidente
1687 2754 1832 2794 animo
1867 2759 1984 2795 esset
2021 2767 2073 2796 ac

1199 2811 1478 2866 magistratus
1520 2810 1635 2852 solet
1669 2824 1767 2853 esse
1799 2812 1873 2867 qui
1905 2811 2071 2868 liquido

1199 2875 1461 2923 potestatem
1522 2870 1693 2912 eiurare
1742 2877 1903 2925 potest.
2025 2873 2073 2914 in

1195 2930 1502 2984 praeteritum.-
1553 2942 1594 2971 v.
1629 2935 1778 2972 annot.
1821 2930 1875 2972 ad
1906 2929 1963 2972 111
1997 2933 2072 2976 24.

1284 3002 1494 3043 paresque
1529 2990 1721 3030 rationes
1765 3003 1858 3031 cum
1901 3003 1949 3032 re
1985 3004 2071 3046 pu-

1198 3045 1312 3087 blica
1346 3047 1549 3089 liaberet:
1594 3046 1802 3090 Claudius
1835 3050 2072 3105 magistra-

1198 3111 1318 3146 tuum
1350 3107 1497 3147 munia
1530 3106 1571 3146 in
1607 3120 1655 3148 se
1703 3106 1879 3150 trahens
1914 3107 2070 3151 liberto

1197 3177 1276 3205 suo
1311 3166 1443 3206 etiam
1476 3165 1694 3219 publicam
1726 3167 1957 3220 pecuniam
1981 3174 2073 3210 tra-

1198 3223 1395 3265 ctandam
1414 3223 1646 3279 aliquando
1666 3231 1960 3268 concesserat.
1986 3226 2073 3268 Iste

1199 3283 1334 3338 igitur
1365 3284 1432 3324 vir
1467 3282 1651 3325 callidus
1684 3284 1788 3325 item
1814 3286 1996 3341 pepigit,
2026 3292 2073 3327 ut

1197 3354 1341 3397 neque
1395 3355 1418 3383 a
1467 3348 1621 3383 senatu
1673 3343 1886 3396 postulari
1927 3342 2070 3399 neque

1198 3403 1389 3442 rationes
1440 3413 1540 3442 suas
1586 3402 1778 3456 patribus
1827 3402 2069 3456 approbare

1201 3459 1439 3502 iuberetur.
1504 3458 1638 3502 Pares
1677 3463 1870 3503 rationes
1911 3460 2069 3502 habere

1199 3524 1297 3572 post
1342 3533 1398 3560 ne
1438 3518 1698 3573 particulam
1738 3520 1851 3561 idem
1899 3525 1967 3561 est
2016 3531 2068 3560 ae

1197 3577 1341 3620 nullas
1363 3578 1535 3620 habere.
1580 3577 1822 3620 'l‘heodisce
1839 3576 1981 3619 locum
2003 3579 2067 3619 sie

1198 3636 1581 3692 interpretaberis:
1613 3633 1808 3678 wirklicb
1827 3632 1943 3677 batte
1962 3635 2065 3678 Pal..
