2280 4004
222 283 255 320 a
286 271 334 318 G.
369 273 440 319 15.
830 267 995 316 LIBER
1024 267 1057 312 1.
1121 266 1227 313 ΟΑΡ.
1261 267 1451 314 63-65.
1994 271 2051 316 69

226 419 523 480 co'e‘rceret,
565 413 731 467 donec
764 412 951 476 saucii,
1003 415 1338 477 quantumque
1377 407 1631 476 gravioris
1670 407 1914 476 agminis,
1956 424 2051 461 an-

226 509 425 561 teirent.
498 507 622 559 Nam
660 487 828 555 medio
867 503 1105 555 montium
1143 506 1193 553 et
1225 500 1461 567 paludum
1488 500 1848 568 porrigebatur
1883 501 2052 567 plani-

226 601 339 664 tieS,
373 614 502 665 quae
533 602 732 648 tenuem
759 596 920 647 aciem
950 599 1221 661 pateretur.
1282 593 1584 660 Deliguntur
1607 592 1842 660 legiones
1878 594 2049 659 quinta

227 691 404 742 dextro
446 689 608 751 lateri,
649 675 1012 738 unetvicesima
1048 686 1101 736 in
1140 685 1357 749 laevum,
1399 684 1616 751 primani
1656 684 1941 736 ducendum
1984 685 2048 736 ad

142 784 437 849 65agmen,
492 778 832 830 vicesimanus
880 777 1149 828 adversum
1197 781 1478 827 secuturos.
1552 777 1665 829 Nox
1711 791 1804 842 per
1842 775 2087 828 diversas

224 871 439 936 inquieS,
479 884 591 919 cum
616 867 821 918 barbari
848 868 992 918 sestis
1024 867 1200 933 epuliS,
1239 867 1372 918 laeto
1404 872 1554 919 cantu
1579 871 1663 918 aut
1689 867 1821 917 truci
1857 882 2048 919 sonore

224 960 453 1013 subiecta
479 958 682 1009 vallium
715 973 776 1008 ae
798 957 1088 1009 resultantis
1106 957 1263 1009 saltus
1295 958 1620 1023 complerent,
1648 958 1778 1024 apud
1793 959 2049 1010 Romanos

226 1049 434 1102 invalidi
460 1050 625 1117 igneS,
655 1049 965 1113 interruptae
1002 1062 1177 1111 voceS,
1216 1052 1365 1113 atque
1405 1048 1501 1113 ipsi
1528 1048 1718 1113 passim
1755 1048 2051 1100 adiacerent

222 1140 375 1205 vallo,
415 1139 716 1192 oberrarent
749 1137 1011 1201 tentoriis,
1060 1137 1320 1188 insomnes
1357 1137 1522 1204 magis
1564 1152 1711 1203 quam
1753 1137 2047 1204 pervigiles.

222 1232 511 1297 Ducemque
549 1229 727 1282 terruit
763 1229 872 1281 dira
909 1229 1080 1295 quies:
1120 1243 1235 1280 nam
1264 1228 1555 1289 Quintilium
1577 1229 1763 1280 Varum
1800 1228 2117 1295 sanguinem

223 1323 430 1374 oblitum
482 1327 531 1374 et
579 1321 845 1388 paludibus
898 1335 1148 1372 emersum
1200 1334 1413 1371 eernere
1461 1323 1510 1372 et
1562 1319 1738 1371 audire
1787 1319 1927 1371 visus
1974 1325 2052 1371 est

222 1415 360 1466 velut
395 1419 691 1477 vocantem,
742 1427 846 1486 non
883 1418 1051 1464 tamen
1093 1412 1366 1463 obsecutus
1407 1416 1457 1462 et
1503 1426 1711 1482 manum*
1740 1410 2049 1479 intendentis

224 1507 520 1578 reppulisse.
595 1494 799 1571 Coepta¹
824 1492 938 1555 luce
980 1493 1168 1556 missae
1209 1503 1261 1553 in
1297 1503 1454 1555 latera
1500 1503 1760 1571 legioneS,
1812 1507 1947 1554 metu
1985 1517 2050 1553 an

226 1569 558 1660 contumacia,
601 1596 768 1646 locum
808 1595 1102 1659 deseruere,
1142 1598 1287 1660 capto
1325 1608 1544 1659 propere
1577 1607 1754 1659 campo
1792 1593 2048 1646 humentia

224 1687 369 1738 ultra.
460 1687 635 1752 Neque
683 1691 851 1738 tamen
900 1684 1189 1749 ArminiuS‚
1254 1698 1553 1750 quamquam
1606 1683 1769 1734 libero
1821 1683 2114 1749 incursu,¹5

224 1778 391 1831 statim
427 1778 670 1844 prorupit.
734 1777 833 1829 Sed
859 1782 914 1827 ut
943 1777 1158 1828 haesere
1187 1791 1347 1827 caeno
1385 1776 1641 1841 fossisque
1676 1775 2048 1841 impedimenta,

225 1869 409 1921 turbati
449 1869 638 1920 circum
676 1868 884 1940 milites,
922 1869 1148 1919 incertus
1186 1867 1451 1935 signorum
1491 1866 1646 1931 ord0,
1686 1871 1840 1932 utque
1875 1865 1961 1916 tali
1999 1866 2052 1917 in

227 1965 453 2027 tempore
507 1960 604 2011 sibi
650 1960 862 2026 quisque
901 1974 1148 2025 properus
1192 1963 1241 2010 et
1293 1958 1461 2010 lentae
1512 1957 1784 2009 adversum
1838 1957 2051 2023 imperia

228 2066 394 2115 aures,
422 2051 709 2117 inrumpere
731 2051 1012 2103 Germanos
1036 2050 1190 2114 iubet,
1232 2049 1493 2100 clamitans
1522 2044 1608 2099 ‘en
1639 2049 1803 2100 Varus
1842 2047 2054 2100 eodem-

149 2133 163 2206 ’ἶ
231 2156 327 2207 que
376 2141 554 2192 iterum
610 2141 713 2192 fato
784 2140 986 2192 vinctae
1038 2139 1304 2208 legiones’.
1409 2139 1564 2191 Simul
1613 2139 1769 2203 haec,
1840 2143 1890 2190 et
1940 2146 2118 2189 cum²0

165 2256 168 2278 —1
232 2231 441 2283 delectis
493 2232 679 2282 scindit
724 2247 935 2299 agmen,
996 2232 1240 2298 equisque
1294 2230 1511 2282 maxime
1570 2230 1781 2281 vulnera
1846 2229 2050 2296 ingerit.

230 2323 304 2374 Illi
337 2323 585 2389 sanguine
622 2337 715 2374 suo
756 2327 805 2374 et
835 2322 1031 2374 lubrico
1062 2322 1297 2388 paludum
1319 2321 1574 2388 lapsantes
1611 2320 1841 2373 excussis
1878 2324 2054 2372 recto-

353 2493 390 2532 1.
424 2490 669 2532 coherceret
699 2491 754 2534 M.
846 2492 888 2534 4.
923 2490 1059 2533 levum
1088 2490 1143 2533 M.
1237 2491 1283 2533 5:
1310 2489 1627 2532 uicensimanus
1659 2488 1714 2531 M.
1789 2489 1829 2530 7.
1863 2494 1966 2544 aput
1995 2487 2051 2529 M.

235 2551 301 2594 10.
335 2549 590 2605 quintillium
621 2550 675 2592 Μ.
744 2552 812 2593 12.
846 2550 1111 2592 intendentes
1127 2550 1182 2591 M.
1263 2550 1331 2592 13.
1365 2549 1598 2605 reppulisse
1623 2548 1678 2601 M,
1712 2558 1800 2587 non
1832 2546 2052 2603 repulisse.

235 2612 302 2652 14.
337 2611 597 2651 contumatia
624 2609 679 2651 M.
836 2610 1026 2651 umentia
1057 2609 1112 2651 M.
1275 2609 1343 2652 19.
1378 2608 1601 2662 eodemque
1636 2607 1801 2649 editor:
1843 2605 1979 2662 vulgo
2016 2610 2056 2648 et

233 2668 388 2722 eodem,
422 2669 461 2710 M
502 2675 540 2710 et
571 2669 809 2724 eodemque.
872 2670 943 2712 20.
977 2670 1147 2710 vinctae
1179 2681 1229 2723 pr
1259 2668 1322 2721 M,
1365 2668 1504 2709 victae
1538 2679 1634 2709 corr
1664 2666 1719 2708 M.

232 2819 417 2868 stra3em
478 2813 729 2867 caedemque
799 2814 1102 2854 continuarent

236 2871 369 2925 (haec
391 2871 623 2913 Suetonius
638 2871 845 2913 Paulinus
877 2871 930 2912 ad
952 2871 1102 2927 legio-

235 2931 423 2986 uarios).
467 2931 578 2971 Hinc
595 2929 649 2972 de
671 2930 930 2986 legionariis
950 2929 1027 2971 XV
1049 2930 1098 2972 7:

239 2995 279 3029 et
305 2988 400 3056 pila
430 2988 607 3031 militum
638 3003 801 3030 arsere.
864 2989 915 3030 ll.
949 2988 986 3030 ll
1017 2991 1100 3032 42
1090 3002 1099 3011 ·

237 3048 386 3089 omisso
403 3047 588 3103 pilorum
603 3048 721 3090 iactu
741 3047 898 3105 qlacliis
919 3055 958 3089 et
975 3062 1100 3090 secu-

236 3106 352 3148 ribus
381 3106 530 3163 qaleas
551 3106 790 3162 loricasque
808 3121 1100 3163 perrumpere.

326 3164 430 3221 Cap.
451 3166 522 3209 65.
586 3166 700 3222 apud
719 3167 935 3208 Romanos
954 3192 1008 3198 -
1028 3167 1101 3206 in-

239 3231 457 3279 ter-ruptae
507 3238 656 3266 voces:
726 3225 906 3266 verbum
965 3231 1102 3267 essent

240 3283 445 3323 omissum
491 3288 581 3334 est,
644 3283 759 3337 quod
812 3283 982 3338 quando
1031 3282 1102 3323 hic

240 3346 389 3392 noster
419 3339 502 3381 sibi
535 3340 671 3381 licere
702 3342 936 3394 putaverit,
969 3340 1022 3382 ad
1046 3339 1102 3382 v1

241 3400 299 3442 35
332 3410 614 3452 exponemus.

326 3459 480 3500 missae
504 3458 550 3498 in
571 3457 712 3498 latera
739 3457 925 3513 leyiones
948 3482 1004 3489 -—-
1027 3457 1103 3496 de-

240 3530 440 3559 seruere:
473 3516 669 3573 quintani
701 3523 800 3557 sunt
830 3516 1103 3557 unetvicesi-

240 3577 456 3633 manique.
524 3576 624 3618 Vid
667 3590 704 3617 c
737 3575 797 3619 64
828 3580 936 3617 extr
1017 3573 1104 3616 Iam

242 3645 396 3692 agmen
428 3635 680 3692 quadratum
706 3634 986 3690 clausumque
1012 3632 1104 3676 dis-

1185 2812 1376 2853 solutum
1410 2818 1530 2864 erat,
1576 2816 1619 2853 et
1660 2816 1888 2865 utramque
1922 2820 2053 2850 exer-

1186 2874 1297 2913 citus
1329 2877 1495 2926 partem
1528 2870 1667 2912 libero
1698 2872 1874 2911 incursu
1904 2869 2054 2910 inces-

1185 2943 1282 2972 sere
1315 2930 1464 2972 hostes
1496 2936 1711 2984 poterant.

1285 2989 1533 3044 eodemque.-
1598 2988 1762 3030 codicis
1811 2988 1966 3029 vitium
2017 2994 2057 3027 et

1187 3049 1409 3103 eodemque
1432 3049 1533 3090 inde
1551 3055 1696 3090 natum
1727 3046 1916 3098 videtur,
1939 3045 2056 3101 quod

1186 3107 1346 3163 aliquis
1379 3109 1452 3163 qui
1486 3107 1743 3162 particulam
1777 3117 1853 3159 que
1887 3106 1931 3145 in
1965 3104 2055 3160 α’ρ-

1181 3168 1368 3223 χετύπῳ
1408 3165 1667 3220 compendio
1710 3166 1922 3219 signatam
1966 3174 2054 3202 non

1186 3225 1466 3276 observavit,
1500 3224 1554 3265 ad
1587 3221 1852 3276 explendum
1885 3231 2055 3261 sermo-

1186 3297 1284 3324 nem
1339 3283 1587 3337 imprudens
1638 3289 1676 3322 et
1729 3280 1786 3321 ibi
1842 3278 2053 3320 adiunxit.

1185 3341 1523 3396 Bezzenbmwgm
1545 3347 1582 3380 et
1609 3339 1753 3379 eodem
1771 3339 1948 3391 denique
1971 3348 2054 3378 vo-

1187 3399 1284 3440 luit.
1338 3399 1441 3440 Mihi
1475 3400 1596 3453 optio
1623 3410 1718 3438 cum
1751 3397 1939 3448 daretur,
1972 3396 2054 3437 de-

1189 3457 1430 3512 ligeremne
1475 3465 1514 3499 et
1553 3456 1697 3497 eodem
1728 3468 1782 3497 an
1816 3455 2053 3509 eodemque,

1188 3515 1271 3557 hoc.
1294 3516 1496 3570 praetuli,
1530 3515 1646 3572 quod
1666 3514 1893 3557 clamantis
1922 3525 2054 3555 sonus

1189 3576 1252 3617 sic
1284 3575 1440 3618 fortius
1483 3575 1675 3619 effertur.
1771 3572 1869 3617 vid.
1904 3576 2051 3614 annot.

1190 3633 1242 3676 ad
1273 3632 1293 3676 1
1323 3634 1394 3678 59.
