2280 4004
235 277 330 328 268

998 285 1290 333 ANNALIVM

1816 309 1856 341 a.
1887 306 1934 342 u.
1966 299 2068 348 778.

237 420 514 488 scriptores
551 422 809 475 retinent?
869 422 1022 476 Suum
1068 426 1250 493 cuique
1305 427 1462 481 decus
1497 390 1770 497 postgi‘ffttas
1806 439 2069 508 rependit;

238 527 336 564 nec
373 512 615 578 deerunt,
678 515 723 565 si
774 513 1029 566 damnatio
1079 516 1301 583 ingruit,
1362 520 1446 586 qui
1483 536 1587 573 non
1625 524 1779 577 modo
1819 526 1986 580 Cassii
2019 534 2072 582 et

238 603 376 656 Bruti
401 604 494 655 sed
533 605 683 658 etiam
719 606 817 657 mei
855 607 1207 678 meminerint?
1269 610 1522 678 Egressus
1552 613 1671 666 dein
1701 621 1881 669 senatu
1915 619 2070 673 vitain

238 694 541 747 abstinentia
591 695 763 746 finivit.

838 698 1020 750 Libros
1071 715 1162 765 per
1214 701 1415 770 ‘aediles
1467 707 1770 761 cremandos
1823 725 2070 766 censuere

199 795 222 836 ⁵
236 789 435 853 patres:
474 787 565 838 sed
604 795 914 855 manserunt,
957 790 1194 842 occultati
1234 798 1283 844 et
1316 793 1454 846 editi.

1529 797 1640 859 Quo
1678 801 1843 869 magis
1883 818 2071 857 socor-

237 877 369 929 diam
406 893 593 954 eorum
639 879 864 932 inridere
917 881 1065 948 libet,
1128 883 1212 950 qui
1267 887 1522 952 praesenti
1574 891 1800 956 potentia
1855 894 2070 950 credunt

235 969 462 1037 extingui
504 985 658 1036 posse
698 973 847 1024 eliam
882 974 1142 1041 sequentis
1183 976 1297 1028 aevi
1337 979 1650 1033 memoriam.
1722 984 1849 1037 Nam
1890 992 2067 1040 contra

231 1060 418 1128 punitis
458 1061 680 1129 ingeniis
719 1063 891 1131 gliscit
928 1066 1234 1131 auctoritas3
1285 1084 1449 1136 neque
1488 1071 1622 1124 aliud
1663 1075 1859 1127 externi
1893 1090 2067 1146 regeS,

234 1157 319 1207 aut
358 1155 442 1219 qui
478 1153 654 1208 eadem
694 1157 906 1209 saevitia
943 1160 1023 1213 usi
1063 1164 1194 1226 sunt,
1236 1159 1334 1214 nisi
1375 1161 1601 1217 dedecus
1641 1165 1739 1220 sibi
1779 1154 1930 1236 atque
1966 1168 2067 1225 illis

173 1243 452 1318 ingloriam
489 1260 751 1313 peperere,

355 1442 393 1484 1.
427 1444 622 1498 rependit
652 1443 916 1488 Beroaldus:
966 1447 1007 1489 M
1053 1447 1304 1502 rependunt.

969 1507 1170 1549 socordia
1201 1508 1256 1550 M.

232 1500 361 1544 etiam
390 1502 446 1544 M.
543 1505 583 1546 5.
621 1504 712 1562 sed]
751 1511 791 1546 et
820 1506 875 1548 M.

232 1560 274 1606 9.
306 1563 459 1604 saeviti
488 1564 584 1606 atesi
614 1563 668 1606 M.

173 1759 177 1762 .
233 1721 437 1765 adversus
488 1721 575 1763 divi
623 1721 805 1778 Auqusti
847 1726 1107 1769 acerrimam

233 1789 428 1833 ruentem,
462 1795 542 1822 nec
574 1781 777 1824 adversus
819 1786 1109 1828 cautissimam

237 1841 393 1882 Tiberii
420 1847 701 1894 senectutem,
747 1857 801 1883 ne
838 1852 992 1886 contra
1025 1846 1109 1888 Gai

231 1900 398 1955 quidem
430 1926 486 1932 —
519 1900 686 1942 domum
725 1904 983 1959 exurqimus.
1049 1904 1107 1947 ΠΙ

229 1960 316 2004 66:
349 1973 429 2001 nec
461 1967 626 2002 tantam
655 1961 916 2018 Vespasiano
949 1978 1104 2020 super-

231 2019 371 2071 biam,
402 2025 448 2060 ut
475 2020 693 2075 privatum
736 2021 949 2064 Vitellium
975 2031 1104 2080 pate-

232 2086 380 2121 retur:
433 2093 486 2120 ne
532 2080 664 2121 victos
709 2081 874 2135 quidem
926 2082 1103 2125 laturos.

232 2138 280 2182 G.
302 2139 352 2181 7:
387 2145 573 2180 ceterum
601 2153 734 2195 neque
762 2142 1106 2184 animadvertere

230 2212 365 2254 neque
397 2199 577 2251 vincire,
607 2213 660 2240 ne
687 2201 920 2242 verberare
941 2203 1107 2257 quidem

230 2259 315 2300 nisi
355 2259 649 2300 sacerdotibus
692 2263 957 2316 permissum.
1021 2262 1103 2304 44:

233 2320 446 2359 enimuero
479 2332 613 2373 neque
648 2320 833 2362 nobilem
863 2334 998 2375 neque
1031 2323 1104 2363 in-

228 2391 427 2434 genuum,
462 2391 515 2418 ne
549 2378 794 2421 libertinum
824 2380 990 2435 quidem
1024 2394 1105 2422 ar-

228 2438 307 2478 mis
339 2450 611 2494 praeponere
651 2440 775 2495 regia
819 2440 984 2482 utilitas
1028 2447 1102 2482 est.

228 2496 292 2539 Eo
355 2497 399 2537 in
442 2510 608 2552 genere
651 2500 687 2539 si
728 2511 843 2541 nova
886 2501 1106 2542 sententia

231 2556 390 2598 ceteris
438 2558 746 2613 coniungitur,
803 2560 896 2612 ipsa
947 2560 1105 2614 copula

230 2614 414 2666 additur,
451 2615 588 2656 veluti
627 2617 702 2657 XV
739 2618 815 2661 19:
855 2621 1019 2672 factum
1053 2633 1105 2660 ex

231 2688 279 2715 eo
313 2680 484 2715 senatus
518 2674 777 2728 consultum,
818 2691 872 2717 ne
904 2677 1106 2719 simulata

230 2734 403 2788 adopt-io
435 2733 480 2773 in
511 2734 604 2776 ulla
639 2742 766 2790 parte
801 2737 991 2778 muneris
1018 2751 1104 2793 pu-

231 2793 333 2835 blici
376 2793 565 2845 iuvaret,
627 2807 681 2835 ac
741 2809 795 2836 ne
845 2797 1108 2852 usurpandis

231 2852 398 2907 quidem
426 2851 732 2895 hereditatibus
762 2855 998 2910 prodesset.
1050 2855 1101 2898 H.

230 2911 247 2953 I
271 2912 356 2954 83:
395 2911 592 2953 tumultus
619 2914 811 2968 proximi
832 2915 1000 2957 initium
1019 2928 1106 2956 non

231 2970 462 3026 cupiditate
505 2972 571 3014 vel
617 2972 712 3012 odio
746 2998 802 3005 —
835 2987 888 3015 ac
928 2988 982 3015 ne
1027 2975 1103 3015 de-

230 3031 486 3072 trectatlone
543 3031 707 3085 quidem
752 3038 826 3073 aut
871 3033 1104 3088 formidine

225 3089 533 3146 periculorum.
593 3090 773 3133 Duobus
798 3097 943 3134 tamen
968 3091 1103 3133 Taciti

230 3149 341 3192 locis
388 3162 472 3205 ego
517 3163 692 3206 quoque
739 3164 819 3193 nec
851 3177 906 3184 -—
940 3152 1105 3206 quidem

232 3208 458 3250 codicibus
492 3208 796 3251 addicentibus
830 3210 1102 3252 tolerandum

231 3274 353 3322 puto,
387 3267 465 3309 sed
499 3270 558 3309 ita
590 3275 635 3310 ut
668 3282 754 3310 non
788 3283 865 3324 pro
900 3271 1028 3312 etiam
1052 3284 1106 3312 ne

233 3353 288 3358 —
321 3322 488 3381 quidem
531 3329 604 3370 vel
650 3342 705 3370 ao
748 3343 802 3370 ne
841 3356 896 3361 —
940 3330 1106 3384 quidem

232 3387 421 3439 positum
456 3387 496 3427 id
527 3386 709 3439 ducam,
744 3389 821 3430 sed
853 3395 899 3429 nt
932 3389 1105 3444 simpli-

235 3458 327 3486 cem
359 3446 616 3498 particulam
650 3462 731 3487 nee
763 3461 839 3502 per
865 3450 1104 3502 proximam

232 3504 397 3556 quidem
441 3505 596 3545 toi-tius
644 3507 800 3548 elatam
845 3509 1104 3559 existimem,

231 3561 330 3602 dico
375 3562 424 3603 H.
468 3562 505 3603 ll
553 3564 637 3605 82:
689 3566 934 3608 donativum
981 3567 1107 3608 militi

230 3633 364 3675 neque
422 3621 652 3663 Mucianus
715 3627 859 3679 prima
909 3627 1105 3667 contione

232 3679 317 3724 nisi
346 3680 508 3722 modice
541 3682 799 3736 ostenderat,
833 3697 912 3725 nec
946 3685 1105 3741 Vespa-

1416 1452 1459 1494 2.
1495 1451 1648 1494 derunt
1685 1451 1738 1494 M.

1337 1510 1377 1552 7.
1411 1518 1630 1567 sequentes
1661 1510 1716 1555 Μ.

1847 1455 1890 1496 3.
1923 1453 2000 1496 sed
2028 1461 2069 1498 et

1791 1514 1834 1557 8.
1870 1512 1978 1557 aliut
2008 1514 2064 1558 M.

1191 1729 1339 1770 sianus
1371 1727 1537 1782 quidem
1561 1727 1660 1784 plus
1698 1727 1816 1771 civili
1846 1728 1955 1771 bello
1988 1730 2065 1773 ob..

1192 1787 1287 1829 tulit
1307 1800 1432 1842 quam
1460 1787 1540 1830 alii
1562 1788 1610 1828 in
1629 1801 1754 1843 pace.
1817 1787 1867 1830 H.
1891 1787 1951 1830 lv
1982 1789 2065 1833 38:

1192 1847 1444 1902 auyentibus
1491 1849 1655 1902 famam
1701 1846 1942 1889 Vitellianis
1984 1873 2064 1902 —,

1189 1920 1271 1948 nec
1300 1905 1531 1948 victoribus
1573 1906 1739 1961 quidem
1780 1907 1954 1963 inqu-ato
1985 1921 2065 1967 mi-

1190 1979 1322 2007 more.

1272 2024 1504 2081 posteritas
1554 2023 1773 2079 rependit:
1829 2027 2067 2083 rependunt

1190 2086 1233 2126 in
1260 2085 1314 2126 ’Μ
1355 2081 1625 2126 assimilandi
1674 2084 1786 2125 vitio
1830 2089 1875 2126 et
1918 2099 2067 2130 errore

1190 2144 1294 2186 huic
1336 2143 1515 2185 librario
1559 2142 1787 2184 admodum
1830 2144 2064 2202 frequente

1191 2218 1242 2245 ex
1277 2204 1476 2258 proximo
1510 2202 1689 2244 deerunt
1731 2202 1907 2257 prodiit.
1970 2205 2062 2248 No-

1190 2265 1352 2304 minum
1419 2261 1785 2315 collectivorum,
1842 2269 1890 2304 ut
1938 2279 2062 2322 pars,

1190 2321 1354 2377 vulqus,
1381 2320 1587 2377 populus,
1631 2321 1830 2375 quisque,
1872 2325 2067 2367 excitare

1193 2380 1395 2434 exempla
1425 2379 1536 2422 nihil
1569 2378 1748 2433 prodest
1789 2382 2065 2425 tuendo-»re-

1183 2440 1400 2498 pendunt:
1431 2451 1530 2480 nam
1545 2439 1776 2495 posteritas
1801 2440 1894 2495 (die
1913 2442 2065 2484 Nach-
2109 2494 2112 2498 Δ

1186 2500 1305 2557 welt)
1353 2500 1389 2542 si
1443 2510 1522 2554 pro
1570 2498 1754 2554 posteris
1805 2500 2098 2555 accipiatur,-

1188 2572 1333 2615 neque
1394 2564 1611 2614 tamquam
1672 2556 1821 2599 divina
1874 2571 2066 2614 persona

1190 2620 1423 2675 cogitetur,
1455 2619 1569 2658 iusta
1594 2618 1755 2672 cuique
1781 2616 2063 2673 dispertiam,

1188 2679 1301 2733 perit
1317 2678 1509 2734 gravitas
1533 2681 1575 2717 et
1594 2677 1661 2717 vis
1684 2677 1912 2720 orationis.
1937 2679 2062 2722 Adde

1188 2736 1304 2793 quod
1321 2735 1568 2793 posteritati
1585 2748 1805 2791 nunquam
1825 2736 1933 2780 alias
1954 2751 2061 2782 ver-

1188 2797 1290 2838 bum
1330 2794 1622 2838 multitudinis
1661 2794 1833 2837 Tacitus
1876 2797 2064 2856 iungere

1189 2868 1319 2898 ausus
1355 2861 1435 2898 est.

1270 2929 1352 2971 per
1383 2913 1544 2956 aediles
1577 2914 1830 2957 cremandos
1860 2929 2064 2959 censuere

1183 2982 1357 3031 patres:
1413 2975 1495 3028 ipsi
1542 2973 1710 3015 aediles
1754 2975 1850 3016 eius
1893 2977 2063 3032 negotii

1191 3034 1498 3075 executionem
1533 3033 1773 3074 triumviris
1802 3034 2064 3088 capitalibus

1189 3092 1530 3134 demandabant:
1552 3091 1726 3135 scilicet
1745 3097 1831 3134 tres
1849 3094 1933 3135 viri
1951 3107 2064 3149 quae

1188 3151 1451 3206 supplicium
1503 3150 1754 3205 postulabat
1807 3153 1888 3206 ipsi
1933 3164 2063 3207 para-

1190 3210 1292 3251 bant
1326 3211 1439 3265 (vid.
1475 3209 1650 3251 Sallust.
1686 3208 1814 3252 Catil.
1850 3210 1950 3268 55),
1983 3225 2064 3254 ae-

1190 3270 1301 3312 diles
1346 3270 1418 3311 vel
1459 3269 1533 3311 alii
1582 3269 1861 3325 magistratus
1910 3282 2063 3325 parare

1191 3342 1266 3370 eos
1290 3328 1514 3370 iubebant.
1560 3326 1626 3370 Cf.
1651 3327 1750 3370 XIV
1768 3329 1840 3381 50,
1871 3329 1978 3385 Agr.
2004 3331 2062 3372 2:

1190 3389 1382 3443 delegato
1442 3388 1677 3429 triumviris
1733 3388 1968 3429 ministerio
2016 3392 2062 3428 ut

1187 3454 1460 3490 nionumenta
1492 3447 1828 3489 clarissimorum
1856 3444 2058 3500 inqenio-

1189 3521 1283 3548 rum
1314 3509 1361 3549 in
1395 3507 1562 3549 comitio
1595 3520 1649 3546 ae
1678 3507 1776 3559 soro
1811 3508 2057 3545 urerentur.

1279 3566 1483 3608 occultati
1522 3571 1562 3606 et
1603 3564 1733 3605 editi.-
1774 3562 1863 3604 filia
1899 3560 2061 3603 Mareia

1192 3627 1234 3666 in
1268 3626 1417 3681 primis
1450 3623 1688 3665 occultavit
1720 3626 1882 3664 etmox
1906 3619 2056 3664 edidit.

1193 3685 1348 3727 Senec.
1399 3681 1576 3726 Consol.
1623 3680 1686 3737 ad,
1723 3680 1853 3724 Marc.
1907 3681 1961 3724 1:
2015 3686 2061 3724 ut
