2280 4004
153 720 221 768 ⁷3
236 712 355 763 tiam
393 711 656 778 effugerat.

236 819 296 855 ac
318 801 608 854 memoriam
642 800 876 851 virtutum
910 800 1018 852 eius
1047 800 1249 851 celebre
1287 799 1394 850 suit.

229 301 254 334 a
288 288 336 334 G.
373 289 442 334 19.
477 330 482 332 ,

233 450 357 503 que:

810 286 974 331 LIBER
1002 286 1055 331 11.
1120 285 1225 330 Cn».
1261 286 1448 331 71-73,

1967 286 2054 330 153

413 439 552 489 tanta
609 435 681 486 illi
737 435 947 486 comitas
1000 434 1052 484 in
1098 433 1298 497 sociOS,
1353 430 1682 484 mansuetudo
1745 430 1798 482 in
1849 430 2048 495 hostes;

232 529 443 594 visuque
495 533 544 579 et
594 527 765 578 auditu
812 527 948 577 iuxta
1004 525 1337 589 venerabilis,
1403 540 1514 575 cum
1571 523 1966 591 magnitudinem
2008 529 2057 574 et

235 620 531 688 gravitatem
567 634 790 670 summae
826 618 1060 669 fortunae
1099 618 1370 680 retineret,
1429 615 1669 666 invidiam
1709 619 1758 666 et
1793 615 2057 682 adrogan-

732 711 897 760 Funus
936 709 1048 760 sine
1086 709 1391 775 imaginihus
1432 713 1481 759 et
1515 722 1713 774 pompa,
1755 722 1847 773 per
1879 706 2056 757 laudes

1468 799 1529 850 Et
1553 803 1697 850 erant
1731 798 1814 864 qui
1843 798 2055 849 formam
2074 811 2097 850 5

237 898 478 956 aetatem,
524 906 686 958 genus
733 892 926 956 mortiS,
969 892 1032 941 ob
1080 890 1505 957 propinquitatem
1549 890 1698 941 etiam
1737 890 1967 941 locorum
2006 889 2058 942 in

235 985 413 1063 quibus
437 982 641 1047 interiit,
674 983 843 1050 magni
866 982 1146 1033 Alexandri
1169 982 1284 1033 fatis
1315 982 1672 1047 adaequarent.
1713 981 1838 1033 Nam
1865 985 2061 1032 utrum—

236 1090 333 1141 que
377 1087 591 1139 corpore
627 1072 852 1137 decor0,
904 1088 1096 1139 genere
1143 1072 1364 1139 insigni,
1420 1071 1554 1122 haud
1603 1071 1808 1122 multum
1852 1071 2059 1138 triginta

236 1179 396 1218 annos
439 1178 728 1231 egressum,
780 1178 986 1214 suorum
1021 1163 1220 1214 insidiis
1261 1167 1496 1214 externas
1531 1164 1664 1213 inter
1700 1166 1878 1229 gentes
1917 1161 2062 1212 occi-

235 1255 399 1307 disse:
457 1253 549 1305 sed
597 1254 729 1305 hunc
766 1253 934 1304 mitem
976 1268 1100 1319 erga
1141 1252 1361 1316 amicos,
1423 1251 1677 1302 modicum
1732 1251 2124 1318 voluptalum,w

233 1361 335 1398 uno
374 1345 724 1409 matrimonio,
775 1345 927 1395 certis
962 1344 1138 1396 liberis
1175 1344 1378 1411 egisse,
1429 1358 1594 1410 neque
1631 1343 1794 1394 minus
1834 1344 2061 1409 proelia-

235 1443 426 1502 torem,
487 1436 682 1487 etiamsi
718 1436 975 1487 temeritas
1012 1435 1196 1487 afuerit
1229 1435 1653 1501 praepeditusque
1693 1435 1759 1486 sit
1796 1435 2058 1500 perculsas

235 1533 310 1580 tot
330 1528 559 1579 victoriis
589 1527 884 1580 Germanias
917 1528 1126 1579 servitio
1160 1543 1408 1593 premere.
1471 1527 1666 1588 Quodsi
1695 1526 1834 1578 solus
1872 1527 2062 1580 arbiter

234 1634 436 1684 rerum,
475 1620 519 1670 si
555 1619 665 1670 iure
703 1623 752 1669 et
787 1618 994 1669 nomine
1032 1618 1179 1685 regio
1221 1618 1427 1682 suisset,
1478 1623 1617 1669 tanto
1653 1618 1930 1684 promptius
1967 1618 2064 1669 ad-

185 1778 190 1787 .
236 1716 524 1764 secuturum
555 1710 772 1778 gloriam
811 1710 1047 1774 militiae,
1100 1714 1341 1779 ¹quantum
1395 1709 1660 1761 clementia
1709 1709 2128 1775 teinperantia,15

180 1791 194 1851 ’ζ
238 1802 423 1854 ceteris
460 1801 609 1852 bonis
646 1801 837 1852 artibus
873 1800 1225 1866 praestitisset.

1322 1799 1515 1866 Corpus
1558 1805 1823 1866 antequam
1863 1815 2064 1851 crema-

235 1898 375 1945 retur
412 1894 651 1944 nudatum
704 1892 755 1942 in
806 1892 919 1943 foro
957 1891 1403 1955 Antiochensium,
1465 1891 1549 1957 qui
1596 1891 1740 1942 locus
1777 1891 2063 1957 sepulturae

238 1984 610 2048 destinabatur,
669 1983 1028 2049 praetuleritne
1076 1982 1308 2034 veneficii
1357 1983 1534 2049 signa,
1595 1998 1771 2048 parum
1822 1983 2062 2034 constitit.

236 2076 361 2128 Nam
390 2080 443 2126 ut
480 2075 590 2142 quis
627 2074 981 2127 misericordia
1009 2074 1060 2123 in
1086 2072 1438 2125 Germanicum
1465 2078 1514 2124 et
1538 2079 1857 2140 praesumpta
1895 2074 2065 2140 suspi-

240 2167 388 2219 cione
426 2172 509 2217 aut
527 2166 704 2218 favore
747 2164 797 2215 in
821 2165 1053 2216 Pisonem
1089 2153 1317 2230 pronior,
1357 2164 1547 2216 diversi
1587 2165 2060 2232 interpretabantur.
2078 2186 2126 2224 2⁰

355 2353 396 2393 2.
430 2348 694 2392 venerabiles
725 2348 780 2391 M.
818 2349 887 2391 12.
921 2347 1083 2403 afuerit
1099 2347 1458 2404 praepuditusque
1489 2349 1544 2392 Μ.

1613 2350 1680 2394 13.
1715 2350 1902 2394 serivitio
1932 2364 2069 2407 prae-

238 2422 352 2450 mere
373 2409 426 2452 Μ.
497 2409 569 2453 20.
602 2410 972 2465 interpraetantur
1003 2406 1074 2448 M:
1112 2408 1302 2449 correxit
1331 2407 1586 2452 Beroaldus.

238 2551 370 2593 animi
403 2552 605 2592 commoti
642 2551 743 2603 sint,
777 2555 979 2592 accurate
1003 2562 1111 2590 exe-

240 2615 409 2666 quatur.
454 2608 519 2651 Cf.
547 2609 789 2652 Germanici
815 2610 966 2651 laudes
996 2609 1110 2663 apud

238 2668 424 2710 Dionem
443 2668 556 2710 LVII
581 2669 658 2722 18,
684 2670 939 2711 Suetonium
964 2667 1106 2725 Calig.

240 2729 268 2771 3
298 2740 317 2769 s
382 2759 391 2769 .

321 2741 436 2841 (ἔαρ.
471 2787 541 2829 73.
586 2788 772 2841 formam
805 2792 1002 2838 aetatem,
1034 2801 1112 2842 qe·-

242 2858 321 2885 nus
352 2847 522 2886 mortis.-
555 2857 598 2885 v.
632 2844 686 2886 ad
717 2844 773 2886 XI
804 2846 846 2887 6.
897 2844 962 2887 Cf.
998 2847 1113 2901 quod

215 2903 385 2943 ‘statim
441 2905 636 2958 sequitur
683 2903 908 2944 clementia
955 2911 1113 2960 tempe-

245 2962 406 3012 rantia,
440 2962 592 3003 ceteris
623 2962 742 3004 bonis
771 2962 946 3005 artibus.

333 3020 404 3073 qui
415 3019 530 3062 locus
542 3020 782 3076 sepulturae
797 3021 1088 3064 destinabatur
1098 3037 1111 3064 .-

245 3077 523 3121 Germanicus
555 3081 598 3121 in
631 3079 725 3122 foro
752 3081 1112 3124 Antiochensium

246 3136 440 3191 sepultus
454 3138 625 3192 dicitur,
637 3140 738 3195 quia
753 3139 811 3181 ibi
827 3141 1113 3199 κενοτάφιον

246 3196 287 3237 ei
320 3202 562 3239 extructum
594 3204 700 3240 erat.
745 3198 812 3241 Cf.
838 3200 949 3241 infra
974 3199 1112 3243 c.83:

245 3253 484 3308 sepulcrum.
502 3255 772 3308 Antiochiae,
793 3258 865 3299 ubi
887 3265 1112 3309 crematus,

247 3311 435 3354 tribunal
467 3313 778 3370 Epidaphnae,
828 3331 905 3371 quo
944 3317 988 3357 in
1021 3316 1113 3357 loco

245 3372 375 3412 vitam
401 3372 590 3425 finierat.
654 3371 833 3416 Cineres
865 3376 1004 3416 mariti
1024 3375 1115 3416 Ro-

246 3442 355 3471 mam
390 3443 536 3472 secum
569 3430 668 3472 tulit
694 3431 934 3487 Agrippina
968 3433 1115 3488 ibique

247 3487 463 3530 condidit:
495 3488 552 3531 111
586 3492 608 3532 1
643 3495 685 3531 et
716 3494 757 3532 4.

330 3562 487 3604 parum
518 3550 727 3592 constitit.-
763 3548 803 3591 h.
828 3563 866 3591 e.
900 3563 987 3591 non
1014 3552 1117 3591 satis

249 3608 447 3651 constitit.
488 3607 627 3652 Notae
650 3615 693 3652 et
711 3614 968 3667 argumenta
990 3610 1117 3651 nimis

250 3666 414 3711 incerta
445 3668 584 3713 fuere.
627 3669 838 3714 Rumores
855 3668 908 3712 ab
934 3681 1116 3713 accusa-

1197 2549 1361 2591 toribus
1407 2552 1452 2592 in
1500 2551 1703 2593 Pisonem
1756 2563 1928 2605 sparsos
1982 2565 2069 2593 non

1197 2610 1364 2650 curavit
1386 2611 1593 2667 providus
1620 2611 1692 2652 hic
1709 2618 1849 2653 rerum
1866 2612 2068 2666 scriptor.

1197 2666 1323 2710 Conf.
1375 2670 1485 2712 Plin.
1527 2669 1584 2711 XI
1624 2671 1709 2713 71:
1760 2685 1834 2711 cor
1888 2679 2072 2726 neqatw·

1199 2730 1388 2771 cremari
1422 2743 1546 2786 posse
1586 2730 1634 2771 in
1675 2731 1728 2771 iis
1761 2731 1832 2784 qui
1864 2731 2070 2774 cardiaco

1196 2788 1341 2829 morbo
1375 2788 1580 2842 obierint,
1631 2796 1705 2830 aut
1736 2803 1895 2830 veneno
1929 2792 2069 2832 inter-

1199 2848 1358 2902 emptis.
1410 2848 1534 2890 Certe
1566 2855 1682 2890 eoetat
1715 2850 1852 2890 oracio
1902 2848 2071 2902 Vitellii,

1199 2919 1282 2961 qua
1333 2921 1453 2948 reum
1505 2907 1700 2949 Pisonem
1753 2909 1842 2949 eius
1899 2907 2073 2950 sceleris

1199 2968 1408 3021 coarquss,
1441 2966 1521 3008 hoc
1551 2981 1650 3008 usus
1685 2974 1956 3023 argumento,
1987 2982 2073 3024 pa..

1198 3024 1363 3079 lamque
1427 3032 1599 3068 testatus
1651 3040 1739 3067 non
1790 3029 1976 3082 potuisse
2023 3028 2072 3068 ob

1196 3098 1404 3125 *cenenum
1454 3100 1529 3127 cor
1576 3085 1825 3128 Germanici
1871 3086 2074 3127 Caesaris

1198 3144 1400 3184 cremari.
1460 3144 1523 3185 Eo
1568 3144 1690 3186 fonte
1739 3158 1842 3186 usus
1892 3145 2069 3186 Sueton.

1200 3200 1340 3257 Calig.
1380 3204 1429 3243 1:
1479 3215 1580 3243 nam
1606 3210 1784 3259 praeter
1817 3203 1970 3243 livores
2004 3206 2074 3257 qui

1200 3267 1282 3300 toto
1317 3275 1494 3314 corpore
1528 3270 1652 3302 erant
1695 3268 1733 3302 et
1764 3275 1933 3317 spumas
1966 3275 2073 3315 quae

1195 3332 1275 3373 per
1307 3333 1351 3359 os
1382 3319 1581 3373 fluebant,
1603 3321 1783 3361 cremati
1803 3334 1962 3374 quoque
1998 3335 2074 3362 cor

1199 3377 1313 3418 inter
1367 3390 1464 3418 ossa
1509 3379 1802 3433 incorruptum
1861 3387 2073 3435 repertum

1201 3442 1285 3486 est,·
1333 3437 1451 3477 euius
1493 3449 1544 3477 ea
1582 3444 1741 3478 natura
1790 3439 2070 3493 existimatur,

1198 3502 1243 3535 ut
1278 3494 1453 3535 tinctum
1486 3509 1647 3537 veneno
1682 3498 1835 3551 confici
1874 3507 2069 3552 nequeat.

1288 3551 1446 3595 diversi
1474 3556 1896 3612 interpretabantur.-
1940 3557 2071 3608 'Wal-

1201 3610 1349 3654 therus
1362 3613 1545 3658 Medicei
1559 3617 1815 3672 scripturam
1833 3616 2070 3661 defendere

1201 3677 1382 3715 conatus
1416 3679 1482 3717 est
1511 3674 1744 3719 referendo
1785 3675 1964 3719 verbum
1997 3678 2069 3720 in-
