2280 4004
226 296 338 341 10.
371 296 444 342 66.

814 290 982 339 LIBER
1011 291 1128 336 xvt.
1187 291 1298 335 CAr.
1330 290 1521 337 32--34.

222 443 280 490 et
317 438 584 488 honestum
622 434 904 500 exemplum
939 433 1051 484 tulit
1089 431 1251 484 Cassii
1286 429 1669 497 Asclepiodoti‚
1728 428 1812 495 qui
1848 426 2051 494 magni-

228 528 404 580 tudine
438 541 587 593 opum
619 525 922 592 praecipuus
959 524 1091 575 inter
1124 523 1400 590 Bithynos,
1442 536 1541 588 quo
1577 519 1823 588 obsequio
1862 518 2056 570 floren-

229 618 612 686 temSorauum
648 615 1020 679 celebraverat,
1057 614 1309 666 labentem
1350 627 1453 665 uon
1489 611 1737 676 deseruit,
1777 614 2055 675 exuwsque

233 709 466 762 omnibus
510 707 727 760 fortunis
782 706 917 757 etin
954 706 1160 757 exilium
1210 710 1378 768 actuS‚
1433 702 1683 768 aequitate
1733 701 1880 752 deum
1929 713 2053 766 erga

229 800 365 852 hona
411 798 642 863 malaque
692 797 1010 848 documenta.

1081 796 1337 846 Thraseae
1384 793 1682 858 Soranoque
1723 796 1773 842 et
1809 789 2093 843 Serviliaes

230 891 379 942 datur
413 889 590 941 mortis
627 889 902 942 arbitrium.
975 886 1237 938 Helvidius
1275 890 1324 937 et
1346 884 1593 936 Paconius
1620 882 1759 934 ltalia
1788 880 2056 948 depellun-

169 1034 171 1036 ,
224 986 344 1034 tur:
374 981 640 1033 Montanus
675 980 804 1045 patri
844 993 1121 1032 concessus
1159 982 1252 1041 est,
1291 976 1554 1043 praedicto
1593 989 1658 1032 ne
1697 973 1750 1025 in
1776 988 1833 1025 re
1856 971 2057 1039 publica

229 1072 518 1140 haberetur.
591 1069 990 1122 Accusatoribus
1046 1067 1199 1133 Eprio
1258 1071 1308 1117 et
1361 1066 1664 1117 Cossutiano
1724 1060 2057 1129 quinquagies

229 1161 517 1215 sestertium
550 1160 792 1227 singulis,
847 1158 1052 1211 Ostorio
1092 1157 1369 1209 duodecies
1414 1161 1467 1208 ,et
1511 1154 1799 1221 quaestoria
1837 1153 2057 1220 insignia

145 1255 216 1305 34
230 1252 530 1305 tribuuntur.
603 1250 724 1302 Tum
777 1249 840 1300 ad
901 1248 1173 1300 Thraseam
1222 1247 1275 1299 in
1327 1246 1488 1298 hortis
1540 1250 1774 1311 agentem
1821 1248 2125 1309 quaestorio

230 1341 465 1395 Caesaris
512 1339 695 1392 missus
742 1342 1136 1404 vesperascente
1183 1337 1284 1388 iam
1339 1335 1439 1387 die.

344 1510 386 1552 2.
421 1506 612 1562 bythinos
641 1504 721 1550 Ma.

229 1566 310 1611 Ma.
421 1566 464 1608 8.
498 1567 646 1621 aeprio
679 1563 757 1611 Ma,

822 1504 864 1550 4.
898 1503 1115 1558 aequitate
1150 1501 1256 1547 Ma..

837 1564 904 1607 10.
941 1564 998 1604 ad
1030 1563 1088 1605 G:
1123 1575 1151 1603 a
1182 1559 1263 1603 Ma.

1514 1334 1798 1387 Inlustrium
1834 1334 2060 1384 virorum

1354 1501 1422 1546 dm
1453 1514 1549 1542 cum
1582 1500 1659 1543 lin.
1694 1498 1772 1544 Ma.
1878 1499 1920 1540 7.
1951 1512 2061 1555 rap.

1374 1562 1441 1602 11.
1480 1559 1682 1602 Caesaris
1719 1558 1881 1602 editor:
1916 1556 1979 1599 Ma
2020 1562 2064 1600 et

230 1627 308 1669 alii
338 1624 538 1677 consulis,
571 1623 606 1666 G
637 1637 662 1666 a
691 1625 836 1679 priore
867 1636 923 1665 m.
956 1621 1118 1675 consul,
1154 1621 1206 1664 ab
1242 1619 1381 1663 altera
1413 1618 1613 1663 consulis.

198 1811 204 1813 ,
232 1770 419 1811 aetatem
444 1766 719 1812 Constantini
741 1766 888 1823 Magni
911 1773 1108 1820 quaestor

230 1826 350 1867 sacri
398 1826 556 1882 palatii
597 1838 647 1869 os
688 1832 731 1867 et
769 1838 857 1868 vox
896 1826 1107 1881 principis

232 1883 480 1927 haberetur.
523 1885 747 1940 Augustus
769 1886 882 1928 enim
905 1891 1109 1939 quattuor

231 1950 508 2001 quaestoreS‚
550 1957 659 2000 quos
692 1943 945 1989 consulibus
980 1945 1108 1986 adiu-

232 2007 350 2043 tores
378 2016 416 2044 a.
436 2003 520 2045 716
538 2004 720 2057 primum
757 2002 984 2044 adiunctos
1011 2016 1107 2044 esse

233 2060 584 2103 Dio-memoriae
627 2061 816 2115 prodidit
851 2062 1021 2103 XLVlIl
1050 2063 1108 2104 43

234 2123 332 2176 (ἐπὶ
364 2120 404 2161 δ’
434 2120 637 2164 Ἀππίου
670 2136 716 2164 τε
746 2121 996 2181 ιΚλαυδίου
1029 2123 1106 2163 καὶ

233 2177 377 2223 Γαΐου
407 2183 684 2236 Νωρβάνου,
717 2183 785 2226 οἱς
804 2179 1006 2236 πρώτοις
1025 2180 1108 2224 <5150

233 2237 471 2295 ἑκατέροις
516 2246 726 2297 rapuerat
787 2242 1107 2295 συνεγένοντο,

234 2312 332 2339 κη.
354 2300 412 2351 λ),
446 2310 547 2339 mox
579 2299 674 2351 ipse
705 2297 788 2340 sibi
821 2297 1106 2342 circumdedit

232 2355 286 2399 ad
330 2357 573 2412 augendam
621 2358 708 2398 vim
758 2358 1026 2410 principatus
1066 2363 1109 2398 et

233 2414 513 2456 minuendum
540 2415 827 2461 consulatum.
873 2417 1035 2459 Morem
1054 2416 1107 2460 ab

231 2472 431 2528 Augusto
463 2475 706 2520 institutum
742 2476 878 2516 ceteri
898 2474 1108 2517 Caesares

232 2537 430 2574 tenuere.
489 2533 706 2578 Exn-emis
749 2540 890 2576 autem
935 2535 1107 2588 imperii

232 2593 499 2645 temporibus
531 2605 608 2646 pro
652 2598 855 2647 quattuor
898 2599 1107 2647 quaesto...

232 2651 352 2691 ribus
386 2664 496 2692 unus
534 2657 697 2692 mutato
741 2665 921 2697 munere
961 2658 1004 2693 et
1035 2652 1106 2693 of..

232 2709 332 2751 ficio
366 2709 471 2761 fuit,
522 2710 576 2755 de
609 2722 693 2765 quo
727 2710 783 2751 cf.
822 2710 1105 2754 Cassiodorus

234 2769 334 2810 Var.
373 2768 429 2809 VI
465 2770 506 2812 5.
557 2768 802 2822 Symmacli.
835 2769 1009 2824 Epist]
1038 2771 1104 2812 17.

234 2827 496 2878 Quaestores
534 2827 587 2873 ab
620 2828 818 2883 Augusto
853 2835 896 2869 et
925 2841 1106 2870 succes..

231 2886 405 2927 soi-ibus
445 2885 629 2929 adhibiti
673 2887 872 2931 mandata
906 2885 1107 2929 Caesaris

231 2944 284 2987 ad
337 2950 533 2986 senatum
587 2944 868 2998 perferebant
924 2948 1108 3000 eiusque

231 3004 452 3045 orationes
484 3003 815 3059 praelegebant,
848 3016 924 3057 pro
950 3004 1106 3059 quibus

230 3062 389 3105 officiis
422 3075 446 3103 a
478 3063 675 3116 principe
717 3061 933 3105 candidati
977 3076 1107 3117 prae-

233 3126 352 3163 turae
377 3121 789 3164 commendabantur
812 3123 908 3163 sine
933 3121 1108 3177 repulsa

231 3179 483 3234 ambituque
514 3179 796 3235 designandi3
830 3193 872 3222 v.
908 3180 1015 3231 115,
1053 3179 1107 3220 XI

232 3239 304 3281 2¹.
368 3238 432 3280 De
466 3237 534 3280 his
564 3239 871 3294 quaestoribus
915 3239 1107 3294 loquitur

233 3297 412 3338 Sueton.
463 3296 578 3352 Aug.
631 3297 710 3340 65:
763 3299 847 3340 Gai
905 3299 1107 3352 Luciique

233 3369 336 3396 casu
367 3368 455 3396 mm
486 3355 591 3396 adeo
623 3359 804 3410 fractus,
837 3357 885 3396 de
907 3357 1002 3410 filia
1026 3357 1105 3397 ab·

231 3427 326 3455 sens
359 3427 413 3454 ac
444 3413 584 3456 libello
628 3429 706 3469 per
737 3422 1001 3468 quaestorem
1031 3429 1106 3456 re..

234 3475 362 3515 citato
408 3479 551 3513 notum
592 3475 761 3515 senatui
807 3475 923 3528 fecit.
988 3474 1104 3516 Idem

233 3532 275 3572 in
320 3530 494 3575 Nerone
547 3544 584 3571 c.
635 3533 715 3576 15:
766 3532 816 3573 cle
860 3532 1106 3586 quibusdam

232 3588 356 3637 rebus
388 3589 604 3632 oratione·
634 3590 691 3631 ad
720 3597 913 3633 senatum
943 3591 1106 3642 missas,

229 3648 464 3704 praeterito
531 3646 766 3703 quaestoris
819 3649 982 3704 officio,
1028 3662 1109 3705 per

1190 1766 1406 1810 consulem
1422 1766 1670 1825 plerumque
1687 1765 1912 1807 recitabat.
1945 1765 2062 1807 Idem

1189 1827 1233 1867 in
1251 1825 1344 1868 Tito
1378 1839 1414 1867 c.
1435 1826 1490 1868 6:
1521 1832 1773 1882 receptaque
1791 1825 1848 1866 ad
1866 1839 1911 1866 se
1929 1839 2064 1881 prope

1191 1886 1375 1929 omnium
1400 1885 1637 1939 officiorum
1659 1898 1780 1936 cura,
1815 1899 1908 1925 cum
1925 1884 2065 1940 patris

1189 1945 1360 1986 nomine
1402 1943 1600 1999 epistolas
1642 1945 1731 1999 ipse
1775 1944 1980 1995 dictaret,
2016 1949 2066 1999 vct

1191 2003 1332 2045 edicta
1362 2003 1664 2054 conscriberet,
1697 2003 1993 2056 orationesque
2018 2002 2066 2043 iu

1189 2070 1340 2104 senatu
1393 2063 1598 2103 recitaret
1649 2062 1776 2102 etiam
1831 2062 2068 2115 quaestoris

1188 2122 1295 2163 vice.
1358 2121 1452 2162 Hoc
1488 2121 1635 2162 officio
1683 2120 1881 2162 Velleius
1913 2120 2067 2161 Pater-

1191 2180 1314 2224 culus
1346 2180 1543 2235 principe
1575 2181 1773 2235 Augusto
1810 2186 1854 2220 et
1883 2179 1964 2221 sub
1992 2178 2067 2220 Ti-

1188 2240 1336 2292 herio,
1390 2245 1490 2282 ante
1523 2245 1765 2292 praeturam
1798 2251 1838 2281 a.
1876 2239 1927 2281 15
1970 2243 2069 2291 post

1191 2297 1293 2342 Chr.
1326 2299 1534 2354 suffragio
1567 2296 1765 2340 Caesaris
1798 2297 1957 2340 Tiberii
1989 2309 2067 2338 ac-

1191 2364 1382 2411 ceptam,
1425 2357 1599 2401 functus
1633 2363 1699 2399 est
1730 2358 1823 2411 ipse
1859 2362 1902 2398 et
1934 2356 2068 2398 frater

1192 2417 1299 2468 eius,
1333 2422 1380 2458 ut
1410 2416 1538 2458 tradit
1570 2415 1607 2458 11
1633 2418 1740 2460 124:
1775 2429 1852 2470 quo
1882 2422 2067 2470 tempore

1189 2476 1295 2518 mihi
1315 2476 1527 2530 fratrique
1549 2490 1656 2531 meo,
1689 2475 1930 2517 candidatis
1952 2474 2067 2515 Cae.-

1188 2536 1315 2586 saris,
1336 2559 1392 2566 —-
1420 2534 1630 2577 destinari·
1655 2534 1927 2590 praetoribus
1960 2547 2067 2574 con-

1189 2595 1297 2648 tigit.
1361 2592 1487 2637 Cous.
1524 2594 1607 2635 Dio
1641 2606 1709 2648 ap.
1746 2592 1908 2647 Xiphil.
1935 2591 2068 2634 LXVI

1193 2654 1260 2698 10,
1324 2652 1434 2697 Plin.
1483 2652 1622 2706 Epist.
1678 2651 1752 2693 vu
1809 2651 1887 2695 16:
1943 2651 2068 2693 simul

1190 2719 1432 2765 quaestores
1451 2711 1654 2755 Caesaris
1673 2712 1844 2766 fuimus.
1887 2710 1953 2752 De
1986 2723 2067 2752 eo·-

1190 2770 1285 2813 dem
1322 2776 1554 2826 quaestore
1586 2771 1755 2813 'l'aeitus
1798 2771 1894 2823 ipse-
1938 2784 1975 2811 c.
2010 2770 2064 2812 27

1189 2830 1232 2870 in
1266 2829 1348 2872 hac
1379 2831 1474 2882 ipsa
1505 2842 1659 2871 causa:
1697 2836 1736 2871 et
1769 2829 1907 2870 oratio
1935 2828 2065 2884 prin..

1190 2888 1296 2942 cipis
1341 2901 1419 2942 per
1471 2896 1734 2941 quaestorem
1781 2888 1870 2929 eius
1917 2886 2067 2928 audita

1189 2953 1264 2987 est.
1326 2946 1530 2988 Breviter
1579 2946 1742 3001 duplex
1785 2953 2066 3004 quaestorum

1188 3017 1342 3046 munus
1375 3005 1636 3047 discernitur
1675 3007 1717 3050 in
1759 3004 1914 3047 Iuliani
1947 3004 2064 3058 Epit.

1188 3063 1362 3106 Novell.
1406 3070 1544 3105 const.
1582 3063 1796 3107 XXXVIII
1843 3063 1920 3117 (ed
1952 3063 2064 3105 l’ith.

1189 3122 1323 3164 Paris.
1361 3122 1473 3165 1689
1505 3136 1548 3176 p.
1573 3123 1711 3178 495)ε
1743 3135 1859 3164 more
1892 3122 2064 3175 antiquo

1190 3180 1343 3236 duplex
1363 3188 1457 3222 erat
1480 3189 1748 3234 quaestorum
1774 3181 2064 3235 maqistratus,

1190 3246 1228 3280 et
1258 3253 1366 3280 unus
1399 3240 1562 3296 quidem
1586 3242 1707 3284 circa
1725 3239 1835 3283 latus
1856 3240 2065 3294 principis

1190 3305 1299 3350 erat,
1332 3298 1444 3342 alter
1476 3306 1615 3341 autem
1641 3306 1838 3353 quaestor
1857 3298 2066 3348 exercitui

1184 3364 1406 3413 praeerat.
1474 3357 1643 3411 Ulpian.
1700 3357 1727 3401 l.
1778 3370 1850 3399 un.
1909 3357 1960 3399 D.
2014 3357 2065 3398 de

1190 3417 1330 3469 officio
1362 3418 1596 3469 quaestoris
1629 3417 1668 3471 (Ι
1711 3418 1815 3472 13):
1845 3429 1950 3458 sane
1977 3429 2065 3457 non

1189 3489 1330 3516 omnes
1362 3482 1605 3529 quaestores
1635 3476 1883 3529 provincias
1908 3476 2064 3516 sou-tie..

1189 3533 1359 3584 bantur,
1392 3547 1537 3576 verum
1564 3534 1730 3589 emcepti
1760 3541 1884 3577 erant
1908 3533 2064 3575 candi..

1194 3591 1283 3634 dati
1309 3592 1544 3647 principis:
1579 3592 1623 3633 ki
1653 3594 1805 3635 etenim
1828 3591 1929 3639 solis
1944 3591 2065 3634 libris

1188 3648 1500 3706 principalibus
1532 3651 1578 3692 in
1598 3656 1748 3693 senam
1769 3648 2063 3707 legendis’va-
