2280 4004
826 225 990 270 LIBER
1020 222 1093 270 111.
1157 221 1262 269 GAP.
1299 225 1486 269 74—76.
1987 226 2086 270 231*

250 370 342 423 sed
375 385 471 423 avo
510 371 805 424 centurione
844 372 1079 435 Sullam),
1136 376 1278 437 patre
1309 370 1584 437 praetorio,
1660 370 1984 423 Consulatum
2028 373 2074 423 ei

251 463 628 515 acceleraverat
663 463 938 531 AugustuS,
980 467 1034 513 ut
1055 459 1345 514 Labeonem
1373 458 1646 514 Antistium
1682 461 1846 514 isdem
1884 463 2074 514 artibus

248 554 639 620 praecellentem
689 554 983 621 dignatione
1037 554 1145 604 eius
1183 554 1507 620 magistratus
1547 553 1776 604 anteiret.
1848 554 2074 620 Namque

248 643 332 695 illa
361 649 500 696 aetas
539 644 638 695 duo
664 644 804 709 pacis
847 644 1035 695 decora
1070 643 1217 695 simul
1253 643 1377 694 tulit.
1453 644 1553 696 Sed
1580 645 1750 695 Labeo
1783 644 2075 710 incorrupta

247 734 509 799 libertate,
565 739 614 785 et
662 734 727 785 ob
782 734 834 785 id
881 735 1011 786 fama
1072 735 1405 786 celebratior:
1468 735 1724 800 Capitonis
1777 735 2112 801 obsequiums

249 825 619 879 dominantibus
669 826 832 892 magis
884 825 1209 891 pr.obabatur
1285 826 1389 890 Illi,
1450 825 1584 892 quod
1619 831 1904 892 praeturam
1941 826 2072 877 intra

248 918 398 989 stetit,
433 915 802 967 commendatio
842 932 906 985 ex
931 916 1133 985 iniuria,
1168 916 1302 980 huic,
1343 916 1476 983 quod
1509 917 1821 969 consulatum
1861 917 2072 984 adeptus

165 1013 232 1061 76
248 1013 339 1072 est,
377 1006 546 1059 odium
574 997 654 1057 e}
664 992 881 1058 invidia
920 1006 1193 1058 oriebatur.
1267 1007 1330 1066 Et
1363 1007 1503 1058 Iunia
1531 1009 1855 1075 sexagesimo
1893 1013 2070 1074 quarto

243 1104 357 1166 post
379 1098 743 1165 Philippensem
774 1098 935 1149 aciem
964 1112 1096 1148 anno
1129 1112 1414 1163 supremum
1452 1096 1584 1150 diem
1615 1099 1850 1164 explevit,
1881 1099 2073 1151 Catone

245 1189 496 1242 avunculo
537 1190 728 1257 genita,
771 1188 862 1240 Gai
902 1188 1067 1240 Cassii
1104 1203 1250 1253 uxor,
1285 1189 1444 1240 Marci
1478 1190 1617 1240 Bruti
1653 1205 1819 1240 soror.
1894 1190 2139 1298 Testa-ida

244 1286 461 1333 mentum
498 1281 607 1333 cius
642 1281 795 1332 multo
834 1280 966 1347 apud
998 1280 1202 1347 vulgum
1239 1294 1444 1333 rumore
1481 1280 1589 1345 suit,
1629 1281 1745 1346 quia
1781 1281 1833 1330 in
1874 1281 2072 1347 magnis
2123 1299 2147 1351 κ,

245 1373 439 1440 opibuS,
475 1388 585 1424 cum
617 1372 776 1424 ferme
803 1377 1013 1423 cunctos
1047 1386 1290 1438 proceres
1318 1386 1430 1422 cum
1463 1371 1661 1424 honore
1688 1373 2069 1436 nominavisset,

245 1465 515 1517 Caesarem
565 1463 746 1515 omisit.
823 1463 970 1525 Quod
1011 1463 1228 1514 civiliter
1267 1467 1555 1529 acceptum,
1618 1478 1783 1529 neque
1815 1463 2074 1530 prohibuit

245 1570 343 1623 quo
409 1555 572 1606 minus
628 1554 920 1607 laudatione
976 1569 1068 1620 pro
1126 1553 1323 1606 Rostris
1398 1555 1685 1620 ceterisque
1743 1554 2070 1612 sollemnibus

243 1647 391 1698 sunus
429 1645 865 1697 cohonestaretur.
940 1645 1129 1712 Viginti
1169 1644 1564 1696 clarissimarum
1603 1644 1906 1696 familiarum
1940 1644 2134 1696 ima-15

241 1736 389 1804 gines
427 1735 677 1787 antelatae
714 1741 844 1800 sunt,
885 1734 1074 1799 Manlii,
1117 1735 1339 1796 Quinctii
1378 1735 1578 1801 aliaque
1616 1735 1844 1787 eiusdem
1881 1735 2072 1786 nobili-

242 1828 358 1879 tatis
390 1827 610 1879 nomina.
685 1827 786 1879 Sed
814 1826 1204 1894 praefulgebant
1230 1826 1436 1878 Cassius
1476 1830 1626 1894 atque
1647 1825 1827 1878 Brutus
1858 1842 1919 1878 co
1958 1827 2068 1894 ipso

241 1919 376 1987 quod
417 1918 613 1986 effigies
651 1932 826 1970 eorum
869 1933 973 1969 non
1009 1918 1317 1970 visebantur.
2149 1906 2155 1926 ³

360 2032 397 2074 1.
429 2032 651 2088 praetoria
679 2043 894 2085 superscr.
929 2044 952 2071 o
985 2030 1039 2072 M.
1103 2032 1144 2074 2.
1180 2031 1275 2072 ade.
1302 2031 1356 2072 M.
1421 2030 1541 2071 istem
1556 2030 1611 2072 M.
1677 2032 1720 2073 3.
1754 2032 2071 2087 vuapistratibus

239 2091 307 2133 M:
342 2093 533 2133 correxit
552 2089 807 2132 Beroaldus,
906 2090 948 2132 6.
980 2095 1202 2145 preturam
1222 2090 1275 2131 M.
1339 2090 1380 2132 9.
1410 2089 1693 2145 philipensem
1710 2090 1766 2132 M.
1832 2093 1901 2135 10.
1937 2091 1985 2133 C.
2015 2092 2069 2133 M.

241 2150 303 2193 M.
339 2150 392 2192 M.
460 2152 528 2193 12.
563 2149 759 2205 operibus
781 2149 836 2200 M,
876 2150 920 2189 in
953 2150 1150 2205 margine
1181 2147 1316 2204 ”quid
1355 2150 1391 2189 si
1425 2148 1630 2204 opibus?''
1663 2149 1836 2190 videtur
1866 2150 2070 2192 Beroaldi

241 2210 482 2251 correctio:
512 2208 626 2250 idem
660 2208 778 2250 enim
811 2209 855 2248 in
890 2214 1061 2250 annot.:
1111 2207 1385 2263 ‘quamquam
1416 2208 1461 2248 in
1505 2207 1657 2248 codice
1689 2215 1863 2250 vetusto
1903 2210 1964 2250 ita
2000 2208 2071 2250 le-

240 2266 380 2324 gatur’
413 2267 676 2324 (operibus),
729 2266 915 2308 arbitror
946 2273 1090 2309 tamen
1126 2266 1458 2322 corrigendum:
1497 2266 1684 2320 opibus?
1779 2268 1846 2311 16.
1882 2269 2072 2319 Quinctii

237 2327 302 2378 M,
336 2339 424 2368 non
457 2327 633 2380 Quintii.
731 2327 798 2368 17.
835 2326 946 2382 ipso]
977 2328 1071 2382 piso
1104 2325 1158 2368 M.
1244 2324 1312 2368 18.
1347 2325 1395 2368 P.
1433 2325 1708 2368 CORNELI
1737 2326 1929 2370 LIBER
1963 2327 2068 2369 .111.

243 2385 411 2428 FINIT
446 2392 460 2443 ῃ
505 2384 735 2428 INCIPIT
762 2384 950 2428 LIBER
983 2385 1113 2428 .ΙΙΙΙ.
1151 2385 1206 2427 Μ.

511 2485 558 2528 C.
618 2484 741 2528 Ateio
798 2485 1006 2542 Capitone
1060 2486 1108 2528 C.

782 2545 974 2587 Lipsms.

235 2487 397 2528 Romae
422 2500 433 2526 ι

244 2545 361 2588 Vibio
395 2544 587 2587 Postumo
622 2546 719 2587 cos‘.

324 2605 405 2646 cluo
423 2605 546 2660 pacis
574 2605 755 2646 decora.-
785 2604 838 2646 ‹le
863 2604 930 2646 his
951 2605 1112 2646 viden-

236 2662 314 2704 dus
353 2663 616 2717 Pomponius
659 2663 688 2705 l.
723 2666 751 2706 2
793 2665 837 2715 δ.
873 2663 928 2706 47
976 2664 1029 2706 D.
1063 2663 1113 2704 de

236 2723 384 2776 oryine
401 2723 507 2764 iuris
532 2722 574 2777 (l
596 2725 674 2778 2);
709 2722 762 2764 de
779 2722 983 2764 Labeone
1001 2722 1111 2764 Gell.

235 2779 253 2820 1
288 2779 434 2831 12‚1v
468 2783 509 2833 2,
551 2781 626 2822 Vll
663 2781 730 2833 15,
750 2780 846 2822 XIII
882 2783 936 2825 10
967 2787 1010 2822 et
1047 2782 1114 2832 12,

237 2837 289 2879 de
308 2837 519 2893 Capitone
549 2838 568 2879 1
603 2841 670 2890 12,
693 2840 727 2880 ΙΙ
755 2841 825 2891 2¹4,
843 2839 901 2880 lv
934 2839 962 2882 6
995 2845 1038 2881 et
1062 2841 1115 2882 10

238 2901 280 2936 et
314 2896 382 2939 14.
430 2898 607 2938 Sueton.
640 2897 694 2939 dc
725 2897 792 2941 111.
827 2911 1005 2954 gramm.
1040 2899 1112 2940 22.

323 2954 426 3008 Cap.
464 2956 534 2998 76.
600 2955 762 2998 Catone
793 2956 1003 2998 avunculo
1033 2971 1112 3012 ye-

201 3015 210 3027 ⁰
236 3013 353 3054 nita.-
395 3013 544 3056 Iuniae
587 3021 722 3057 mater
762 3015 946 3058 Servilia
988 3028 1112 3057 soror

237 3078 328 3114 erat
359 3072 490 3114 Marci
539 3071 741 3127 Catonis,
790 3087 898 3115 uxor
939 3071 1109 3117 Decimi

236 3129 346 3171 lunii
371 3132 522 3173 Silani.
574 3131 693 3175 Haec
722 3133 846 3175 lunia
878 3139 921 3175 et
940 3134 1107 3175 Marcus

235 3188 394 3230 Brutus
426 3190 576 3232 eadem
595 3197 730 3234 matre
754 3193 940 3234 Servilia
969 3193 1107 3247 geniti

236 3253 350 3299 sunt,
383 3248 460 3289 sed
491 3250 684 3301 pau-ibus
716 3251 929 3293 diversis:
971 3251 1105 3292 Bruto

237 3307 351 3347 enini
386 3312 507 3360 pater
539 3314 630 3349 crat
667 3310 722 3350 M.
756 3310 905 3351 Iunius
928 3313 1102 3351 Brutus.

236 3362 361 3416 Quod
413 3364 533 3406 Iunia
574 3373 670 3420 post
719 3367 914 3409 Cassium
960 3370 1107 3422 nupsit

235 3423 397 3477 Lepido
431 3425 678 3476 triumviro,
722 3425 805 3467 hoc
846 3425 1016 3467 Tacitus
1059 3431 1107 3466 ut

235 3483 374 3524 minus
403 3483 685 3526 memorabile
732 3486 969 3538 praeteriit.
1036 3483 1103 3526 Cf.

239 3541 433 3584 Velleius
465 3541 502 3584 11
533 3543 618 3586 88:
651 3542 748 3584 dum
776 3542 968 3586 ultimam
999 3542 1106 3585 bello

235 3598 413 3662 Act-iaco
437 3600 816 3662 Al-,eoeandrinoque
837 3602 1001 3648 caesar
1024 3603 1106 3659 im-

1192 2486 1314 2542 ponit
1354 2499 1549 2539 manum,
1602 2485 1661 2528 M.
1705 2487 1889 2543 Lepidus
1929 2488 2073 2541 forma

1197 2558 1322 2599 quam
1352 2551 1489 2586 mente
1518 2545 1684 2596 metior,
1718 2546 1871 2601 Lepidi
1887 2547 1976 2587 eius
2003 2547 2074 2600 qui

1197 2604 1393 2646 triumvir
1429 2607 1575 2659 suerat
1612 2606 1679 2646 rei
1724 2605 1922 2660 publicae
1965 2619 2072 2647 con-

1197 2664 1435 2705 stituendae
1462 2664 1591 2718 flius,
1620 2664 1750 2705 Iunia
1770 2665 1893 2706 Bruti
1922 2679 2073 2706 surm

1197 2729 1339 2775 uatus,
1370 2723 1670 2777 interficiendi,
1703 2723 1829 2765 sim-ul
1857 2725 1904 2765 in
1926 2724 2073 2765 urbem

1199 2782 1454 2834 revertisset,
1471 2782 1675 2823 Caesaris
1698 2783 1879 2824 consil-ia
1895 2783 2069 2825 inierat.

1273 2841 1425 2895 viginti
1445 2840 1783 2883 clarissimarum
1804 2841 2073 2897 familiarum

1196 2899 1405 2955 imagines
1451 2913 1508 2933 ⁶—-
1551 2901 1662 2955 quod
1710 2903 1870 2956 esfiyies
1926 2914 2073 2942 eorum

1195 2971 1283 2999 non
1314 2959 1586 3002 visebantur:
1633 2963 1880 3002 sententiae
1911 2962 1956 3002 in
1992 2973 2071 3002 ae-

1195 3022 1365 3059 ternum
1410 3018 1681 3073 splendentis
1715 3019 1879 3061 lumine
1912 3019 2069 3061 librum

1195 3076 1458 3118 concludere
1504 3077 1659 3118 voluit.
1723 3078 1838 3119 Idem
1887 3078 1994 3118 fecit
2026 3079 2069 3118 in

1194 3133 1279 3176 fine
1313 3134 1411 3176 libri
1445 3135 1625 3177 secundi
1648 3148 1698 3176 ac
1717 3136 1859 3189 primi,
1895 3134 1980 3176 hoc
2003 3140 2070 3176 est

1194 3195 1238 3234 in
1270 3195 1324 3234 iis
1357 3194 1480 3235 libris
1523 3194 1722 3234 omnibus
1767 3195 1838 3248 qui
1872 3194 2068 3235 florentis

1192 3251 1351 3292 Tiberii
1384 3252 1514 3292 rebus
1533 3251 1736 3293 destinati
1757 3258 1872 3293 sunt.
1907 3251 2069 3294 Contra

1190 3309 1352 3351 factum
1387 3316 1453 3351 est
1485 3311 1527 3350 in
1562 3310 1647 3352 fine
1683 3312 1809 3352 trium
1843 3310 2066 3380 librorum,

1191 3369 1263 3423 qui
1296 3373 1536 3423 sequuntur
1568 3370 1729 3429 quique
1755 3366 1985 3411 Caesarem
2022 3371 2066 3411 in

1194 3427 1318 3480 peius
1351 3432 1559 3468 mutatum
1594 3423 1843 3479 ostendunt,
1876 3428 1919 3470 id
1951 3428 2066 3484 quod

1190 3484 1291 3526 stilo
1337 3486 1380 3526 in
1421 3485 1616 3527 adversis
1653 3488 1716 3528 rei
1749 3486 1952 3541 publicae
1983 3487 2066 3528 de-

1190 3545 1322 3587 misso
1375 3543 1488 3587 bene
1534 3547 1755 3592 convenit.
1819 3545 2064 3598 Observcnt

1190 3602 1295 3665 talia
1321 3602 1633 3666 elegantiores,

914 3710 1441 3748 -ο--ὰ-ι-ι--ᾴ-
