2280 4004
210 279 305 344 naq
971 284 1270 330 ,ANNALivu

1783 301 1825 335 a.
1837 335 1839 338 Α
1853 297 1903 340 11.
1931 289 2038 341 8140.

210 425 373 493 Varro
395 431 465 479 ἰιι
497 427 667 480 ‘liberti
706 441 934 495 quoque,
974 430 1058 496 qui
1094 431 1187 484 sub
1225 432 1406 485 eodem
1445 437 1580 487 tecto
1618 433 1858 503 fuissent,
1895 436 2036 492 Italia

212 516 614 594 deportarentur.
669 517 722 570 Id
759 533 787 569 a
823 519 1050 587 principe
1087 521 1391 588 prohibitum
1425 529 1518 591 est,
1557 540 1624 578 ne
1650 537 1761 579 mos
1785 527 2042 595 antiquus,

210 623 356 677 quem
393 608 749 661 misericordia
786 625 891 662 non
928 612 1205 679 minuerat,
1242 630 1335 681 per
1369 617 1642 669 saevitiam>
1673 618 2036 672 intenderetur.

348 699 626 752 Damnatus
676 700 840 754 isdem
891 704 1193 777 consulibus.
1222 706 1505 774 Tarquitius
1550 709 1751 762 Priscus
1795 715 2123 778 repetun-ere

171 789 386 857 §darum
420 790 651 859 Bithynis
688 783 1153 863 interrogantibus,
1213 812 1399 867 magno
1450 804 1644 866 patrum
1681 802 1902 870 gaudio,
1952 804 2037 870 qui

209 887 503 937 accusa-tum
538 884 601 936 ab
646 900 708 938 eo
742 886 991 941 Statilium
1022 889 1235 942 Taurum
1271 891 1629 957 proconsulem
1666 893 1824 960 ipsius
1856 895 2041 948 memi-

206 979 403 1030 nerant.
477 975 688 1029 Census·
710 993 803 1044 per
832 979 1021 1032 Gallias
1060 995 1088 1032 a
1129 982 1315 1044 Quinto
1351 982 1561 1036 Volusio
1599 989 1649 1037 et
1685 984 1858 1038 Sextio
1893 986 2044 1040 Ati-i·-

209 1079 339 1118 cano
373 1066 728 1135 Trebellioque
763 1069 982 1123 Maximo
1024 1071 1123 1123 acti
1171 1078 1317 1139 sunt,
1380 1073 1591 1127 aemulis
1650 1078 1785 1128 inter
1837 1091 1894 1129 se
1943 1092 2039 1144 per

208 1156 523 1211 nobilitatem
562 1159 772 1212 Volusio
813 1166 964 1228 atque
998 1162 1277 1217 Africano.
1320 1165 1621 1219 Trebellium
1659 1165 1776 1218 dum
1824 1171 2037 1270 uterque

146 1218 196 1300 ao
210 1247 544 1318 dedignatur,
586 1266 736 1318 supra
776 1253 954 1306 tulere.

348 1341 424 1394 Eo
479 1356 612 1394 anno
670 1349 883 1396 mortem
936 1346 1063 1397 obiit
1099 1347 1360 1399 Memmius
1406 1349 1668 1416 Regulus,
1737 1350 2037 1405 auctoritate
2054 1355 2123 1406 4⁷

209 1433 496 1487 constantia
527 1434 677 1500 fama,
711 1435 763 1485 in
799 1441 1035 1502 quantum
1062 1439 1453 1503 praeumbrante
1479 1439 1800 1507 imperatoris
1830 1441 2041 1510 fastigio

207 1522 371 1590 datur,
419 1524 602 1591 clarUS,
642 1526 773 1578 adeo
808 1532 863 1578 ut
896 1529 1032 1580 Nero
1071 1544 1232 1597 aeger
1266 1530 1586 1598 valetudine,
1625 1537 1691 1584 et.
1713 1532 2070 1586 adulantibus*

208 1613 398 1669 circum
437 1615 521 1682 qui
556 1616 704 1668 finem
746 1617 958 1684 imperio
998 1619 1183 1672 adesse
1219 1620 1475 1688 dicebant,
1513 1621 1557 1674 si
1598 1622 1716 1689 quid
1755 1623 1860 1676 sato
1893 1629 2042 1691 pate-⁴

145 1723 191 1764 2⁵
206 1712 363 1775 retur,
402 1709 728 1776 responderit
766 1710 957 1764 habere
981 1712 1261 1764 subsidium
1297 1728 1403 1766 rem
1432 1713 1702 1781 publicam,
1741 1716 2041 1784 rogantibus

206 1799 395 1855 dehinc
451 1800 503 1853 in
558 1815 655 1870 quo
716 1802 1062 1870 potissimum,
1121 1804 1379 1857 addiderit
1435 1805 1489 1856 in
1538 1806 1773 1859 Memmio
1823 1807 2038 1877 Regulo.

1854 1977 1898 2020 4.
1930 1975 2043 2020 idem

326 1975 369 2017 3.
402 1973 600 2016 seuitiam
632 1973 711 2016 Ma.
812 1973 1117 2016 incenderetur
1146 1971 1240 2016 Ma:
1274 1974 1466 2016 correxit
1496 1974 1748 2017 Rhenanus.

206 2031 295 2077 Ma.
397 2035 438 2077 5.
473 2034 574 2088 quia
604 2031 684 2075 Ma.
812 2032 853 2076 6.
884 2033 1142 2089 proconsule
1174 2031 1262 2076 Ma:
1297 2033 1331 2075 G
1360 2034 1675 2090 proconsulem.
1800 2036 1840 2078 7.
1875 2036 1925 2089 Q.
1958 2035 2039 2079 Ma.

211 2095 280 2136 11.
312 2093 397 2136 obit
426 2092 517 2135 Md:
552 2093 586 2135 G
618 2093 733 2134 obiit.
828 2094 896 2136 13.
932 2092 1208 2135 valetudinae
1239 2090 1320 2145 Ma,
1353 2092 1588 2136 valitudine
1622 2093 1670 2137 G.
1775 2094 1844 2138 15.
1875 2108 1968 2138 rem
1993 2109 2039 2153 p.

207 2151 289 2197 Ma.
374 2153 441 2197 16.
474 2152 702 2195 addiderat
734 2150 800 2195 Ma
836 2165 932 2194 cum
967 2153 1151 2195 ceteris:
1196 2153 1387 2195 correxit
1415 2152 1699 2198 Puteolanus.

299 2308 407 2366 Cap.
439 2311 512 2355 45.
569 2327 650 2369 per
681 2314 906 2356 saevitiam
937 2313 1082 2356 inten-

209 2372 411 2415 deretur.-
447 2371 648 2414 codicum
681 2374 941 2428 scripturam
964 2386 989 2415 a
1014 2386 1084 2416 me

210 2431 316 2474 olim
348 2436 561 2473 retentam
588 2433 672 2474 iam
695 2434 870 2488 reliqui,
903 2438 1084 2487 recepta

208 2491 411 2536 Rhenani
445 2492 713 2535 coniectura.
775 2493 884 2534 Nam
927 2492 1084 2534 incen-

211 2552 314 2594 dere
347 2550 400 2592 de
433 2551 563 2592 rebus
596 2553 833 2607 verbisque
863 2552 949 2593 dici
982 2553 1084 2607 qui-

213 2611 312 2653 dem
343 2615 516 2664 potest,
560 2611 637 2652 sed
679 2613 739 2653 ita
781 2618 828 2651 ut
860 2610 1085 2652 hominum

209 2670 502 2724 spectantium
535 2669 607 2711 vel
642 2671 911 2711 audientium
945 2671 1009 2712 ira
1043 2675 1086 2711 et

210 2728 396 2772 affectus
421 2734 694 2772 moveantur.
752 2730 825 2771 Sic
857 2729 978 2771 123:
1011 2730 1085 2769 in..

211 2787 417 2830 vendebat
448 2787 557 2829 ltaec
587 2789 699 2843 fletu,
733 2788 775 2829 h.
810 2802 849 2831 e.
876 2787 980 2830 fletu
1015 2787 1085 2829 ef-

212 2847 320 2891 fecit
352 2852 399 2888 ut
431 2847 485 2889 iis
519 2861 632 2903 quae
665 2847 835 2889 dixerat
856 2847 1084 2889 audientes

211 2906 567 2948 incenderentur.
630 2906 667 2947 11
705 2908 783 2949 13:
815 2907 1008 2948 incendit
1035 2920 1087 2947 ea

213 2964 472 3007 contumelia
491 2965 704 3020 leqionum
721 2966 827 3006 iras.
860 2967 941 3008 82:
971 2965 1087 3021 vulyl

213 3038 430 3066 sermones
455 3025 604 3065 audita
629 3038 743 3065 mors
761 3025 965 3065 incendit.
1001 3024 1085 3065 Sed

215 3084 303 3126 alia
336 3083 465 3125 huius
501 3084 583 3125 loci
619 3090 771 3124 natura
799 3090 888 3125 est:
923 3083 1085 3138 quippe

214 3155 301 3185 non
320 3144 424 3185 iram
448 3142 669 3184 hominum
692 3144 894 3197 princeps
918 3143 1086 3194 metuit,

214 3202 292 3245 sed
323 3203 455 3243 moris
489 3203 655 3257 antiqui
689 3203 865 3243 nimiam
911 3200 1085 3243 acerbi-

215 3267 348 3303 tatem
380 3261 613 3315 prohibere
646 3260 803 3302 voluit.
868 3260 961 3302 Hoc
994 3265 1087 3302 erat

214 3336 269 3362 ne
304 3346 356 3352 —-—
390 3321 710 3371 intenderetur,
756 3320 784 3361 i.
832 3334 871 3361 e.
920 3333 975 3360 ne
1015 3319 1084 3359 di-

217 3381 408 3422 strictior
445 3379 655 3421 acriorve
678 3379 829 3431 fieret,
862 3385 910 3419 ut
941 3378 979 3419 ΙΙ
1014 3379 1082 3429 57,

218 3440 277 3480 lv
313 3438 383 3481 26.
450 3439 499 3480 lt.
534 3439 550 3479 I
586 3438 642 3480 24
674 3444 717 3479 et
748 3438 821 3490 89,
854 3436 891 3478 11
921 3439 991 3479 54.

309 3497 412 3552 Cap.
447 3499 518 3539 46.
581 3497 712 3538 isdem
745 3496 1009 3538 consulibus:
1042 3509 1082 3537 v.

220 3557 272 3597 ad
306 3556 322 3597 Ι
358 3559 428 3599 53.
533 3563 781 3598 accusatum
810 3555 863 3596 ab
898 3569 946 3596 eo
980 3556 1083 3596 Sta-

220 3615 353 3655 tilium
391 3616 601 3666 Taurum:
637 3629 674 3655 v.
709 3616 782 3655 xil
816 3615 886 3656 59.
978 3628 1083 3669 pro-

220 3674 432 3715 consulem
452 3675 609 3729 ἐρείπει
637 3675 690 3715 ef.
718 3678 864 3717 annot.
891 3672 977 3728 adl
1013 3674 1081 3717 75.

1167 2312 1353 2356 Medicei
1406 2313 1666 2372 proconsule
1717 2327 1770 2356 ex
1832 2313 2039 2371 neglecto

1169 2373 1428 2427 compendio
1467 2374 1752 2431 proconsule,
1796 2379 1844 2415 ut
1886 2374 2041 2416 est-in

1169 2433 1328 2475 ceteris
1361 2433 1509 2487 libris,
1554 2438 1853 2488 procreatum;
1890 2433 1936 2475 id
1963 2445 2045 2476 re-

1169 2493 1355 2547 quiritur
1384 2499 1564 2548 propter
1595 2493 1786 2535 additum
1818 2493 1965 2550 ipsius.

1259 2566 1409 2595 census
1450 2553 1539 2596 acti
1579 2559 1706 2595 sunt.-
1757 2552 1847 2609 leg.
1890 2556 2039 2595 annot.

1169 2611 1222 2652 ad
1251 2612 1270 2653 1
1294 2613 1367 2655 31.

1259 2668 1364 2725 Cap.
1397 2669 1470 2712 47.
1531 2668 1799 2725 yymnasium
1827 2694 1882 2701 —
1916 2667 2040 2710 dedi-

1169 2735 1339 2770 catum.-
1374 2727 1491 2770 conf.
1511 2728 1595 2770 Dio
1627 2726 1720 2769 LXI
1749 2729 1822 2771 21.
1885 2726 2043 2769 Philo-

1168 2793 1326 2829 stratus
1359 2789 1402 2829 in
1426 2789 1519 2830 vita
1537 2786 1684 2841 Apoll.
1709 2785 1769 2828 IV
1800 2789 1874 2830 42.
1926 2786 2041 2829 Sue-

1168 2849 1314 2889 tonius
1346 2847 1447 2889 Ner.
1485 2848 1553 2890 12.
1626 2845 1721 2887 Hoc
1765 2846 2040 2901 gymnasium

1172 2906 1329 2947 additis
1373 2906 1555 2948 thermis
1600 2906 1644 2947 in
1693 2917 1847 2959 campo
1895 2905 2041 2947 Martis

1170 2965 1458 3007 aedificatum.
1522 2964 1710 3007 Beckeri
1731 2963 1956 3007 Euenit-id.
1984 2963 2037 3006 A.

1172 3024 1295 3066 Rom.
1333 3031 1361 3065 t.
1396 3025 1413 3065 1
1446 3037 1488 3077 p.
1518 3023 1607 3066 684
1637 3036 1730 3078 sqq.
2004 3059 2006 3062 .

1254 3084 1576 3138 praebitumque
1621 3081 1758 3124 oleum
1807 3082 1938 3136 equiti
1986 3094 2042 3123 ac

1169 3143 1364 3183 senatui.-
1399 3141 1449 3183 ‘si
1498 3141 1644 3182 oleum
1677 3140 1840 3195 populo
1874 3145 2040 3182 tantum

1170 3200 1430 3253 praebitum,
1462 3199 1574 3241 nihil
1607 3211 1768 3241 novum
1804 3205 1880 3241 aut
1902 3199 2054 3242 Grae-'

1171 3260 1401 3301 canicum:
1437 3258 1640 3313 praebuit
1672 3264 1775 3300 ante
1807 3259 1853 3302 P.
1873 3258 2038 3314 Scipio,

1171 3331 1296 3372 quem
1352 3317 1540 3360 aedilem
1607 3317 1782 3359 dedisse
1833 3319 2038 3374 congium

1170 3377 1257 3417 olei
1293 3379 1335 3419 in
1370 3378 1494 3419 vicos
1526 3377 1726 3432 singulos
1747 3377 1872 3419 Livio
1906 3378 2036 3418 credo

1170 3436 1286 3477 XXV
1321 3440 1363 3481 2.
1425 3436 1556 3478 Dedit
1589 3442 1633 3478 et
1665 3435 1712 3479 G.
1748 3434 1909 3478 Caesar
1939 3441 2038 3489 post

1170 3496 1398 3537 victoriam
1410 3495 1659 3536 Africanam
1676 3509 1686 3535 :
1707 3494 1788 3540 τόν
1803 3508 1854 3537 τε
1873 3495 2034 3553 δῆμον,

1170 3556 1310 3609 inquit
1357 3554 1440 3596 Dio
1492 3554 1625 3595 XLlll
1679 3555 1763 3606 31,
1812 3554 2037 3612 λαμπρῶς

1171 3614 1378 3658 εἱστίασε
1426 3617 1503 3657 καὶ
1543 3621 1675 3658 σῖτον
1718 3614 1802 3662 ἔξω
1839 3612 1923 3655 τοῦ
1962 3625 2035 3654 τε-

1171 3677 1403 3732 ταγμένου
1437 3675 1517 3717 καὶ
1552 3674 1711 3717 ἔλαιον
1733 3670 2038 3727 προσέδωκεν
