2280 4004
200 279 231 319 a
257 269 306 317 (ἲ.
339 271 422 317 ⁵9..
811 272 978 319 LIBER
1006 272 1123 318 xlv.
1184 271 1290 319 car.
1323 273 1455 318 4—6.
1937 275 2024 320 1¹79

201 413 451 467 inclinare
484 417 632 481 atque
662 413 730 466 ita
755 428 936 467 navem
966 414 1313 483 submergere.
1374 413 1474 468 Sed
1500 413 1819 481 neque'ipsis
1851 416 2027 482 prom-

201 510 312 572 ptus
348 505 402 556 in
435 519 543 557 rem
578 504 794 557 subitam
830 513 1130 571 consensus,
1170 509 1220 557 et
1252 504 1337 556 alii
1371 509 1546 557 contra
1581 505 1799 558 nitentes
1837 505 2027 558 dedere

202 594 490 647 facultatem
526 595 737 647 lenioris
776 596 829 646 in
866 611 1005 648 mare
1033 595 1213 647 iactus.
1288 596 1473 647 Verum
1509 596 1813 661 Acerronia,
1851 596 2029 663 inpru-

203 685 372 738 dentia
425 685 541 736 dum
593 699 651 736 se
703 685 1035 753 Agrippinam
1094 699 1211 738 esse
1263 690 1417 752 utque
1470 686 1826 739 subveniretur
1881 687 2030 740 matri

199 775 444 842 principis
498 775 747 840 clamitat,
809 776 974 827 contis
1027 780 1077 827 et
1109 776 1264 828 remis
1317 781 1369 827 et
1421 791 1551 842 quae
1606 778 1715 829 fors
1758 777 2066 844 obtulerant

200 865 466 918 navalibus
523 865 638 918 telis
692 865 972 918 conficitur.
1066 866 1347 934 Agrippina
1402 867 1590 933 silem,
1651 882 1817 934 eoque
1862 868 2026 921 minus

202 957 427 1024 adgnita,
464 971 616 1007 unum
649 961 819 1009 tamen
852 957 1031 1009 vulnus
1066 957 1276 1010 humero
1314 958 1530 1025 excepit.
1601 958 1802 1024 Nande,
1840 959 2027 1012 deinde

202 1060 422 1099 occursu
456 1046 840 1100 lenunculorum
880 1047 1150 1099 Lucrinum
1185 1047 1239 1098 in
1278 1047 1442 1099 lacum
1482 1052 1659 1113 vecta,
1715 1049 1867 1101 villae
1901 1064 2027 1101 suae

150 1137 441 1203 Ginfertur‚
495 1137 599 1188 illic
640 1142 880 1203 reputans
929 1137 1050 1189 ideo
1087 1153 1145 1190 se
1189 1137 1455 1190 fallacibus
1503 1137 1683 1190 litteris
1719 1140 1935 1191 accitam
1975 1145 2025 1192 et

200 1228 398 1281 honore
429 1228 707 1295 praecipuo
742 1228 999 1295 habitam,
1062 1229 1300 1296 quodque
1335 1229 1452 1280 litus
1491 1229 1661 1295 iuxta,
1721 1245 1827 1282 non
1863 1233 2093 1286 ventism

201 1324 333 1386 acta,
366 1332 470 1372 non
505 1319 643 1372 saxis
682 1319 895 1387 impulsa
921 1321 1081 1373 navis.
1103 1334 1296 1373 summa
1321 1321 1400 1373 s-ui
1434 1326 1576 1388 parte
1601 1321 1757 1374 veluti
1783 1326 2028 1376 terrestre

200 1410 654 1463 machinamentum
678 1411 1008 1478 concidisset,
1026 1412 1308 1466 observans
1332 1413 1481 1465 etiam
1493 1412 1811 1466 Acerroniae
1829 1429 2027 1480 necem,

201 1501 350 1561 simul
377 1515 521 1554 suum
545 1502 726 1554 vulnus
751 1503 1005 1569 aspiciens
1019 1520 1035 1567 ;
1072 1503 1236 1556 solum
1262 1503 1562 1556 insidiarum
1587 1505 1866 1558 remedium
1893 1520 2028 1570 esse,

200 1593 245 1648 si
276 1607 380 1645 non
411 1593 840 1660 intellegerentur.
912 1595 1148 1661 Misitque
1182 1595 1416 1647 libertum
1437 1595 1736 1663 Agerinum,
1775 1596 1859 1662 qui
1895 1609 2028 1647 nun-

200 1683 350 1736 tiaret
384 1683 487 1735 filio
522 1684 840 1752 benignitate
875 1684 1024 1737 deum
1067 1690 1118 1737 et
1154 1686 1358 1738 fortuna
1396 1686 1505 1738 eius
1548 1686 2090 1754 evasissegravemts

202 1788 409 1840 casum3
473 1788 624 1828 orare
662 1781 718 1827 ut
758 1776 988 1842 quamvis
1029 1777 1257 1842 periculo
1311 1778 1486 1829 matris
1523 1778 1791 1829 exterritus
1827 1778 2028 1830 visendi

202 1881 374 1918 curam
402 1866 632 1919 differret
648 1884 664 1932 3
702 1867 800 1919 sibi
830 1866 893 1918 ad
918 1882 1163 1934 praesens
1192 1868 1361 1935 quiete
1396 1883 1539 1935 opus.
1609 1868 1776 1935 Atque
1811 1869 2030 1935 interim,

318 2021 359 2063 2.
395 2019 495 2061 dere
526 2017 619 2074 Ma,
652 2020 697 2061 in
728 2033 816 2077 mg.
853 2034 876 2062 c
909 2020 948 2062 d’
979 2034 1121 2063 mere:
1155 2020 1189 2063 G
1221 2021 1402 2063 demere.
1553 2022 1595 2064 3.
1629 2021 1906 2076 inprudentia
1936 2011 2027 2064 Ma:

201 2078 446 2135 imprudens
478 2079 526 2122 G.
633 2079 674 2122 5.
711 2093 788 2133 que
820 2078 901 2123 Ma.
1025 2087 1110 2137 opt.
1141 2079 1223 2122 Ma.
1347 2082 1388 2123 7.
1423 2087 1510 2121 tam
1537 2093 1634 2121 cum
1666 2080 1743 2122 lin.
1777 2094 1909 2135 super
1940 2080 2025 2123 litt.

200 2152 242 2180 m
271 2136 353 2181 Ma.
478 2138 520 2181 9.
554 2137 690 2195 vulgo
722 2139 926 2194 infertur.
988 2139 1089 2181 Illic
1120 2145 1164 2182 et
1199 2152 1299 2180 mox
1333 2141 1437 2195 (14)
1484 2138 1860 2196 intelleq-erentur‚
1899 2141 2027 2183 misit.

206 2200 274 2240 11.
305 2197 587 2299 itqpulsamalvla.
685 2198 753 2240 14.
786 2197 1139 2255 intelleqerentur
1170 2197 1250 2253 Ma,
1283 2210 1371 2240 non
1403 2198 1584 2255 intelliq.
1681 2199 1749 2241 15.
1783 2199 1922 2257 deum]
1959 2199 2027 2242 <lm

207 2269 304 2299 cum
355 2269 416 2299 m.
521 2289 530 2299 .

200 2397 390 2456 papillas
440 2411 600 2453 quoque
650 2399 919 2442 exosculatus
964 2398 1074 2441 reli-

204 2472 330 2513 quum
347 2460 546 2514 temporis
569 2473 663 2500 cum
689 2472 850 2515 maqna
880 2459 1074 2515 trepida-

204 2519 318 2560 tione
346 2517 553 2573 viqilavit.
597 2518 720 2560 Adde
732 2518 862 2561 Dion.
884 2518 974 2560 th
1004 2519 1071 2561 13.

314 2575 419 2631 Cap.
474 2577 517 2619 5.
598 2591 726 2619 ruere
782 2584 936 2619 tectum
989 2577 1075 2619 loci

203 2635 332 2678 multo
360 2635 530 2692 plumbo
573 2650 733 2692 qrave:
780 2636 925 2679 locum
969 2635 1075 2677 dicit

205 2696 251 2736 in
281 2707 447 2737 summa
477 2697 579 2738 navi
611 2707 699 2737 non
730 2696 883 2750 procul
908 2695 1073 2751 guber-

204 2753 398 2807 naculis,
455 2754 530 2796 ubi
592 2754 734 2797 lectus
785 2756 1071 2811 Agrippinae.

205 2810 384 2855 Tectum
432 2812 609 2866 plumbo
655 2827 790 2869 grave
840 2814 1074 2857 Suetonius

205 2870 236 2914 l.
271 2884 310 2913 c.
360 2884 576 2913 cameram
617 2874 818 2914 vocavit:
865 2871 1076 2914 solutilem

205 2942 373 2982 navem,
406 2930 525 2971 cuius
548 2929 615 2972 vel
635 2932 870 2987 naufragio
901 2931 970 2973 vel
995 2944 1075 2972 ca..

206 3002 352 3040 merae
374 2989 506 3031 ruina
524 2990 702 3045 periret,
717 2997 972 3033 commentus
998 2997 1073 3032 est.

209 3047 276 3090 De
319 3053 536 3090 structura
576 3063 670 3091 cum
700 3075 757 3083 -
788 3063 915 3092 ruere
956 3049 1074 3093 conf.

211 3112 360 3149 annot.
392 3106 445 3149 ad
477 3107 515 3148 11
545 3108 618 3150 31.

293 3179 424 3208 unum
461 3167 510 3207 in
550 3165 661 3209 latus
700 3167 918 3210 inclinare
953 3174 1076 3222 atque

207 3224 272 3267 ita
292 3238 443 3266 navem
458 3225 726 3282 submerqere
737 3240 752 3268 .·
784 3226 877 3268 noli
894 3226 1076 3269 verbum

208 3280 426 3332 inclinare
470 3283 636 3326 referre
676 3284 730 3327 ad
770 3299 954 3337 navem,
999 3283 1077 3327 sed

209 3342 409 3395 absolute
466 3343 654 3396 positum
707 3345 890 3399 accipe,
942 3343 987 3386 h.
1037 3357 1078 3385 e.

212 3414 441 3456 corporum
483 3414 658 3444 suorum
704 3403 900 3456 pondere
940 3415 992 3444 ac
1031 3403 1076 3443 vi

211 3461 273 3504 ita
313 3463 395 3503 niti
438 3463 578 3503 visum
621 3466 687 3503 est
717 3461 986 3518 remigibus,
1030 3466 1078 3502 ut

212 3521 338 3564 navis
378 3521 423 3562 in
470 3520 582 3563 latus
629 3533 758 3563 versa
787 3525 1078 3577 mergeretur.

211 3568 321 3623 Ram
361 3579 446 3622 boc
490 3586 533 3622 et
578 3580 812 3623 collocatio
844 3579 1078 3623 verborum

216 3630 260 3684 et
299 3639 415 3684 usus
443 3639 578 3700 'l'aciti
619 3639 788 3686 suadet.
837 3638 919 3709 Cf.
952 3637 972 3684 1
1002 3638 1076 3696 64,

1158 2398 1218 2440 111
1251 2399 1321 2451 74,
1355 2397 1411 2440 XI
1445 2399 1473 2442 9
1505 2403 1550 2440 et
1582 2398 1652 2450 10,
1688 2397 1764 2440 ΧΠ
1801 2399 1855 2442 13
1879 2403 1923 2440 et
1955 2399 2029 2452 39,

1158 2458 1237 2500 XV
1269 2459 1341 2501 21.
1405 2458 1457 2500 H.
1503 2457 1561 2500 111
1603 2458 1659 2500 23
1703 2463 1746 2498 et
1790 2458 1844 2501 27
1881 2464 1923 2500 et
1954 2459 2027 2503 83.

1159 2515 1209 2559 Ο.
1248 2517 1315 2559 18.
1364 2516 1411 2558 ld
1443 2529 1529 2558 non
1561 2516 1672 2557 vidit
1703 2516 2028 2568 Doederlinius‚

1159 2589 1255 2618 cum
1287 2577 1533 2630 suspicatus
1557 2581 1624 2618 est
1637 2575 1857 2617 inclinare
1878 2590 2031 2618 navem

1158 2642 1282 2690 atque
1312 2635 1377 2676 ita
1406 2636 1706 2691 submerqere‚
1737 2648 1881 2691 neque
1912 2636 2030 2677 Bez-

1158 2694 1403 2751 zenberger
1439 2697 1508 2737 cui
1536 2695 1703 2750 placuit
1725 2694 1919 2736 scribere
1951 2696 2026 2736 in·-

1160 2753 1328 2796 clinare
1382 2762 1520 2797 ratem
1573 2761 1698 2809 atque
1746 2755 1810 2795 ita
1855 2761 2032 2796 nantem

1158 2813 1424 2866 subvertere,
1473 2812 1547 2856 vel
1604 2820 1729 2867 atque
1774 2812 2031 2855 inclinatam

1158 2872 1416 2914 subvertere.

1256 2928 1360 2986 Cap.
1401 2930 1444 2973 6.
1510 2927 1639 2973 villae
1683 2944 1786 2972 suae
1821 2931 2027 2989 insertur,

1159 2989 1253 3031 illic
1282 2996 1513 3046 reputans.-
1545 2990 1681 3047 vulgo
1715 2996 1813 3046 post
1841 2991 2030 3046 insertur

1160 3051 1422 3091 sententiam
1457 3049 1753 3104 concludunt,
1786 3061 1874 3105 quo
1904 3048 1951 3089 fit
1983 3054 2030 3090 ut

1160 3107 1293 3163 paulo
1325 3113 1425 3163 post
1455 3120 1533 3162 pro
1565 3109 1758 3164 misitque
1805 3107 2029 3148 codicibus
2055 3130 2058 3139 ι

1159 3168 1311 3208 invitis
1343 3172 1416 3208 aut
1446 3167 1559 3208 misit
1592 3165 1808 3207 ediderint
1848 3171 2028 3207 auctore

1160 3225 1398 3277 Rhenano,
1442 3231 1518 3266 aut
1554 3226 1796 3266 retinentes
1836 3224 2029 3279 misitque

1159 3283 1467 3325 soloecismum
1533 3283 1819 3335 admiserint,
1888 3282 2028 3325 veluti

1158 3341 1410 3384 Waltherus
1454 3348 1498 3383 et
1538 3340 1744 3384 Orethus.
1807 3341 2027 3383 Audacius

1158 3399 1521 3457 Bezzenberger:
1552 3401 1785 3442 remedium
1811 3414 1899 3442 esse
1924 3414 2028 3442 sen-

1159 3460 1235 3513 sit,
1291 3461 1331 3501 si
1384 3473 1473 3501 non
1521 3459 1889 3516 intelligerentur,
1941 3462 2027 3502 mi-

1159 3519 1293 3574 sitque
1338 3518 1410 3560 tib.
1475 3518 1673 3574 Misitque
1704 3520 1749 3561 in
1780 3520 2030 3562 sententiae

1159 3578 1376 3633 principio
1431 3575 1525 3621 fere
1573 3577 1688 3621 idem
1739 3577 1860 3620 valet
1913 3577 2031 3635 quod

1159 3638 1304 3697 itaque
1333 3637 1462 3683 misit.
1510 3636 1578 3684 Cf.
1611 3642 1761 3697 annot.
1795 3632 1930 3698 adVIV
1952 3639 2037 3694 21.
