2222 4022
936 272 1083 315 cmvi.-
1115 272 1247 318 3-5.
1946 269 2004 313 XI

133 431 168 479 5
324 418 482 478 Quam
533 415 921 481 disputationem
961 419 1016 463 ut
1056 413 1164 464 Tito
1218 413 1498 479 imperante
1549 411 1832 479 evulgatam
1888 426 2004 463 esse

185 508 246 559 ab
284 512 494 559 auctore
526 510 771 568 statuam,
811 505 890 555 his
924 504 1233 571 argumentis
1269 503 1352 554 vel
1386 503 1547 570 signis
1587 502 1817 553 inducor.
1894 503 2006 568 Ipse

185 599 316 651 enim
359 612 470 648 cum
509 597 688 648 scribit
728 603 802 661 (c.
850 599 904 661 1)
939 595 987 646 si
1023 595 1141 645 mihi
1176 611 1278 645 non
1320 595 1787 656 disertissimorum,
1825 599 1880 643 ut
1910 608 2007 643 no-

183 689 304 740 stris
341 686 662 752 lemporibus‚
702 686 950 736 hominum
987 701 1153 737 sermo
1189 686 1488 751 repetendus
1527 690 1678 748 esset,
1718 699 1843 749 quos
1881 700 2008 735 ean-

183 779 294 830 dem
325 778 458 828 hanc
495 770 836 843 quaestionem
856 771 1246 843 'pertractantes
1282 777 1480 826 iuvenis
1518 776 1781 827 admodum
1816 774 2006 838 audivi,

184 870 435 923 sermonis
473 870 630 920 habiti
663 874 735 931 (a.
780 870 846 921 75
886 886 912 920 a
954 869 1099 931 Chr.)
1138 874 1187 920 et
1224 868 1346 920 editi
1399 869 1522 920 satis
1579 867 1792 934 amplum
1846 867 2009 918 inter-

182 960 367 1012 vallum
408 975 522 1011 esse
556 961 797 1026 temporis
846 960 1122 1023 indicavit,
1174 960 1516 1025 Vespasianus
1558 964 1721 1009 autem
1762 959 1823 1009 ab
1865 963 2008 1010 sexto

183 1067 277 1114 sup
317 1051 581 1103 consulatu
635 1066 739 1102 non
796 1051 895 1102 nisi
934 1055 1169 1116 quattuor
1230 1064 1390 1100 annos
1438 1051 1491 1099 iu
1527 1051 1657 1099 vivis
1715 1049 2007 1114 permansit.

183 1143 323 1195 Idem
366 1143 418 1192 in
463 1142 587 1207 illis,
654 1157 785 1208 quae
848 1142 911 1192 de
946 1141 1244 1206 Vespasiani
1289 1141 1340 1190 in
1375 1140 1578 1206 Eprium
1616 1139 1904 1191 Marcellum
1964 1145 2014 1190 et

183 1233 382 1286 Vibium
426 1233 681 1296 Crispum,
734 1230 1075 1281 delationibus
1111 1230 1315 1281 Nerone
1368 1230 1597 1295 principe
1655 1229 1892 1279 factitatis
1932 1229 2014 1280 fa-

190 1339 395 1387 mosos,
443 1337 546 1373 non
587 1322 739 1373 modo
791 1321 1028 1387 patientia
1064 1320 1155 1371 sed
1209 1321 1397 1387 insigni
1440 1320 1618 1371 favore
1670 1335 1712 1370 c.
1750 1320 1783 1371 8
1832 1319 1957 1370 dixit
1978 1325 2009 1383 ¹,

185 1414 318 1466 hunc
356 1413 590 1465 modeste
628 1413 827 1478 quidem
864 1417 913 1463 et
951 1412 1120 1463 addita
1163 1411 1518 1474 excusatione,
1574 1410 1663 1460 sed
1707 1415 1874 1460 tamen
1913 1424 2014 1459 nou

185 1505 403 1556 obscure
428 1504 755 1570 vituperavit:
787 1503 915 1554 haec
941 1502 1371 1554 adulescentulum
1402 1502 1626 1552 honores
1655 1501 2017 1565 capessiturum

185 1601 235 1648 et
257 1597 466 1662 primam
500 1596 741 1661 principis
766 1594 1158 1645 benivolentiam
1197 1598 1280 1644 aut
1318 1597 1576 1658 expertum
1602 1597 1686 1642 aut
1718 1592 1817 1643 iam
1856 1591 2021 1642 ambi-

182 1693 345 1739 turum
371 1687 616 1738 adversus
645 1688 998 1753 imperatorem
1020 1702 1161 1758 suum
1193 1693 1275 1738 aut
1299 1687 1675 1753 potentissimos
1698 1687 1806 1737 eius
1827 1687 2018 1737 amicos

185 1794 358 1831 ausum
395 1794 527 1843 esse,
557 1795 584 1829 a
618 1779 728 1829 veri
757 1780 929 1844 specie
961 1779 1176 1830 alienum
1200 1779 1417 1843 videtur,
1442 1778 1532 1830 sed
1560 1779 1652 1829 sub
1677 1778 1778 1829 filio
1807 1793 2020 1829 succes-

185 1884 305 1921 sore
331 1868 593 1920 offendere
629 1869 804 1920 eadem
834 1884 937 1920 non
967 1874 1216 1935 poterant,
1268 1870 1383 1934 quia
1410 1874 1458 1920 et
1494 1869 1756 1920 moderate
1793 1873 1842 1919 et
1873 1873 2018 1919 caute

186 1959 382 2026 prolata
434 1965 606 2025 erant,
667 1966 716 2011 et
756 1960 883 2012 alter
920 1960 1177 2011 hominum
1229 1960 1517 2011 nocentium
1559 1959 1880 2025 (Marcellus)
1925 1960 2017 2010 sub

193 2052 342 2103 finem
373 2051 683 2118 principatus
730 2052 1031 2117 Vespasiani
1069 2052 1436 2102 coniurationis
1474 2051 1687 2101 crimine
1726 2051 2023 2101 conciderat

195 2143 316 2204 (Dio
373 2158 450 2208 ap.
490 2142 796 2208 Xiphilinum
836 2144 987 2194 LXVI
1043 2143 1161 2207 16),
1221 2142 1347 2193 alter
1386 2142 1616 2207 (Vibius)
1667 2148 1716 2193 et
1769 2143 1906 2208 ipse,
1968 2147 2021 2192 ut

196 2234 410 2286 credere
446 2233 596 2298 licet,
655 2235 757 2283 vita
794 2235 993 2285 functus
1032 2239 1114 2283 aut
1158 2238 1274 2299 post
1308 2234 1503 2284 socium
1555 2238 1604 2284 et
1646 2234 1858 2284 amicum
1897 2248 2020 2299 pro-

191 2329 399 2376 stratum
435 2325 554 2375 novi
596 2325 839 2390 principis
878 2325 1055 2376 favore
1094 2325 1320 2376 deiectus
1360 2329 1482 2375 erat.
1557 2325 1748 2376 Rursus
1789 2340 1878 2374 cur
1918 2339 2020 2374 non

193 2416 391 2467 demum
438 2415 727 2466 Domitiano
791 2431 959 2466 rerum
1021 2416 1245 2481 potiente
1302 2416 1435 2466 hunc
1493 2431 1781 2467 sermonem
1834 2414 2018 2466 editum

192 2522 308 2559 esse
360 2507 673 2570 existimem,
733 2523 791 2557 ea
848 2522 1000 2558 causa
1054 2521 1360 2572 permoveor
1412 2506 1546 2572 quod
1587 2511 1932 2573 argumentum
1974 2510 2023 2556 et

193 2597 335 2649 stilus
374 2598 579 2662 Tacito,
620 2598 822 2664 antiqua
864 2598 1098 2663 probanti
1138 2602 1187 2649 et
1226 2598 1527 2661 admiranti,
1566 2597 1853 2662 praesentia
1890 2596 2022 2647 tole-

192 2690 323 2740 ranti
400 2694 450 2739 et
508 2689 671 2755 aliqua
745 2690 1052 2740 necessitate
1108 2689 1299 2754 requiri
1356 2694 1405 2739 et
1474 2689 1709 2739 excusari
1775 2688 2019 2751 credenti,
2067 2741 2072 2756 ι

196 2780 422 2846 quamvis
462 2780 585 2832 satis
622 2781 958 2845 conveniant,
1024 2785 1190 2831 tamen
1230 2781 1281 2830 in
1333 2780 1667 2846 dispositione
1704 2778 2015 2844 quaestionis

196 2885 318 2922 suae
367 2871 433 2920 ita
483 2872 670 2936 pendet
712 2873 774 2922 ab
805 2872 1077 2922 Hortensio
1120 2871 1386 2922 Ciceronis
1433 2876 1581 2936 atque
1631 2870 1683 2919 in
1738 2869 2024 2920 elocutione

197 2976 308 3013 eam
348 2943 569 3012 ostendit
620 2962 899 3014 ubertatem
952 2968 1000 3014 et
1048 2963 1298 3028 quandam
1349 2962 1584 3013 iuvenilis
1638 2961 1814 3012 aetatis
1857 2961 2021 3011 abun-

288 3127 326 3168 1.
364 3125 508 3167 Verba
550 3131 676 3166 sunt:
717 3126 810 3166 sine
853 3139 1066 3167 commen-

200 3184 374 3226 datione
412 3185 645 3237 natalium,
697 3186 788 3226 sine
830 3186 1068 3227 substantia

198 3244 479 3298 facultatum,
530 3250 681 3284 neuter
722 3245 908 3286 moribus
943 3259 1067 3300 epre-

199 3303 318 3357 9ius,
362 3301 472 3342 alter
503 3301 648 3343 habitu
681 3316 839 3357 quoque
877 3305 1068 3360 corporis

201 3367 460 3416 contemptus
479 3392 490 3410 ,
521 3374 599 3415 per
633 3362 780 3403 multos
812 3365 899 3404 iam
933 3377 1069 3404 annos

198 3420 476 3475 potentissimi
506 3426 602 3460 sunt
635 3421 833 3474 civitatis,
867 3448 921 3454 —
953 3436 1067 3462 nunc

196 3479 414 3534 principes
434 3479 478 3518 in
504 3478 707 3519 Caesaris
725 3482 918 3520 amicitia
936 3488 1066 3535 ayunt

200 3540 424 3591 feruntque
473 3545 648 3589 cometa,
708 3546 830 3592 alque
879 3539 930 3578 ab
977 3541 1065 3594 ipso

198 3597 395 3652 principe
442 3609 534 3638 cum
587 3596 770 3651 quadam
825 3599 1068 3639 reverentia

1153 3126 1403 3182 ddiyuntur,
1430 3126 1530 3181 quia
1561 3125 1858 3182 Vespasianus,
1891 3138 2023 3166 vene-

1151 3187 1303 3228 rabilis
1329 3200 1459 3227 senece
1484 3193 1522 3226 et
1550 3187 1884 3240 patientissimus
1915 3184 2021 3236 veri,

1154 3247 1257 3287 bene
1289 3245 1497 3300 intellegit
1530 3251 1692 3285 ceteros
1713 3244 1877 3298 quidem
1909 3243 2022 3282 ami-

1155 3319 1225 3346 cos
1257 3319 1352 3346 suos
1385 3305 1437 3344 iis
1467 3306 1560 3353 niti,
1596 3317 1703 3356 quae
1737 3304 1788 3342 ab
1819 3304 1909 3356 ipso
1944 3314 2022 3341 ac·-

1155 3365 1368 3419 ceperinl,
1408 3387 1462 3394 --
1498 3362 1755 3402 Marcellum
1801 3367 1940 3401 autem
1985 3368 2022 3400 et

1156 3424 1351 3477 Crispum
1366 3420 1555 3462 attulisse
1572 3421 1629 3461 ad
1643 3422 1877 3462 amicitiam
1887 3434 2020 3471 suam,

1154 3482 1263 3535 quocl
1293 3495 1380 3520 non
1413 3494 1439 3520 a
1457 3480 1653 3535 principe
1678 3480 1922 3537 acceperint
1944 3492 2023 3520 ne-

1154 3554 1230 3594 que
1263 3540 1404 3596 accipi
1430 3540 1576 3595 possit.
