2280 4004
270 288 358 338 112
863 288 866 290 ·
952 287 957 289 ·
1047 285 1339 338 ΑΝΝΑιῙνΜ
1842 316 1882 346 a.
1907 283 1958 348 a.
1985 283 2094 351 sor:

410 440 642 492 Ceterum
681 438 903 505 peractis
938 438 1172 492 tristitiae
1216 440 1539 495 imitamentis
1581 443 1771 496 curiam
1808 444 2143 513 ingressus,4

269 535 319 582 et
357 529 421 582 de
458 529 756 581 auctoritate
793 534 988 596 patrum
1029 536 1078 582 et
1113 545 1368 584 consensu
1401 533 1609 586 militum
1643 536 1919 602 praefatus,
1965 552 2095 589 con-

270 622 383 675 silia
425 621 523 672 sibi
561 626 611 672 et
647 621 874 688 exempla
912 623 1213 689 capessendi
1267 626 1479 693 egregie
1528 626 1726 694 imperii
1774 629 2090 695 memoravit,

266 725 431 778 neque
463 715 717 764 iuventam
759 714 911 765 armis
952 710 1185 775 civilibus
1227 720 1312 767 aut
1350 716 1644 770 domesticis
1683 719 1959 773 discordiis
1995 721 2093 774 im-

228 802 467 869 sbutam3
507 803 642 856 nulla
675 804 820 870 odia,
856 804 1019 857 nullas
1057 805 1270 859 iniurias
1301 823 1398 859 nec
1433 810 1719 876 cupidinem
1754 812 1962 865 ultionis
1998 814 2095 866 ad-

264 896 419 948 ferre.
491 897 612 948 Tum
647 897 862 948 formam
888 897 1040 949 futuri
1074 897 1386 965 principatus
1415 903 1759 969 praescripsit,
1789 918 1850 956 ea
1877 905 2094 958 maxime

266 987 560 1054 declinans,
624 1003 837 1055 quorum
886 1004 1071 1041 recens
1129 990 1378 1058 flagrabat
1431 992 1638 1045 invidia.
1712 994 1826 1047 Non
1866 996 2000 1048 enim
2036 1011 2094 1050 se

265 1081 589 1148 negotiorum
626 1080 846 1132 omnium
878 1080 1108 1133 iudicem
1147 1082 1287 1147 fore,
1324 1088 1377 1134 ut
1415 1083 1600 1136 clausis
1635 1100 1786 1138 unam
1824 1087 1956 1140 intra
1996 1088 2096 1140 do-

264 1189 397 1226 mum
447 1174 829 1226 accusatoribus
884 1179 932 1226 et
979 1174 1083 1226 reis
1132 1189 1406 1240 paucorum
1458 1178 1681 1242 potentia
1738 1184 2064 1246 grassaretur
2078 1197 2093 1244 3

204 1266 390 1317 :onihil
427 1266 479 1317 in
512 1266 778 1333 penatibus
814 1266 920 1318 suis
957 1267 1139 1319 venale
1178 1272 1262 1318 aut
1300 1268 1562 1319 ambitioni
1597 1270 1856 1336 pervium3
1894 1271 2096 1324 discre-

266 1360 366 1408 tam
397 1357 599 1409 domum
630 1361 680 1409 et
713 1373 820 1409 rem
850 1357 1115 1423 publicam.
1191 1358 1407 1410 Teneret
1431 1360 1635 1426 antiqua
1659 1362 1827 1413 munia
1864 1367 2069 1415 senatus
2079 1379 2095 1427 ;

268 1449 531 1502 consulum
565 1448 901 1501 tribunalibus
932 1449 1072 1500 Italia
1101 1454 1150 1501 et
1178 1449 1413 1516 publicae
1445 1451 1743 1517 provinciae
1769 1452 2092 1506 adsisterent.

267 1539 342 1593 llli
382 1545 577 1608 patrum
614 1540 803 1592 aditum
838 1540 1173 1607 praeberent:
1231 1556 1289 1593 se
1325 1541 1576 1594 mandatis
1614 1543 1924 1597 exercitibus
1965 1559 2096 1597 con-

264 1632 522 1684 sulturum.
614 1633 720 1685 Nec
769 1632 928 1684 defuit
965 1632 1122 1698 fides,
1181 1633 1435 1700 multaque
1472 1634 1683 1687 arbitrio
1721 1641 1926 1689 senat-us
1966 1642 2144 1694 con-5

201 1733 248 1775 15
263 1725 432 1777 stituta
468 1729 607 1777 sunt:
660 1739 727 1776 ne
764 1724 876 1790 quis
915 1723 980 1775 ad
1017 1739 1219 1776 causam
1270 1725 1514 1777 orandam
1551 1727 1789 1780 mercede
1827 1732 1911 1780 aut
1944 1728 2094 1781 donis

264 1821 549 1880 emeretur3
603 1831 668 1868 ne
708 1815 988 1883 designatis
1030 1816 1383 1882 quaestoribus
1424 1817 1610 1869 edendi
1646 1818 1959 1886 gladiatores
1998 1835 2096 1873 ne-

264 1909 479 1960 cessitas
519 1913 672 1960 esset.
747 1907 893 1969 Quod
933 1907 1134 1974 quidem
1173 1908 1479 1960 adversante
1506 1907 1804 1977 Agrippina,
1841 1915 2092 1978 tamquam

263 2006 375 2052 acta
405 2000 602 2052 Claudii
638 1984 1072 2065 subverterentur,
1111 1999 1376 2052 obtinuere
1412 2005 1606 2067 patres3
1650 2001 1734 2068 qui
1770 2002 1821 2052 in
1852 2001 2093 2054 Palatium

264 2091 328 2142 ob
375 2091 426 2143 id
471 2090 818 2155 vocabantur,
884 2096 939 2141 ut
991 2096 1180 2143 astaret
1227 2091 1413 2143 obditis
1468 2108 1495 2143 a
1547 2096 1695 2160 tergo
1745 2093 1938 2145 foribus
1976 2093 2092 2145 velo

195 2196 249 2235 20
266 2182 506 2250 discreta,
551 2181 684 2250 quod
723 2183 885 2234 visum
921 2187 1137 2248 arceret,
1179 2183 1379 2234 auditus
1413 2197 1516 2234 non
1545 2183 1806 2236 adimeret.
1879 2184 2010 2247 Quin
2047 2190 2096 2238 et

383 2360 426 2402 2.
461 2360 668 2400 consensit
698 2354 786 2399 Ma:
822 2355 855 2399 G
888 2367 1111 2400 consensu.
1224 2358 1266 2400 3.
1302 2356 1557 2414 capescendi
1587 2355 1667 2400 Ma.
1775 2362 1818 2402 4.
1855 2364 1990 2414 neque
2021 2359 2095 2401 in-

262 2424 432 2462 ventam
463 2416 544 2461 Ma.
664 2417 816 2458 inbuta
848 2415 936 2469 Ma,
982 2417 1146 2459 imbuta
1179 2414 1225 2459 G.
1347 2418 1388 2460 5.
1433 2418 1510 2474 aff.
1546 2416 1618 2460 Or.
1745 2419 1813 2461 10.
1846 2418 1983 2461 nichil
2013 2418 2093 2462 Ma.

267 2479 336 2520 11.
371 2492 521 2534 remp.
555 2475 636 2519 Ma.
764 2478 830 2522 12.
866 2491 950 2519 ass.
987 2475 1058 2519 Or.
1187 2476 1253 2519 16.
1289 2478 1454 2531 quidem
1485 2484 1645 2532 quaest.
1679 2475 1746 2519 Ma
1778 2490 1875 2519 cum
1908 2479 2094 2521 ceteris:

262 2537 548 2578 emendarunt
583 2536 761 2578 Ursinus
796 2541 838 2577 et
869 2535 1110 2578 Acidalius.
1240 2537 1305 2578 17.
1341 2544 1458 2591 tanq.
1494 2535 1573 2578 Ma.
1699 2537 1764 2580 19.
1799 2545 1967 2580 assaret
2002 2538 2093 2581 31³¹:

262 2595 296 2637 G
330 2597 536 2638 adstaret.
635 2596 786 2637 obditis
813 2595 1014 2649 Lipsius:
1049 2594 1116 2637 Ma
1149 2600 1191 2636 et
1222 2594 1255 2636 B
1290 2595 1460 2648 additis,
1496 2595 1530 2637 G
1560 2595 1728 2648 abditis,
1762 2595 1795 2638 1.
1817 2595 1886 2640 Fr.
1922 2596 2094 2639 Grono-

260 2656 360 2697 vius
394 2655 548 2697 obdito.
643 2655 714 2698 20.
749 2654 919 2695 auditus
953 2654 1149 2708 Lipsius:
1188 2652 1291 2696 GMa
1322 2655 1477 2707 aditus,
1509 2667 1646 2710 marg.
1670 2654 1796 2698 Bodl.
1830 2655 2033 2699 auditum.

344 2794 448 2848 Cap.
479 2793 522 2837 4.
587 2793 770 2836 consilia
805 2794 885 2836 sibi
917 2800 955 2835 et
990 2808 1135 2835 eccem-
1299 2793 1497 2850 publicae
1544 2795 1825 2851 provinciae:
1887 2795 2092 2851 publicae

257 2852 362 2911 pla:
396 2860 627 2908 utrumque
660 2853 714 2895 de
739 2854 938 2909 Augusto
972 2853 1134 2895 dictum
1221 2855 1477 2908 provinciae
1510 2860 1609 2895 sunt
1631 2855 1783 2910 populi
1809 2861 2090 2912 senatusque,

262 2916 449 2968 accipio.
487 2912 553 2955 Cf.
589 2912 686 2954 XIV
720 2914 777 2956 53
810 2919 854 2954 et
885 2914 954 2956 55.
1021 2914 1135 2956 Sue-
1220 2914 1263 2954 in
1298 2926 1405 2969 quas
1429 2914 1715 2968 proconsules
1738 2920 1856 2957 sorte
1885 2914 2091 2958 destinati

261 2979 352 3015 ton.
391 2973 490 3015 Ner.
531 2973 612 3016 10:
654 2979 779 3027 atque
820 2979 866 3013 ut
909 2973 1136 3014 certiorem
1220 2974 1474 3026 mittuntur-3
1525 2986 1567 3016 v.
1622 2973 1676 3015 ad
1721 2974 1740 3016 1
1781 2975 1852 3018 74.
1916 2974 2008 3017 Hae
2053 2975 2090 3016 si

262 3032 404 3074 adhuc
435 3031 621 3073 indolem
653 3031 916 3083 ostenderet,
952 3046 1004 3072 ecc
1039 3033 1133 3074 Au-
1219 3032 1464 3086 praesidem
1497 3045 1721 3086 accusare,
1755 3039 1853 3075 acta
1889 3035 1983 3076 eius
2015 3046 2090 3075 re..

260 3094 372 3149 yusti
415 3092 684 3148 praescripto
734 3091 1042 3147 imperaturum
1089 3105 1134 3132 se
1219 3091 1420 3133 scindere
1472 3091 1637 3145 velint,
1694 3098 1768 3134 aut
1817 3092 1936 3135 aliud
1987 3092 2091 3148 quid

256 3155 477 3209 professus
510 3157 595 3193 cet.
659 3150 748 3192 Alii
782 3150 969 3191 consilia
992 3151 1133 3193 Sene-
1220 3151 1453 3205 impetrare
1487 3152 1689 3205 cupiant,
1730 3163 1815 3193 non
1857 3151 2088 3194 Caesarem

263 3225 355 3253 cain
392 3210 477 3252 dici
518 3210 791 3266 Burrumque
836 3211 1134 3252 existimantes
1219 3210 1343 3262 adiri,
1377 3216 1424 3251 ut
1456 3216 1573 3263 ante,
1607 3210 1685 3252 sed
1718 3211 1923 3254 consules
1956 3225 2089 3254 sena-

260 3283 348 3312 non
368 3271 935 3325 reputaveruntorationem
949 3269 1134 3312 Neronis
1218 3274 1396 3325 tumque
1428 3268 1542 3310 Nero
1578 3271 1720 3313 iussit.

262 3331 315 3372 ab
350 3332 446 3384 ipso
481 3331 650 3373 Seneca
689 3330 975 3384 compositam
1010 3342 1132 3372 esse:
1311 3343 1356 3370 sc
1386 3329 1601 3371 inundatis
1634 3330 1890 3373 exercitibus
1913 3329 2087 3372 consul-

262 3390 319 3432 cl'.
355 3403 391 3431 c.
429 3391 456 3432 3
489 3395 532 3431 et
571 3391 638 3432 11.
701 3389 785 3430 Dio
819 3389 911 3431 LXI
947 3390 989 3432 3.
1218 3394 1381 3430 turum.-
1413 3388 1610 3431 modeste
1643 3390 1855 3432 exercitus
1878 3388 1983 3432 dicit
2009 3399 2086 3443 pro

359 3462 412 3489 ea
460 3450 643 3490 maxime
702 3447 953 3491 declinans.-
1004 3447 1044 3489 h.
1092 3461 1130 3489 e.
1220 3445 1418 3490 Caesaris
1440 3449 1695 3503 provinciis,
1710 3462 1820 3505 quae
1839 3461 1936 3491 cum
1956 3460 2087 3490 exer-

261 3519 308 3550 se
343 3507 660 3549 declinaturum
697 3521 793 3549 esse
826 3508 1061 3562 spondens.
1219 3507 1377 3549 citibus
1412 3520 1540 3549 curae
1573 3509 1783 3563 principis
1813 3507 2084 3549 commissae.

349 3580 438 3607 non
470 3569 582 3609 enim
615 3582 659 3608 se
692 3592 746 3598 —
778 3569 973 3623 potentia
1003 3578 1132 3622 yras-
1217 3565 1301 3608 Dio
1335 3567 1448 3621 apud
1480 3566 1652 3636 Xiphil.
1673 3566 1763 3608 LXI
1794 3568 1848 3609 3·
1879 3566 2086 3610 τοσαῦτα

261 3632 458 3666 saretur:
498 3627 555 3669 cf.
590 3626 648 3668 Xt
681 3628 710 3670 2
742 3632 785 3668 et
818 3627 859 3681 5,
893 3626 969 3669 XII
999 3628 1058 3671 22
1091 3630 1134 3666 et
1219 3625 1268 3667 δὲ
1310 3632 1387 3670 καὶ
1438 3621 1559 3683 πρὸς
1605 3642 1688 3678 την
1731 3624 1918 3694 βουλήν,
1967 3625 2086 3683 πρὸς

263 3683 320 3729 53
354 3689 398 3725 et
426 3683 497 3727 61.
1217 3685 1298 3728 τοῦ
1316 3689 1519 3734 Σεγέκου
1549 3691 1628 3731 καὶ
1666 3681 1784 3729 αὐτὰ
1818 3688 2082 3748 γραφέντα,
