2280 4004
978 81 983 85 .
1029 81 1056 105 ..
1140 85 1157 118 f
1286 66 1321 132 st
1414 47 1461 108 s>
1484 72 1531 124 ἢ.
1728 72 1735 86 ‹
1786 51 1861 109 c
1943 94 1946 100 .
1988 50 2068 105 ..45
2113 64 2134 104 x.

877 127 898 145 μ
915 120 933 135 ιμ
1008 99 1229 159 ,ᾠμῑὶὲἒχᾶμειῖ
1388 100 1451 126 ’ΨΜ
1472 104 1486 125 ³²
1528 103 1550 125 (Ξ
1675 94 1712 123 ι’*
1822 101 1839 115 ’τ’
1851 102 1894 119 ³³5
2003 108 2010 113 ’
2048 112 2072 119 “”’
2121 108 2136 118 ””

1201 152 1218 177 ,.

261 330 286 364 a
318 317 365 361 G.
399 322 473 365 20.
865 319 1027 365 LIBER
1057 318 1128 365 111.
1169 317 1273 361 Car.
1307 319 1497 364 21—23.
2002 317 2089 367 ,18⁵

259 467 450 529 rentur,
488 463 738 519 transtulit
774 464 836 516 ad
880 464 1133 529 consuleS,
1167 478 1331 529 neque
1370 476 1462 528 per
1495 464 1742 514 tormenta
1780 458 2089 527 interrogari

260 569 439 620 passus
485 560 561 607 est
598 555 662 608 de
701 555 763 607 iis
807 571 936 622 quae
975 555 1039 607 ad
1077 555 1279 607 domum
1318 570 1460 606 suam
1494 553 1820 620 pertinerent.
1893 551 2091 604 Exemit

263 646 413 698 etiam
466 647 683 699 Drusum
742 647 1001 701 consulem
1057 647 1375 714 designatum
1449 644 1698 696 dicendae
1754 643 1917 710 primo
1973 642 2088 695 loco

263 738 573 801 sententiae3
624 738 758 804 quod
797 738 881 789 alii
918 738 1065 790 civile
1102 738 1376 801 rebantur,
1440 752 1505 788 ne
1548 735 1731 788 ceteris
1771 733 2089 787 adsentiendi

264 830 545 883 necessitas
581 830 741 895 fieret,
781 830 982 896 quidam
1019 830 1082 881 ad
1122 829 1384 881 saevitiam
1420 828 1716 880 trahebant:
1756 840 1921 894 neque
1957 826 2127 878 enims

178 932 250 980 23
266 936 526 974 cessurum
556 921 654 972 nisi
696 921 967 973 damnandi
1005 922 1193 972 officio.
1267 920 1455 986 Lepida
1492 919 1725 971 ludorum
1765 918 1961 984 diebuS,
2005 918 2089 985 qui

258 1013 610 1080 ,cognitionem
630 1014 1024 1077 intervenerant,
1041 1013 1287 1064 theatrum
1310 1027 1420 1063 cum
1447 1012 1600 1063 claris
1624 1011 1823 1063 feminis
1838 1011 2091 1078 ingressa,

264 1103 620 1156 lamentatione
659 1104 813 1156 flebili
851 1104 1072 1155 maiores
1128 1117 1248 1155 suos
1303 1102 1443 1154 ciens
1482 1103 1745 1169 ipsumque
1785 1101 2091 1167 Pompeium,

266 1196 408 1248 cuius
449 1212 507 1247 ea
541 1196 847 1249 monimenta
886 1201 936 1247 et
974 1195 1232 1246 adstantes
1268 1194 1516 1261 imagines
1555 1194 1865 1259 visebantur,
1904 1197 2093 1244 tantum

185 1309 192 1316 ·
265 1286 651 1338 misericordiae
689 1287 938 1353 permovit
972 1291 1025 1337 ut
1074 1285 1222 1337 effusi
1270 1285 1321 1335 in
1359 1285 1596 1336 lacrimas
1650 1300 1805 1336 saeva
1857 1289 1907 1336 et
1949 1283 2158 1336 dete-io

265 1378 443 1431 standa
494 1378 705 1440 Quirino
748 1378 1087 1442 clamitarent,
1147 1377 1287 1427 cuius
1326 1381 1566 1428 senectae
1619 1380 1769 1442 atque
1807 1374 2010 1427 orbitati
2046 1380 2095 1425 et

266 1470 659 1522 obscurissimae
714 1469 884 1520 domui
926 1469 1177 1520 destinata
1217 1468 1470 1534 quondam
1514 1481 1645 1519 uxor
1685 1466 1841 1517 Lucio
1880 1465 2091 1518 Caesari

265 1577 326 1613 ac
368 1561 487 1612 divo
526 1562 757 1628 Augusto
800 1575 956 1611 nurus
998 1559 1284 1612 dederetur.
1360 1559 1489 1610 Dein
1526 1558 1789 1610 tormentis
1827 1573 2095 1610 servorum

265 1652 514 1718 patefacta
549 1656 666 1703 sunt
704 1651 912 1718 flagitia,
954 1651 1173 1716 itumque
1208 1650 1260 1699 in
1302 1650 1604 1701 sententiam
1641 1648 1858 1700 Rubellii
1896 1647 2092 1713 Blandi,

266 1759 294 1794 a
345 1757 443 1809 quo
493 1757 621 1808 aqua
672 1747 822 1808 atque
877 1742 985 1809 igni
1041 1741 1325 1793 arcebatur.
1418 1741 1548 1792 Huic
1601 1742 1794 1792 Drusus
1849 1739 2092 1806 adsensit,
2115 1754 2159 1792 ιε

383 1911 424 1951 2.
462 1908 512 1949 de
541 1909 614 1964 iis]
650 1907 747 1949 Diis
776 1907 831 1949 Μ.
895 1907 936 1950 4.
971 1908 1134 1951 sentiae
1166 1909 1220 1950 M.

263 1968 326 2009 M:
363 1967 493 2010 tacite
527 1968 717 2008 correxit
747 1966 934 2021 Lipsius.
1021 1970 1088 2011 12.
1122 1967 1172 2011 L.
1195 1969 1249 2011 M.

264 2026 364 2070 belli
382 2027 438 2070 M.
504 2027 571 2070 15.
606 2027 743 2081 adque
773 2027 829 2069 M.

1313 1909 1356 1951 8.
1398 1909 1536 1950 sciens
1567 1909 1622 1950 M.
1691 1909 1758 1952 10.
1793 1906 2097 1950 misericordia

1331 1968 1398 2013 14.
1432 1969 1767 2024 llaqitiatumque
1799 1968 1847 2009 in
1880 1968 1935 2011 Μ.
2000 1967 2097 2009 Ru..

265 2160 308 2199 in
340 2163 494 2198 senatu
524 2157 785 2198 sententiam
810 2157 970 2210 primus
1001 2168 1135 2212 roga-

264 2217 403 2269 batur,
437 2216 509 2257 ubi
543 2216 696 2257 consul
716 2215 976 2257 relationem
1000 2218 1135 2258 susti..

264 2277 410 2318 nebat.
453 2275 550 2317 Vid.
583 2274 642 2316 111
673 2274 744 2327 49,
777 2274 833 2316 XI
864 2275 905 2327 5,
939 2275 1038 2316 XlV
1062 2275 1136 2318 48.

265 2335 461 2378 Sallustii
481 2334 610 2376 Catil.
635 2335 704 2378 50.
723 2334 912 2388 Appian.
928 2333 1022 2375 civ.
1044 2333 1134 2377 115.

355 2452 458 2509 Cap.
493 2455 564 2498 23.
627 2467 679 2494 ea
709 2453 998 2494 monimenta:
1034 2453 1140 2493 dicit

263 2513 479 2555 theatrum
528 2513 666 2568 (idem
713 2512 922 2566 templum
963 2511 1138 2554 Veneris

273 2573 484 2624 Victricis,
510 2573 640 2613 etiam
662 2571 871 2625 templum
902 2570 1137 2629 Victoriae)

261 2632 309 2672 in
352 2631 478 2674 Circo
528 2630 741 2673 Flaminio
792 2629 1070 2672 aedificatum
1114 2644 1138 2671 a

262 2691 467 2744 Pompeio
502 2696 545 2732 et
577 2690 629 2732 ab
671 2703 723 2731 eo
761 2691 917 2731 iterum
958 2689 1139 2731 consule

265 2749 397 2806 (699)
431 2749 692 2792 dedicatum.
740 2748 837 2790 Vid.
861 2748 944 2790 Dio
966 2747 1139 2790 XXXIX

263 2809 335 2862 38,
368 2808 438 2849 XL
472 2809 542 2852 50.
607 2807 825 2850 Plutarch.
859 2807 1067 2861 Pompeio
1099 2822 1136 2849 c.

263 2868 334 2910 52.
367 2867 545 2909 Tei-tull.
572 2867 625 2909 de
645 2867 789 2921 Spect.
819 2867 887 2909 10.
921 2866 1138 2907 Asconius

264 2927 307 2966 in
340 2925 567 2967 Ciceronis
588 2926 864 2967 Pisonianam
882 2925 1062 2981 Argum.
1098 2931 1140 2966 et

263 2983 316 3025 ad
348 2998 385 3026 c.
421 2985 492 3027 27.
538 2983 692 3026 Cicero
726 2984 779 3025 ad
809 2982 962 3026 Famil.
984 2983 1062 3024 VII
1099 2987 1137 3036 1,

263 3042 317 3084 de
331 3043 416 3085 Off.
429 3042 467 3084 ΙΙ
493 3042 545 3085 16
558 3049 601 3083 et
620 3045 686 3086 17.
710 3043 912 3084 Valerius
930 3042 1139 3083 Maximus

263 3101 302 3143 ll
325 3103 413 3145 46.
448 3101 580 3143 Tacit.
601 3101 656 3143 111
689 3103 759 3153 72,
780 3100 839 3143 IV
874 3102 914 3153 7,
934 3100 1031 3142 XIV
1065 3104 1137 3146 20.

265 3160 429 3202 Plinius
468 3159 637 3214 v1149,
674 3159 773 3202 VIII
791 3161 830 3213 7,
863 3160 1041 3202 XXXIV
1069 3162 1136 3204 18.

268 3219 466 3261 Velleius
487 3219 616 3262 1148.
662 3218 767 3261 Cum
792 3221 966 3261 tertium
986 3220 1138 3261 consul

267 3283 383 3318 esset
424 3278 654 3331 Pompeius
689 3280 848 3334 (702),
892 3279 1138 3320 dedicatum

267 3349 364 3377 esse
426 3335 592 3377 Gellius
648 3342 691 3378 et
749 3337 883 3378 Varro
939 3337 1138 3378 tradunt:

267 3394 377 3436 Gell.
396 3394 433 3435 X
457 3395 494 3436 1.
520 3393 584 3434 Ex
608 3395 734 3435 novis
749 3407 889 3436 rerum
911 3397 1139 3449 scriptori-

266 3453 345 3494 bus
367 3454 480 3494 hunc
498 3454 769 3506 antiquitatis
783 3453 926 3494 locum
945 3454 1139 3509 diligen-

266 3517 332 3553 ter
364 3517 739 3566 pertractaverunt
763 3511 1051 3554 Drumannus.
1088 3512 1137 3553 H.

267 3570 391 3613 Rom.
425 3570 532 3613 t.1v
566 3583 606 3624 p.
636 3570 885 3623 520—523,
919 3570 1139 3611 Beckerus

272 3631 316 3671 in
353 3628 610 3673 Euchiridio
659 3629 759 3672 Ant.
795 3630 918 3672 Rom.
969 3635 1072 3671 tom.
1122 3629 1137 3670 1

270 3700 312 3742 p.
345 3688 430 3734 665
461 3702 556 3747 sqq.
600 3687 728 3733 Falsa
759 3690 948 3733 narravit
967 3689 1139 3744 Lipsius

1222 2156 1274 2198 de
1314 2169 1451 2210 anuo,
1499 2169 1584 2212 quo
1637 2158 1679 2197 id
1718 2158 2030 2199 monimentum
2074 2172 2098 2201 a

1221 2216 1428 2270 Pompeio
1473 2217 1693 2257 conditum
1733 2218 1812 2269 sit,
1862 2218 1907 2257 in
1946 2225 2095 2260 annot.

1221 2275 1274 2316 ad
1306 2275 1404 2317 XIV
1437 2277 1494 2319 20
1527 2281 1569 2317 et
1601 2275 1701 2317 inde
1734 2276 1943 2330 deceptus
1973 2278 2098 2319 Wal-

1221 2334 1370 2376 therus
1403 2335 1457 2376 ad
1489 2335 1531 2376 h.
1552 2335 1598 2387 l.,
1620 2333 1810 2377 Orellius
1833 2335 1886 2378 ad
1904 2335 2001 2378 XIV
2025 2338 2097 2380 20.

1222 2394 1330 2435 Ludi
1364 2396 1437 2450 qui
1483 2401 1776 2436 memorantur
1818 2397 1967 2451 magni
1999 2402 2099 2437 sunt

1223 2454 1317 2495 sive
1350 2454 1556 2505 Romani,
1602 2459 1648 2494 ut
1681 2455 1882 2507 videtur,
1917 2467 2100 2510 quorum

1223 2513 1394 2554 initium
1443 2512 1582 2566 pridie
1626 2525 1762 2554 nonas
1806 2514 2099 2568 Septembres,

1224 2571 1320 2613 finis
1356 2572 1495 2625 pridie
1529 2572 1624 2613 idus
1656 2573 1850 2614 eiusdem
1882 2576 2061 2615 mensis.

1313 2631 1634 2672 obscurissimae
1668 2633 1833 2674 domui:
1868 2631 2099 2677 cs.11148.

1315 2691 1409 2732 divo
1469 2689 1657 2746 Auqusto
1714 2705 1878 2733 nurus.-
1941 2692 2102 2734 Lucius

1224 2750 1462 2804 adoptione
1498 2749 1612 2791 filius
1646 2758 1737 2792 erat
1768 2751 1971 2808 Augusti.
2035 2751 2099 2792 Eo

1224 2810 1403 2863 respicit
1453 2809 1604 2851 titulus
1665 2812 1708 2851 in
1760 2809 1854 2851 basi
1915 2816 2099 2865 statuae,

1224 2881 1336 2923 quae
1374 2874 1439 2909 est
1469 2867 1675 2924 Bergomi
1707 2869 1914 2911 Pudentis
1949 2869 2101 2912 Gram-

1223 2928 1387 2980 matici,
1422 2926 1666 2982 descriptus
1699 2928 1924 2971 aGrutero
1957 2929 2044 2972 653
2074 2931 2127 2972 2·

1226 2986 1365 3040 (apud
1419 3000 1546 3041 quem
1595 3000 1820 3042 perperam
1869 2987 2100 3032 ATTEIVS

1224 3045 1539 3103 inculcatum),
1574 3046 1740 3088 Orellio
1773 3061 1816 3090 n.
1850 3047 1951 3091 639.

1313 3118 1427 3159 aqua
1459 3112 1583 3159 atque
1615 3107 1706 3162 iyni
1732 3107 1988 3149 arcebatur:
2020 3120 2100 3148 ar-

1225 3163 1400 3205 cebatur
1430 3165 1598 3217 posuit,
1631 3179 1717 3206 non
1749 3166 2100 3216 interdicebatur,

1226 3224 1466 3264 evitaturus
1503 3236 1655 3264 vocem
1689 3225 1863 3265 solitam
1911 3230 1953 3264 et
1990 3225 2100 3264 iuri-

1225 3281 1380 3322 dicam.
1446 3281 1516 3321 Sic
1561 3283 1691 3323 etiam
1738 3296 1775 3323 c.
1823 3283 1879 3325 50
1917 3296 2031 3337 aqua
2063 3289 2102 3324 et

1223 3340 1316 3394 iyni
1332 3345 1550 3381 arceatur.
1602 3339 1895 3382 Interdicendi
1919 3341 2100 3382 verbum

1225 3398 1412 3451 legimus
1455 3398 1497 3437 in
1547 3398 1627 3438 hac
1671 3411 1717 3438 re
1760 3398 1907 3441 11138
1951 3405 1992 3440 et
2026 3399 2099 3451 68,

1224 3455 1281 3496 lv
1322 3457 1392 3504 21,
1430 3455 1483 3496 Vl
1517 3457 1568 3497 18
1604 3462 1646 3496 et
1678 3457 1751 3509 30,
1786 3457 1862 3499 Xll
1895 3460 1968 3510 42,
2004 3457 2101 3501 XIV

1223 3515 1294 3556 41.
1360 3513 1404 3553 ln
1449 3527 1500 3555 ea
1545 3514 1729 3556 formula
1779 3529 1952 3571 semper
1992 3519 2099 3572 iqui,

1224 3584 1308 3611 non
1359 3574 1483 3627 ique,
1531 3574 1751 3616 scribitur.
1814 3574 1910 3629 Ipsa
1959 3588 2100 3630 poena

1225 3630 1403 3673 exilium
1437 3638 1519 3684 est,
1551 3632 1629 3675 sed
1655 3647 1707 3675 ea
1732 3636 1850 3677 varie
1874 3639 1946 3676 aut
1970 3635 2099 3677 leniri

1223 3696 1296 3733 aut
1325 3691 1493 3734 intendi
1523 3698 1682 3747 potest.
