2280 4004
228 286 256 319 a
285 273 334 319 C.
366 277 439 322 23.
795 273 960 318 LIBER
989 273 1066 318 IV.
1128 273 1234 317 ΟΑΡ.
1272 275 1458 318 10--12.
1963 275 2055 317 245

227 427 326 475 tam
367 422 596 474 infensus
659 420 819 473 extitit
870 425 925 471 ut
960 419 1162 472 Tiberio
1208 419 1521 482 obiectaret,
1584 432 1695 469 curn
1744 417 1912 470 omnia
1955 417 2053 470 alia

228 514 588 580 conquirerent
623 513 1060 578 intenderentque.
1145 511 1266 564 Mihi
1302 510 1535 562 tradendi
1577 509 1926 577 arguendique
1961 525 2053 561 ru-

226 605 381 657 moris
438 619 589 656 causa
629 604 719 655 fuit
754 608 809 654 ut
846 603 984 655 claro
1026 603 1118 654 sub
1158 602 1389 668 exemplo
1440 601 1595 653 falsas
1631 601 1917 652 auditiones
1957 601 2052 671 de-

225 696 498 763 pellerem,
561 700 885 761 peteremque
924 694 987 746 ab
1035 694 1098 745 iis
1156 708 1368 760 quorum
1406 693 1459 743 in
1505 707 1682 744 manus
1720 708 1841 744 cura
1874 696 2050 743 nostra

226 787 448 851 venerit,
511 786 768 853 divulgata
817 791 966 853 atque
1004 785 1323 837 incredibilia
1362 800 1426 836 ne
1479 784 1628 836 avide
1666 788 1876 850 accepta
1910 784 2090 835 veriss

223 868 388 945 neque
423 878 475 928 in
510 877 804 928 miraculum
843 877 1094 943 corruptis
1135 876 1488 928 antehabeant.
1642 880 1645 882 ’

139 965 208 1015 12
266 984 275 1000 ⁴
363 969 595 1021 Ceterum
649 968 887 1020 laudante
947 968 1099 1019 filium
1152 983 1244 1034 pro
1300 968 1498 1020 Rostris
1547 968 1778 1033 'l'iberi0,
1842 973 2050 1019 senatus

221 1060 534 1128 populusque
587 1060 812 1112 habitum
865 1076 926 1110 ac
984 1074 1141 1110 voces
1206 1058 1463 1111 dolentum
1510 1059 1830 1110 simulatione
1885 1060 2049 1127 magis

223 1167 370 1219 quam
403 1151 568 1203 libens
607 1150 875 1215 induebat,
929 1149 1231 1216 domumque
1271 1148 1560 1201 Germanici
1595 1149 1919 1201 revirescere
1956 1163 2051 1200 oc-

222 1243 340 1294 culti
363 1242 694 1294 laetabantur.
755 1242 903 1304 Quod
927 1241 1230 1308 principium
1262 1240 1472 1305 favoriS,
1507 1245 1556 1292 et
1584 1245 1746 1292 mater
1769 1239 2116 1307 Agrippinam

220 1350 359 1400 spem
396 1333 526 1385 male
557 1338 755 1400 tegenS,
790 1332 1068 1399 perniciem
1109 1331 1485 1383 acceleravere.
1560 1332 1686 1382 Nam
1711 1331 1925 1383 Seianus
1964 1331 2051 1381 ubi

220 1425 360 1476 videt
414 1430 624 1476 mortem
676 1424 826 1475 Drusi
886 1423 1094 1474 inultam
1146 1423 1588 1487 interfectoribus,
1650 1422 1761 1473 sine
1815 1437 2050 1475 maerore

219 1516 423 1583 publico
475 1530 618 1580 esse,
678 1515 825 1567 ferox
878 1514 1157 1579 scelerum,
1221 1518 1271 1565 et
1321 1514 1436 1579 quia
1485 1515 1647 1580 prima
1686 1519 2047 1580 provenerant,

221 1607 449 1659 volutare
486 1622 659 1658 secum
712 1620 928 1672 quonam
962 1605 1114 1656 modo
1156 1604 1444 1656 Germanici
1486 1604 1677 1656 liberos
1714 1609 2048 1670 perverteret,

221 1712 432 1765 quorum
469 1712 574 1748 non
609 1697 760 1748 dubia
796 1696 1078 1747 successio.
1152 1695 1327 1761 Neque
1364 1696 1538 1763 spargi
1573 1711 1824 1747 venenum
1859 1696 1911 1746 in
1947 1700 2115 1748 tresis

219 1793 432 1855 poterat,
479 1787 692 1854 egregia
734 1785 998 1837 custodum
1034 1785 1134 1836 fide
1176 1790 1226 1836 et
1260 1785 1503 1851 pudicitia
1538 1786 1854 1853 Agrippinae
1888 1785 2053 1851 impe-

219 1878 470 1932 netrabili.
544 1878 702 1945 Igitur
738 1877 1105 1929 contumaciam
1145 1876 1255 1928 eius
1295 1877 1569 1942 insectari,
1608 1882 1753 1929 vetus
1789 1876 2052 1944 Augustae

222 1971 416 2034 odium,
455 1974 713 2021 recentem
753 1969 928 2020 Liviae
965 1968 1329 2020 conscientiam
1370 1969 1651 2036 exagitare,
1692 1973 1745 2018 ut
1781 1967 2050 2034 superbam

223 2060 549 2124 fecunditate,
591 2059 854 2112 subnixam
880 2059 1209 2125 popularibus
1246 2059 1426 2110 studiis
1473 2059 1670 2110 inhiare
1715 2058 2048 2110 dominationi

222 2151 352 2218 apud
377 2151 647 2203 Caesarem
683 2155 972 2217 arguerent.
1010 2150 1204 2216 ,Atque
1228 2150 1359 2201 haec
1393 2149 1590 2200 callidis
1620 2150 2048 2213 criminatoribUS,
2068 2161 2118 2198 20

221 2243 353 2294 inter
387 2256 514 2308 quos
542 2241 805 2309 delegerat
843 2241 1018 2292 Iulium
1043 2241 1346 2305 Postumum,
1384 2256 1477 2307 per
1504 2241 1804 2293 adulterium
1827 2241 2051 2294 Mutiliae

340 2385 379 2427 1.
413 2397 509 2425 oma
544 2396 640 2425 cum
673 2383 750 2425 lin.
785 2383 840 2426 M.
902 2385 944 2426 5.
977 2397 1031 2424 ne
1064 2382 1254 2424 additum
1288 2382 1340 2424 ab
1375 2382 1571 2424 editore:
1606 2382 1742 2439 vulgo
1776 2396 1830 2423 ne
1861 2382 2050 2437 supple-

220 2450 289 2484 tur
327 2449 506 2485 auctore
538 2442 749 2484 Rhenano
796 2448 897 2484 ante
941 2442 1174 2498 divulgata.
1299 2442 1546 2484 incredibili
1575 2441 1629 2483 M.
1757 2443 1825 2483 11.
1861 2441 1958 2484 ade.
1992 2442 2048 2483 M.

225 2505 292 2546 12.
324 2502 500 2545 multam
528 2502 592 2544 M:
626 2503 817 2544 correxit
847 2501 1103 2544 Beroaldus,
1172 2502 1239 2545 16.
1275 2503 1420 2557 eyreyi
1439 2502 1494 2544 Μ.
1558 2502 1646 2557 inp.
1667 2501 1721 2542 Μ.
1792 2499 1859 2543 18.
1895 2514 2050 2557 super-

221 2561 333 2604 biam
364 2561 429 2604 M:
463 2563 653 2603 correxit
684 2562 890 2604 Muretus.
983 2563 1055 2605 21.
1081 2567 1306 2617 postumam
1331 2561 1387 2603 M.

220 2691 413 2732 Tacitum
445 2689 522 2732 XII
558 2690 610 2731 1:
643 2689 829 2732 Lolliam
860 2689 1088 2732 Paulinam

224 2750 369 2792 Marci
416 2748 547 2791 Lollii
599 2749 839 2791 consularis
889 2750 1086 2807 (filiam).

223 2809 287 2852 De
320 2821 366 2850 re
400 2808 517 2850 conf.
550 2806 635 2848 Dio
663 2807 799 2850 LVIII
833 2810 901 2851 11.

312 2880 418 2908 cura
449 2872 631 2907 nostra.-
672 2872 738 2908 est
778 2879 887 2921 opus
918 2868 1087 2924 ingenii

224 2925 390 2967 viribus
423 2923 672 2967 confectum
704 2929 874 2983 (umere
892 2926 1088 2983 Arbele),-

226 2984 282 3026 cf.
316 2983 375 3025 111
404 2984 476 3028 24.
522 2982 571 3024 0.
605 2985 649 3027 3.
768 2999 822 3026 ne
854 2986 977 3028 avide
1009 2999 1089 3028 ac-

225 3049 370 3098 cepta.-
403 3043 594 3086 Muretus
626 3043 788 3100 aliique
824 3057 921 3086 eum
946 3047 1086 3087 secuti

223 3102 478 3157 particulam
510 3115 564 3143 ne
581 3108 682 3145 ante
701 3117 741 3145 v.
768 3102 987 3159 divulgata
1009 3118 1087 3147 sno

224 3158 387 3202 iudicio
418 3161 685 3203 adiecerunt.
741 3161 861 3214 Quae
888 3177 983 3204 cum
1020 3163 1089 3205 al-

227 3224 390 3260 terutro
418 3218 518 3260 loco
552 3220 783 3262 manifesto
803 3221 1087 3274 interciderit,

227 3288 311 3333 ego
360 3283 503 3317 tamen
558 3277 627 3319 hic
675 3280 948 3321 inserendam
995 3294 1089 3322 eam

227 3336 391 3390 putavi,
425 3337 626 3389 quoniam
658 3338 720 3377 sic
751 3338 907 3379 melius
938 3338 1089 3394 liquet,

226 3393 442 3450 quomodo
487 3407 540 3433 ne
579 3406 602 3434 a
643 3394 937 3450 subsequente
979 3409 1090 3438 voce

226 3452 350 3495 avide
381 3451 602 3494 absorberi
638 3455 843 3507 potuerit.

314 3510 420 3565 Cap.
458 3513 524 3554 12.
575 3511 778 3553 laudante
801 3512 959 3565 filium.-
995 3526 1089 3554 cum

227 3570 426 3624 pontifex
462 3572 673 3613 maximus
720 3577 834 3613 esset
879 3572 1089 3623 Tiberius,

230 3627 329 3672 velo
349 3640 426 3684 pro
444 3641 563 3674 more
587 3631 796 3674 maiorum
830 3632 1090 3688 interposito

1173 2690 1368 2733 laudavit
1406 2690 1567 2743 filium,
1612 2695 1659 2730 ut
1707 2688 1825 2730 oculi
1866 2695 2049 2744 aspectu

1175 2750 1401 2792 cadaveris
1428 2754 1695 2791 arcerentur.
1745 2749 1900 2791 Sencc.
1926 2747 2047 2790 Con-

1173 2809 1256 2851 sol.
1291 2809 1345 2850 ad
1376 2808 1504 2851 Marc.
1543 2809 1621 2851 15:
1661 2807 1849 2849 Tiberius
1883 2808 2049 2850 Caesar

1171 2893 1227 2900 —
1276 2881 1356 2923 pro
1406 2869 1575 2910 Rostris
1651 2866 1844 2909 laudavit
1896 2866 2045 2921 filium,

1173 2927 1364 2981 stetitque
1404 2929 1452 2968 in
1494 2933 1722 2982 conspectu
1760 2928 1896 2982 posito
1942 2940 2044 2967 cor-

1168 3000 1301 3042 pore,
1343 2987 1566 3028 interiecto
1603 2985 1889 3027 tantummodo
1921 2984 2045 3026 vela-

1172 3051 1309 3086 mento
1343 3045 1453 3100 quod
1479 3045 1693 3101 pontificis
1736 3044 1880 3084 oculos
1911 3057 1940 3084 a
1970 3047 2045 3097 fu-

1173 3118 1277 3146 nere
1309 3110 1493 3145 arceret.
1554 3103 1649 3145 'Non
1692 3105 1910 3144 consentit
1960 3102 2043 3143 Dio

1175 3163 1267 3204 LIV
1300 3163 1372 3206 28.

1263 3229 1386 3274 atque
1429 3220 1558 3260 haec:
1614 3225 1679 3260 est
1731 3218 1855 3259 Livia
1898 3219 2044 3260 Seiani

1176 3279 1372 3320 adultera
1416 3284 1458 3318 et
1501 3279 1583 3319 iam
1632 3277 1838 3317 fidissima
1873 3278 1966 3317 eius
2000 3279 2044 3318 in

1176 3337 1356 3378 nefariis
1399 3336 1666 3377 facinoribus
1707 3337 1842 3376 socia.
1907 3335 2044 3377 Huius

1177 3402 1389 3437 recentem
1451 3395 1757 3435 conscientiam
1820 3396 2044 3450 exagitare

1179 3465 1360 3509 pronum
1395 3459 1484 3495 erat
1519 3454 1600 3507 ipsi
1634 3452 1847 3505 adultero,
1880 3452 1957 3494 sed
1988 3453 2042 3494 ad

1180 3518 1305 3555 vetus
1367 3514 1591 3568 Augustae
1653 3514 1695 3552 in
1758 3512 2043 3567 Agrippinam

1180 3572 1325 3614 odium
1366 3571 1659 3614 suscitandum
1704 3570 1852 3613 Liviae
1910 3582 2045 3625 opera

1180 3631 1292 3675 idem
1325 3630 1558 3685 utebatur„
1601 3629 1740 3687 lunge
1780 3636 1903 3686 atque
1935 3630 2044 3672 baec
