2280 4004
206 279 243 315 a*
262 266 314 317 G.
345 267 537 317 55—56.
760 268 925 315 LIBER
954 267 1069 315 xm.
1131 267 1239 314 Gn.
1255 269 1462 316 ·23-25.
1944 266 2031 312 iss

205 415 554 485 perimentum,
581 431 646 470 an
673 417 855 469 amotis
884 416 1177 472 custodibus
1206 416 1505 469 modestiam
1531 414 1788 468 retineret.
1844 414 2030 467 Urbem

206 508 446 576 princeps
497 509 728 561 lustravit
778 525 842 561 ex
889 518 1137 575 responso
1196 507 1543 573 haruspicum,
1602 506 1736 572 quod
1785 506 1920 558 Iovis
1970 521 2032 557 ac

204 601 464 654 Minervae
501 601 659 652 aedes
694 599 758 651 de
798 599 941 652 caelo
979 604 1145 651 tactae
1182 604 1341 651 erant.

122 677 194 730 25
347 691 530 753 Quinto
583 690 792 742 Volusio
839 689 1012 741 Publio
1061 689 1299 756 Scipione
1349 689 1640 740 consulibus
1690 689 1845 739 otium
1885 687 2030 752 foriS,

207 782 359 836 foeda
401 782 536 834 domi
585 782 828 846 lascivia,
880 797 976 848 qua
1017 782 1154 834 Nero
1191 780 1373 832 itinera
1408 781 1549 832 urbis
1600 785 1649 832 et
1683 780 1944 847 lupanaria
1984 785 2073 831 ets

207 873 517 926 deverticula
568 877 712 924 veste
759 872 934 924 servili
990 873 1042 923 in
1092 872 1544 924 dissimulationem
1595 872 1672 923 sui
1722 872 2031 938 compositus

204 954 527 1032 pererrabat,
581 964 935 1016 comitantibus
976 964 1059 1031 qui
1107 969 1347 1030 raperent
1388 964 1671 1016 venditioni
1715 963 1943 1029 exposita
1981 967 2031 1014 et

206 1055 371 1107 obviis
408 1054 617 1106 vulnera
651 1054 915 1119 inferrent,
953 1054 1200 1107 adversus
1240 1055 1450 1122 ignaros
1490 1055 1620 1106 adeo
1657 1058 1711 1104 ut
1748 1054 1858 1120 ipse
1897 1067 2029 1120 quo-

205 1159 302 1212 que
336 1145 596 1211 exciperet
627 1144 757 1196 ictus
801 1149 852 1197 et
887 1159 979 1197 ore
1017 1145 1318 1212 praeferret.
1393 1145 1591 1197 Deinde
1626 1145 1713 1195 ubi
1755 1144 2030 1197 Caesarem

204 1250 321 1290 esse
350 1236 434 1303 qui
467 1241 791 1304 grassaretur
811 1236 1065 1303 pernotuit
1087 1237 1501 1305 augebanturque
1536 1236 1751 1288 iniuriae
1783 1235 2030 1288 adversus
2048 1246 2096 1283 io

202 1326 343 1380 viros
377 1327 692 1394 feminasque
727 1327 976 1395 insignes,
1018 1332 1068 1379 et
1108 1328 1310 1394 quidam
1346 1327 1594 1394 permissa
1632 1327 1790 1380 semel
1825 1327 2032 1379 licentia

203 1419 296 1471 sub
333 1418 537 1470 nomine
574 1418 793 1470 Neronis
846 1418 991 1469 inulti
1028 1419 1247 1485 propriis
1299 1434 1411 1470 cum
1445 1419 1615 1487 globis
1666 1419 1845 1471 eadem
1882 1432 2035 1470 exer-

205 1510 413 1576 cebant,
477 1514 527 1561 et
568 1510 621 1560 in
662 1510 865 1567 modum
926 1510 1229 1577 captivitatis
1279 1524 1383 1562 nox
1440 1512 1701 1578 agebatur.
1776 1510 2032 1576 Iuliusque

203 1587 471 1656 Montanus
511 1603 755 1654 senatorii
795 1603 1019 1668 ordiniS,
1057 1603 1147 1655 sed
1186 1602 1270 1669 qui
1305 1603 1528 1654 nondum
1564 1603 1813 1655 honorem
1851 1616 2035 1669 capes-

203 1693 380 1759 sisset,
435 1708 745 1762 congressus
788 1695 920 1746 forte
956 1710 1047 1761 per
1083 1694 1322 1747 tenebras
1363 1710 1474 1746 cum
1514 1694 1776 1761 principe,
1828 1694 1944 1760 quia
1981 1692 2098 1745 vi¹⁵

202 1789 575 1852 attemptantem
619 1785 808 1838 acriter
855 1786 1166 1853 reppulerat,
1235 1785 1421 1838 deinde
1467 1786 1727 1854 adgnitum
1777 1790 2031 1852 oraverat,

203 1875 346 1942 quasi
383 1877 761 1942 exprobrasset,
792 1876 922 1929 mori
952 1877 1162 1929 adactus
1197 1882 1288 1929 est.
1364 1878 1500 1929 Nero
1532 1882 1696 1929 autem
1731 1876 2035 1930 metuentior

321 2031 363 2074 2.
397 2043 451 2071 ex
491 2029 656 2072 editor:
702 2028 769 2073 Ma
802 2037 866 2084 et,
917 2030 950 2073 G
982 2045 1004 2072 e
1037 2043 1133 2072 cum
1182 2030 1319 2073 cauda
1351 2042 1556 2086 superne,
1590 2029 1727 2086 vulgo
1762 2044 1797 2072 e.
1923 2043 2033 2073 arn-

205 2089 366 2146 spicum
387 2086 502 2132 GMa.
613 2089 722 2132 iobis
747 2087 826 2132 Ma.
934 2091 977 2133 3.
1009 2097 1122 2133 tacte
1146 2089 1225 2132 Ma.
1350 2092 1394 2133 4.
1430 2091 1478 2143 Q.
1501 2088 1582 2132 Ma.
1684 2090 1726 2132 P.
1761 2088 1839 2131 Ma.
1947 2104 2032 2131 cos.

208 2161 304 2190 cum
337 2147 414 2190 lin.
449 2146 530 2189 ma.
667 2149 709 2192 5.
741 2148 875 2204 faeda
904 2147 986 2191 Ma.
1129 2150 1169 2192 7.
1202 2149 1438 2191 venditioni
1479 2150 1697 2203 Spirensis
1737 2155 1780 2191 et
1824 2147 1857 2190 G
1886 2163 1911 2191 a
1942 2162 2031 2192 sec.

201 2220 355 2248 manu:
387 2205 454 2249 Ma
476 2207 731 2260 venditione,
764 2207 798 2248 B
818 2220 867 2262 pr
893 2208 926 2250 G
958 2209 1015 2250 ad
1044 2209 1342 2251 venditionem.
1411 2209 1478 2251 13.
1503 2216 1541 2250 et
1573 2210 1620 2250 in
1653 2207 1711 2250 G:
1750 2208 1790 2250 T.
1812 2207 1891 2251 Ma.
1956 2209 2034 2251 Iu·-

203 2265 364 2320 liusque
397 2265 588 2308 Orellius
629 2268 741 2309 duce
773 2266 840 2309 Ma
871 2269 946 2323 qui
980 2267 1115 2310 Iulius
1148 2270 1230 2323 que'
1244 2281 1258 2309 .·
1305 2266 1441 2309 Iulius
1476 2268 1640 2323 quidem
1673 2266 1706 2308 G
1739 2269 1806 2323 (in
1838 2281 1975 2324 marg.
2009 2281 2035 2309 a

203 2338 268 2379 pr.
301 2330 382 2382 m.)
417 2325 467 2377 R,
517 2326 682 2380 quidem
717 2338 787 2367 om
816 2326 850 2367 B
885 2332 928 2368 et
961 2326 1249 2380 oxonienses,
1285 2327 1456 2382 quidam
1485 2327 1674 2382 Lipsius,
1707 2327 1752 2368 in
1784 2326 1852 2369 Ma
1883 2327 1956 2369 hic
1988 2333 2035 2368 ut

203 2396 336 2439 saepe
370 2383 558 2426 abundat
576 2391 680 2427 nota
710 2385 884 2428 litterae
905 2400 959 2430 m.
1026 2388 1095 2429 15.
1130 2387 1348 2442 congressi
1378 2385 1471 2428 Ma:
1506 2386 1540 2429 G
1571 2400 1837 2442 congressus.
1903 2387 2035 2442 qauia

204 2450 474 2499 temptantem
506 2457 602 2486 cum
634 2444 712 2486 lin.
745 2451 941 2487 traversa
971 2446 1015 2487 in
1047 2444 1131 2488 litt.
1167 2460 1190 2501 q
1211 2444 1302 2488 Ma:
1343 2445 1617 2487 emendatum
1651 2447 1695 2486 in
1727 2446 1780 2487 A.
1849 2446 1916 2489 16.
1950 2446 2034 2487 ad-

201 2503 382 2560 9nitum]
418 2503 668 2560 adaqnitum
703 2503 784 2557 Ma,
815 2506 1007 2561 agnitum
1038 2504 1071 2547 G
1103 2511 1147 2547 et
1178 2505 1330 2562 vulgo.
1483 2506 1552 2550 17.
1587 2507 1746 2563 autem]
1790 2510 1933 2547 utrum
1966 2503 2032 2549 Ma

203 2562 363 2604 habeat
393 2566 455 2605 αἴι
481 2575 533 2604 an
568 2564 636 2617 tvi,
681 2562 883 2607 Baiterus
927 2564 1200 2623 distinguere
1236 2565 1448 2622 nequivit.

204 2711 248 2748 et
281 2705 437 2748 Dionis
486 2713 694 2762 excerpta
725 2708 840 2763 apud
878 2708 1070 2763 xiphili-

1159 2722 1307 2764 parum
1341 2713 1545 2750 accurate
1585 2706 1836 2763 βουλευτὴν
1876 2708 2033 2763 appel-

202 2778 302 2807 num
336 2764 428 2807 LXI
459 2765 488 2807 8
524 2772 567 2808 et
591 2767 633 2810 9.
725 2768 962 2810 venditioni
994 2783 1073 2810 ex-

1159 2769 1282 2820 lavit,
1310 2769 1473 2809 rectius
1493 2768 1728 2810 Suetonius
1751 2767 2029 2810 laticlaviam.

197 2825 368 2882 posita.-
401 2824 553 2866 falsam
580 2826 836 2880 scripturam
859 2828 1073 2868 venditio..

201 2898 300 2926 nem
330 2890 612 2938 procrearunt
635 2885 770 2927 verba
791 2885 904 2927 male
926 2888 1075 2928 iuncta

204 2949 409 2999 raperent
434 2943 732 2986 venditionem.
813 2951 852 2986 et
876 2946 1072 2999 quidam.-

205 3002 309 3044 hinc
353 3001 584 3051 ἀπόδοσις
625 3003 803 3057 incipit,
851 3017 964 3059 quae
1009 3011 1076 3047 est

207 3061 392 3115 duplex,
443 3069 482 3103 et
513 3062 684 3116 quidam
714 3089 769 3095 —
803 3064 1073 3117 exercebant,

208 3127 247 3161 et
270 3133 430 3160 —nox
461 3122 684 3176 agebatur.
748 3121 970 3164 Adversus
1003 3137 1075 3165 ar-

210 3183 294 3220 tem
328 3184 371 3219 et
402 3178 665 3235 elegantiam
698 3188 854 3235 peccat
885 3182 1076 3225 Orellius

208 3238 335 3278 tertia
383 3238 563 3291 apodosi
617 3253 641 3280 a
696 3252 806 3281 voce
864 3241 1076 3296 Iuliusque

209 3295 426 3338 inchoata.

296 3355 370 3395 sed
410 3355 480 3409 (μή
520 3356 707 3397 nondum
751 3357 955 3398 honorem
998 3371 1077 3399 ca-

203 3415 432 3470 pessisset:
465 3415 508 3454 in
540 3421 738 3456 senatum
770 3415 955 3457 allectus
991 3430 1077 3458 non

210 3480 315 3525 erat,
342 3474 441 3529 quia
468 3480 741 3528 quaesturam
763 3475 951 3516 nondum
972 3489 1078 3532 ges-

209 3538 340 3576 serat.
402 3531 552 3588 Itaque
603 3540 780 3575 senator
830 3547 916 3576 non
969 3542 1076 3587 erat,

214 3592 292 3635 sed
343 3597 487 3635 tamen
546 3595 755 3637 senatorii
805 3594 966 3636 ordinis
1021 3595 1076 3637 oh

215 3662 414 3706 censum3
446 3665 488 3696 v.
524 3658 672 3696 annot.
705 3653 760 3697 ad
789 3652 827 3697 11
861 3654 931 3699 59.
994 3654 1077 3699 Dio

1246 2827 1397 2868 deinde
1429 2828 1649 2882 adqnitnm
1680 2834 1908 2868 oraverat:
1953 2840 2031 2880 per

1159 2887 1327 2928 litteras
1359 2888 1532 2928 veniam
1566 2887 1725 2940 petivit
1764 2887 1858 2928 sive
1893 2888 2034 2928 oravit

1159 2947 1402 3001 principem
1443 2951 1486 2988 et
1533 2946 1688 2987 immiti
1730 2945 1914 2987 Neronis
1957 2958 2032 2987 re-

1159 3018 1321 3060 sponso
1355 3011 1566 3059 exceptus
1598 3006 1687 3047 vim
1719 3005 1837 3046 vitae
1870 3005 2031 3057 attulit,

1161 3071 1208 3106 ut
1240 3065 1324 3106 Dio
1371 3064 1516 3106 tradit.
1582 3064 1857 3118 Quapropter
1896 3077 2031 3118 repu-

1161 3123 1318 3166 dianda
1345 3122 1619 3164 Doederlinii
1644 3124 1899 3163 coniectura
1921 3123 2031 3163 ado-

1160 3189 1351 3225 raverat.
1421 3181 1708 3235 Magnetum,
1759 3180 1876 3235 quod
1926 3180 2034 3222 BMa

1161 3241 1400 3295 praebent,
1434 3246 1582 3280 natum
1616 3253 1670 3280 ex
1702 3238 1840 3280 forma
1872 3239 2031 3294 adgni-

1163 3308 1248 3341 tum
1278 3312 1302 3340 a
1333 3299 1510 3340 librario
1545 3304 1748 3352 corrupta
1779 3304 1822 3339 et
1844 3298 2029 3340 mollita.

1252 3359 1373 3412 quasi
1415 3358 1736 3414 exprobrasset.-
1780 3359 1903 3412 quasi
1944 3370 2030 3398 non

1164 3430 1317 3471 preces
1351 3423 1497 3458 essent
1529 3418 1701 3458 veniam
1741 3417 1918 3468 orantis,
1952 3417 2030 3458 sed

1165 3475 1458 3529 exprobratio.
1523 3476 1637 3518 Nero
1663 3481 1829 3517 autem.-
1861 3478 1895 3517 si
1921 3488 2030 3516 con-

1163 3541 1298 3578 staret
1328 3536 1371 3575 in
1390 3533 1457 3576 Ma
1483 3535 1530 3576 tn⁹
1562 3536 1722 3586 inesse,
1757 3547 1852 3576 cum
1874 3535 2029 3577 Peter-

1164 3595 1286 3638 senio
1321 3602 1461 3636 tamen
1484 3596 1780 3646 restituerem3
1814 3607 1929 3636 nunc
1952 3608 2030 3636 ac-

1164 3654 1392 3711 quiescere
1410 3655 1455 3696 in
1490 3654 1669 3712 vulgata
1689 3654 1822 3697 tutius
1840 3652 2026 3697 videtur.
