2280 4004
175 315 206 365 a
232 308 284 367 e.
315 319 414 366 5¹1.
748 319 915 364 LIBER
944 304 1036 364 xli.
1094 311 1203 364 mi».
1236 320 1428 366 κιο-42.
1937 298 2001 360 ‘³⁷13

177 451 389 523 pbp‘alus
418 450 572 508 ''liuhc
627 453 818 509 decore
854 456 1209 524 imperatorio,
1267 456 1404 508 illum
1457 455 1640 523 puerili
1678 438 1885 524 'habitu,
1941 436 2003 510 ac

177 544 391 613 perinde
425 542 676 601 fortunam
713 548 975 614 utriusque
1011 552 1372 614 praesumeret.
1446 548 1633 615 Simul,
1696 549 1780 617 qui
1824 554 2003 601 centu-

177 641 376 692 rionum
411 638 828 706 tribunorumque
863 644 1052 692 sortem
1084 639 1360 692 Britannici
1399 640 1785 707 miserabantur,
1824 641 2006 694 remoti

178 726 309 783 fictis
346 731 543 796 causiS,
595 736 646 783 et
690 731 775 782 alii
812 744 904 797 per
944 731 1167 797 speciem
1203 718 1433 783 lionoris.
1508 732 1670 784 Etiam
1707 713 2006 785 libertorum

179 823 223 874 si
262 816 375 888 quis
410 818 700 889 incorrupta
735 822 851 888 fide,
890 823 1157 888 depellitur
1191 814 1277 874 tali
1318 824 1611 876 occasione.
1687 824 1837 878 Obvii
1875 818 2047 878 inter's

179 922 237 965 se
287 915 424 966 Nero
496 914 839 964 Britannicum
901 914 1106 964 nomine
1128 953 1141 979 ,
1221 908 1307 965 ille
1365 915 1636 966 Domitium
1698 916 2002 969 salutavere:

180 985 408 1066 Quod‘u't
442 996 734 1056 discordiae
766 1004 961 1055 initium
988 1004 1269 1070 Agrippina
1298 1005 1452 1055 multo
1481 1011 1660 1071 questu
1693 1006 1755 1057 ad
1780 1000 2010 1058 maritum

182 1087 369 1146 defert:
406 1095 577 1160 sperni
618 1096 800 1161 quippe
838 1095 1178 1160 adoptionem,
1223 1089 1453 1161 quaeque
1494 1097 1785 1148 censuerint
1820 1082 2008 1164 patres,

180 1182 387 1237 iusserit
419 1185 649 1251 populus,
693 1186 825 1237 intra
867 1190 1078 1251 penates
1116 1185 1383 1252 abrogari3
1422 1202 1482 1237 ac
1517 1186 1616 1238 nisi
1652 1187 1875 1260 pravitas
1910 1192 2013 1240 tam

181 1269 711 1328 infensa'doc'entium
748 1281 1006 1341 arceatur,
1058 1281 1292 1341 eruptura
1336 1276 1388 1326 in
1425 1262 1677 1342 publicam
1714 1279 2010 1344 perniciem.
2030 1274 2078 1326 ιὸ

180 1363 473 1418 Commotus
512 1368 558 1418 is
596 1367 739 1433 quasi
777 1367 1071 1419 criminibus
1115 1367 1351 1432 optimum
1399 1381 1646 1435 quemque
1686 1366 2013 1422 educatorem

183 1451 273 1508 filii
310 1455 462 1509 exilio
513 1463 598 1509 aut
641 1463 803 1509 morte
851 1458 1048 1523 adficit,
1085 1459 1353 1529 *datosque
1405 1475 1433 1510 a
1469 1475 1695 1512 noverca
1750 1461 2016 1514 custodiae

100 1553 168 1602 42
184 1548 294 1601 eius
316 1542 549 1615 imponit.
603 1549 837 1602 Nondum
869 1554 1036 1601 tamen
1061 1564 1252 1602 summa
1276 1551 1442 1602 moliri
1468 1551 1749 1620 Agrippina
1777 1553 2011 1619 audebat,

190 1769 193 1771 Α
234 1770 237 1771 ⁷
301 1717 344 1762 3.
373 1717 630 1770 'brittannici
662 1714 744 1760 Ma.
835 1717 1006 1758 remotis
1038 1713 1119 1759 Ma.

187 1776 215 1818 d
244 1770 340 1822 cuin
372 1777 538 1819 lineola
570 1782 765 1820 traversa
794 1774 876 1818 Ma.

187 1832 363 1879 codices
394 1833 463 1879 tic.
554 1838 629 1893 aff.
665 1835 736 1878 Or.

1208 1718 1247 1760 5.
1279 1718 1456 1774 pellitur
1489 1724 1531 1761 et
1562 1732 1693 1773 supra
1723 1731 1897 1776 versum
1931 1718 2068 1761 littsv

968 1776 1011 1818 6.
1046 1777 1352 1820 brittannicum
1384 1778 1465 1820 Ma.
1578 1781 1646 1822 12.
1678 1785 1753 1821 aut
1782 1778 2016 1821 Petersen:

851 1836 919 1878 13.
951 1837 1040 1891 inp.
1078 1832 1161 1877 Ma.

188 1978 435 2035 prohibuit,
478 1990 564 2034 quo
604 1979 748 2020 minus
799 1978 929 2020 etiam
961 1982 1062 2019 ante

190 2039 274 2081 hoc
306 2041 491 2092 tempus,
525 2036 561 2079 s'i
595 2038 668 2093 qui
700 2036 897 2089 vellent,
931 2049 1062 2090 prae-

190 2104 352 2140 textam
385 2102 617 2151 ponerent.
664 2095 793 2138 Certe
814 2109 901 2138 non
922 2095 1060 2137 solum

190 2159 411 2212 principes
457 2157 542 2198 viri
597 2155 676 2196 sed
726 2156 855 2197 etiam
903 2156 1062 2209 privati

191 2223 292 2259 ante
339 2216 583 2272 legitimum
624 2220 795 2270 tempus
835 2216 880 2255 in
921 2214 1062 2255 forum

193 2276 368 2318 deducti
402 2289 452 2316 ac
484 2274 601 2316 virili
630 2279 734 2331 toga
766 2275 906 2315 ornati
947 2278 1061 2316 sunt.

190 2335 454 2389 Interpretes
485 2333 538 2374 ad
569 2333 613 2376 h.
643 2333 672 2376 l.
702 2333 851 2388 Lipsio
885 2339 1063 2375 auctore

192 2394 303 2436 falsa
334 2398 522 2435 narrant.

297 2451 610 2509 proconsulare
661 2451 885 2508 imperium
935 2457 1060 2491 extra

190 2512 361 2554 urbem.-
394 2523 435 2553 v.
470 2517 619 2554 annot.
653 2511 706 2552 ad
738 2509 856 2560 114.
932 2511 1062 2565 prin-

194 2587 289 2628 ceps
304 2572 531 2613 iuventutis
557 2576 622 2612 est
640 2571 803 2624 primus
823 2570 1063 2610 iuventutis

194 2631 434 2686 equestris,
485 2636 532 2670 ut
580 2630 599 2671 l
641 2630 683 2672 3.
820 2628 1065 2685 donativum

191 2686 332 2742 rniliti',
362 2690 632 2749 conyiarium
658 2687 827 2744 plebei.-
860 2677 1064 2728 accurate

194 2746 400 2804 loquitur,
421 2754 699 2802 praesentem
722 2747 954 2800 pecuniam
978 2748 1063 2786 mi...

197 2808 264 2849 liti
289 2806 431 2850 datam
457 2807 716 2858 donativum,
746 2817 945 2846 nummos
965 2805 1065 2858 ple-

194 2867 266 2908 bei
305 2867 486 2907 donatos
529 2866 797 2921 congiarium
837 2863 1064 2904 vocando:

195 2937 292 2966 nam
327 2925 410 2966 hoc
445 2935 602 2966 nomen
636 2923 739 2965 inde
774 2921 950 2964 ductum
983 2928 1064 2974 est,

197 2983 312 3038 quod
359 2980 513 3038 priscis
562 2982 831 3036 temporibus
882 2982 1065 3037 congios

197 3042 287 3084 olei
320 3043 393 3085 vel
426 3044 516 3083 vini
548 3054 678 3098 reges
711 3046 784 3083 aut
815 3041 949 3082 duces
981 3040 1065 3081 do-

198 3114 325 3143 nasse
375 3101 494 3155 plebi
548 3107 789 3143 narrantur.
858 3099 1065 3141 Eiusdem

199 3161 261 3201 rei
294 3162 558 3202 mentionem
579 3159 751 3202 Tacitus
781 3159 889 3200 fecit
919 3157 1064 3210 11129‚

200 3217 409 3271 xl1131,
440 3219 538 3261 XIV
574 3221 642 3263 11.
676 3220 728 3262 H.
763 3217 780 3259 1
817 3217 897 3271 18,
942 3217 978 3258 ΙΙ
1009 3217 1067 3259 82

202 3284 246 3320 et
278 3278 361 3331 94,
391 3278 449 3320 lv
487 3279 540 3321 19
573 3283 617 3319 et
647 3278 705 3321 36
738 3283 782 3318 et
805 3275 876 3318 58.
913 3275 963 3317 Ο.
995 3276 1062 3317 17.

203 3336 270 3378 cf.
317 3335 641 3379 Sueton..Ner.
685 3337 737 3378 7:
788 3334 1067 3388 deductusque

201 3397 248 3437 in
278 3397 320 3449 s(
325 3410 418 3438 rum
460 3397 541 3437 tiro
582 3394 736 3451 populo
784 3394 1066 3447 congiarium,

201 3456 328 3497 militi
370 3456 613 3496 donativum
648 3453 883 3509 proposuit.
946 3451 1069 3491 Hunc

205 3515 402 3558 Suetonii
433 3514 629 3570 populum
664 3512 735 3554 vel
758 3511 919 3567 plebem
935 3510 1070 3550 'laciti

205 3574 353 3630 cogita
373 3574 493 3614 cives
512 3585 589 3627 per
608 3573 800 3627 quinque
834 3575 877 3610 et
893 3569 1074 3624 tliginta

205 3632 342 3674 tribus
354 3642 442 3673 non
462 3632 702 3686 descriptos
721 3635 763 3671 et
784 3640 885 3670 aere
896 3626 1072 3682 publico

201 3690 409 3752 niundon
442 3705 485 3738 v.
518 3697 667 3739 annot.
701 3688 755 3736 ad
782 3688 836 3734 H
868 3686 926 3735 111
957 3685 1027 3732 58.

1242 1979 1541 2021 Britannicum
1582 1983 1782 2022 nomine:
1829 1979 2018 2022 toleravi

1145 2037 1484 2080 additamentum
1507 2041 1693 2091 nomine,
1729 2039 1806 2080 sed
1828 2053 1851 2080 a
1870 2040 2016 2080 Tacito

1148 2111 1243 2139 esse
1276 2099 1352 2138 vix
1385 2097 1490 2139 mihi
1524 2098 1788 2152 persuadere
1824 2110 2015 2151 possum.

1143 2158 1379 2200 Suetonius
1439 2156 1540 2200 Ner.
1599 2159 1652 2200 7:
1718 2158 2019 2199 Britannicum

1143 2219 1350 2271 fratrem,
1391 2217 1500 2270 quod
1541 2231 1586 2257 se
1622 2216 1886 2274 (Neronem)
1922 2224 2019 2272 post

1144 2276 1413 2331 adoptionem
1451 2275 1751 2317 Aenobarbum
1806 2291 1858 2316 εει·
1910 2290 2018 2317 con-

1143 2335 1364 2377 suetudine
1395 2334 1645 2387 salutasset,
1687 2342 1733 2376 ut
1764 2335 2018 2376 subditivum

1144 2395 1258 2451 apud
1282 2400 1452 2450 patrem
1479 2408 1663 2450 arquere
1696 2401 1875 2435 conatus
1908 2402 1983 2436 est.

1217 2481 1389 2523 iusserit
1406 2480 1611 2537 populus:
1645 2480 1718 2522 lex
1744 2482 1910 2522 curiata
1933 2493 2018 2536 qua

1144 2538 1258 2582 Nero
1286 2540 1328 2581 in
1350 2546 1526 2596 gentem
1544 2535 1768 2581 Claudiam
1787 2546 2014 2596 arrogatus

1146 2605 1227 2652 cst,
1260 2598 1540 2653 pontificibus
1571 2598 1898 2641 moderantibus
1931 2599 2019 2641 lata

1146 2662 1209 2714 (c.
1233 2657 1332 2715 26),
1366 2664 1581 2714 tamquam
1615 2671 1640 2699 a
1669 2658 1833 2713 populo
1859 2660 1990 2700 curiis
1996 2685 2019 2694 -

1145 2731 1229 2774 que
1270 2716 1390 2759 iussa
1423 2716 1711 2773 cogitabatui.
1777 2717 2020 2759 Prudenter

1144 2774 1388 2845 Agrippina
1420 2789 1564 2818 coram
1591 2778 1745 2817 marito
1772 2778 2018 2832 antiquaiio

1145 2837 1335 2890 antiquis
1367 2834 1515 2878 veihis
1547 2837 1697 2878 utitur.

1235 2921 1364 2962 exilio
1397 2928 1471 2962 aut
1501 2929 1664 2963 morte.-
1710 2921 1820 2963 alios
1866 2920 2016 2973 exilio,

1145 2986 1284 3021 morte
1303 2980 1414 3022 alios
1429 2978 1634 3021 Claudius
1653 2981 1867 3033 multavit,
1892 2985 2020 3035 prout

1146 3041 1390 3096 Agrippina
1421 3039 1590 3081 leviora
1608 3045 1681 3080 aut
1703 3042 1906 3095 graviora
1928 3041 2017 3080 cri.-

1146 3101 1263 3140 mina
1294 3098 1491 3139 finxerat.
1555 3112 1610 3139 ac
1640 3107 1774 3139 morte
1803 3099 1906 3139 ferri
1931 3103 2019 3137 tum

1146 3164 1318 3211 posset,
1380 3158 1416 3197 si
1467 3157 1606 3210 primo
1662 3157 1865 3208 exilium,
1917 3167 2019 3195 mox

1147 3217 1409 3270 supplicium
1462 3213 1668 3255 Claudius
1731 3214 2017 3266 adhibuisset,

1147 3275 1191 3315 id
1222 3273 1337 3328 quod
1368 3285 1450 3314 usu
1469 3274 1591 3314 venit
1613 3275 1657 3314 in
1682 3273 1823 3314 Lollia
1846 3277 1904 3329 (c.
1923 3274 2016 3327 22),

1149 3333 1226 3374 sed
1256 3332 1368 3373 hanc
1412 3333 1564 3386 ignaro
1615 3333 1811 3385 principe
1844 3330 2021 3373 sustulit

1150 3392 1415 3447 Agrippina:
1464 3391 1558 3443 ipse
1602 3390 1714 3431 haud
1749 3389 1880 3431 dubie
1911 3391 2017 3430 sim..

1153 3450 1311 3504 plicius
1343 3447 1515 3504 agebat.
1581 3448 1645 3490 Cf.
1681 3448 1739 3490 ΙΙΙ
1772 3450 1852 3492 24:
1893 3447 2021 3489 adul-

1156 3516 1346 3562 tei-osque
1406 3521 1553 3548 earum
1609 3514 1742 3548 morte
1791 3514 1865 3548 aut
1915 3510 2022 3563 fuya

1152 3568 1332 3623 punivit.
1399 3566 1455 3607 Vl
1488 3566 1545 3609 9:
1582 3573 1629 3608 ut
1659 3572 1934 3609 accusatores
1963 3590 2021 3601 --

1158 3626 1286 3669 eoeilio
1317 3631 1392 3668 aut
1421 3631 1555 3668 morte
1584 3626 1884 3671 multarentur.
