2280 4004
157 319 183 349 a
215 304 264 350 C.
298 306 371 351 62.
410 323 415 328 ·
750 305 916 349 LIBER
946 305 1040 349 XV.
1105 305 1213 350 Cu.
1251 306 1378 350 1—3.
1887 307 1976 347 243

151 443 491 511 Videbarque‚
521 447 698 495 contra
734 448 907 496 vetera
940 444 1150 495 fratrum
1189 443 1306 495 odia
1346 449 1395 496 et
1432 446 1723 511 certamina,
1756 446 1978 498 familiae

151 540 358 587 nostrae
401 540 607 601 penates
641 535 737 587 rite
777 536 1142 602 composuisse.
1216 535 1491 588 Prohibent
1527 537 1756 602 Romani,
1800 543 1848 589 et
1883 553 1978 604 pa-

153 642 262 678 cem
299 641 552 692 nunquam
589 627 713 692 ipsis
751 642 997 693 prospere
1030 627 1319 678 lacessitam
1361 642 1495 678 nunc
1535 643 1734 695 quoque
1770 628 1823 679 in
1864 629 1979 681 exi-

150 718 270 769 tium
309 732 452 770 suum
490 718 804 784 abrumpunt.
870 719 984 770 Non
1014 718 1099 769 ibo
1134 717 1346 770 infitias:
1389 720 1640 785 aequitate
1672 735 1817 787 quam
1854 735 1979 772 san-

149 809 323 877 guine,
370 824 523 861 causa
562 824 708 876 quam
747 809 898 861 armis
938 809 1160 861 retinere
1196 814 1338 876 parta
1375 811 1649 862 maioribus
1683 810 2015 869 malueram.5

150 902 203 954 Si
241 902 563 953 cunctatione
602 901 820 968 deliqui,
874 902 1060 954 virtute
1097 901 1369 970 corrigam.
1442 904 1620 955 Vestra
1659 905 1859 971 quidem
1898 906 1977 957 vis

153 998 202 1046 et
239 993 404 1061 gloria
445 994 497 1044 in
535 994 737 1060 integro
777 998 881 1058 est,
922 993 1093 1045 addita
1130 993 1413 1051 modestiae
1451 994 1600 1059 sama,
1646 1010 1774 1061 quae
1812 1009 1980 1063 neque

151 1085 358 1136 summis
396 1084 684 1136 mortalium
722 1084 1009 1151 spernenda
1051 1089 1128 1136 est
1160 1089 1209 1136 et
1246 1101 1273 1136 a
1313 1085 1391 1136 dis
1427 1086 1749 1138 aestimatur?
1823 1086 1979 1140 Simul

150 1175 436 1227 diademate
477 1181 625 1242 caput
660 1176 895 1227 Tiridatis
938 1176 1159 1240 evinxit3
1190 1181 1468 1242 promptam
1504 1178 1723 1243 equitum
1761 1194 1977 1244 manum,

150 1281 279 1333 quae
311 1282 489 1334 regem
525 1283 590 1319 ex
629 1282 772 1318 more
819 1271 1069 1333 sectatur,
1125 1267 1322 1319 Monesi
1374 1268 1533 1318 nobili
1585 1269 1698 1320 viro
1754 1270 1976 1335 tradidit,
1996 1289 2042 1326 ιο

150 1357 362 1411 adiectis
388 1359 770 1411 Adiabenorum
806 1359 1025 1424 auxiliis,
1061 1359 1418 1427 mandavitque
1442 1360 1709 1427 Tigranem
1739 1361 1980 1413 Armenia

152 1450 450 1516 exturbare,
514 1450 630 1501 dum
679 1450 789 1517 ipse
838 1451 1018 1517 positis
1076 1451 1322 1503 adversus
1378 1450 1644 1517 Hyrcanos
1707 1432 1980 1503 discordiis

150 1543 288 1595 vires
314 1542 515 1595 intimas
539 1543 823 1610 molemque
849 1543 969 1595 belli
997 1545 1112 1607 ciet,
1141 1542 1421 1610 provinciis
1445 1543 1687 1594 Romanis
1724 1542 1978 1595 minitans.

101 1634 294 1696 SQuac
327 1633 415 1685 ubi
449 1634 726 1686 Corbuloni
768 1634 921 1686 certis
958 1633 1146 1685 nuntiis
1185 1633 1354 1685 audita
1396 1639 1539 1698 sunt,
1581 1633 1814 1700 legiones
1855 1633 1980 1686 duas

152 1740 264 1777 cum
317 1725 572 1778 Verulano
624 1726 817 1779 Severo
873 1731 923 1777 et
962 1725 1128 1778 Vettio
1179 1725 1372 1777 Bolano
1432 1725 1713 1777 subsidium
1773 1725 2042 1792 Tigraniis

148 1817 328 1883 mittit,
384 1817 584 1869 occulto
633 1822 924 1884 praecepte,
971 1817 1300 1884 compositius
1333 1822 1513 1869 cuncta
1555 1831 1701 1883 quam
1732 1816 1983 1869 festinan-

149 1909 246 1960 tius
302 1912 542 1976 agerent:
595 1908 776 1975 quippe
829 1908 1014 1960 bellum
1060 1908 1251 1961 habere
1303 1922 1450 1974 quam
1503 1924 1687 1975 gerere
1743 1908 1979 1960 malebat.

151 2000 535 2066 Scripseratque
571 1999 779 2051 Caesari
814 2000 1020 2066 proprio
1061 1999 1190 2050 duce
1228 2014 1353 2065 opus
1393 2014 1524 2063 esse,
1551 1998 1648 2065 *qui
1687 1997 1979 2050 Armeniam

152 2089 478 2142 defenderet:
520 2090 715 2157 Syriam
753 2091 1023 2158 ingruente
1059 2089 1317 2157 Vologese
1357 2089 1558 2140 acriore
1595 2089 1646 2139 in
1685 2089 1979 2141 discrimine

272 2246 311 2287 1.
346 2250 507 2287 certam
544 2244 592 2286 in
623 2244 817 2299 familiae
840 2243 929 2286 Ma:
965 2241 1215 2285 emendavit
1244 2242 1510 2296 Rhenanus;
1538 2250 1754 2285 certamen
1785 2239 1982 2298 familiae

153 2303 200 2347 G.
279 2305 321 2347 3.
356 2304 553 2346 absitium
576 2303 667 2346 Ma:
702 2310 944 2346 correctum
976 2305 1021 2344 in
1056 2301 1103 2346 G.
1198 2303 1239 2345 5.
1271 2303 1501 2344 moioribus
1533 2302 1604 2344 vel
1637 2302 1866 2343 moloribus
1900 2300 1978 2343 illa.

154 2364 196 2408 7.
229 2363 276 2406 in
307 2375 377 2405 om
407 2362 498 2405 Ma:
527 2356 619 2405 non
648 2363 772 2406 deest
805 2363 853 2406 G.
951 2363 994 2405 8.
1030 2363 1162 2404 eslim.
1196 2360 1277 2405 Ma.
1383 2362 1423 2405 9.
1459 2362 1584 2417 tyrid.
1618 2361 1698 2404 Ma.
1793 2361 1982 2403 euincxit

152 2420 233 2466 Ma.
331 2424 399 2466 11.
431 2424 730 2478 ‚nandabitque
762 2431 870 2479 tyqr.
903 2421 984 2464 Ma.
1084 2424 1151 2464 12.
1184 2422 1413 2464 exturbare
1446 2427 1669 2476 receptum
1705 2435 1758 2463 ex
1788 2420 1981 2461 Ernestii

155 2483 435 2525 coniectura:
487 2481 553 2525 Ma
597 2483 797 2536 exturba,
847 2481 880 2524 G
925 2487 968 2523 et
1015 2480 1287 2523 Oxonienses
1336 2486 1379 2522 et
1424 2480 1690 2522 Puteolanus
1743 2479 1979 2521 exturbari.

154 2542 264 2584 hirc.
298 2541 378 2583 Ma.
477 2543 545 2585 15.
580 2549 688 2598 lyyr.
722 2541 802 2584 Ma.
901 2541 967 2585 16.
1004 2537 1159 2583 curicta
1191 2541 1546 2596 confeslinanlius
1578 2539 1670 2582 Ma:
1705 2538 1980 2581 emendatum

155 2603 199 2643 in
231 2600 317 2644 BG.
420 2602 487 2646 17.
519 2601 735 2645 malebant
765 2599 857 2644 Ma:
893 2601 926 2644 G
958 2600 1160 2643 malebat.

213 2659 228 2703 l
402 2660 470 2704 ma
1257 2600 1326 2643 19.
1359 2601 1522 2656 syriam
1555 2598 1635 2652 Ma,
1668 2611 1755 2639 non
1788 2599 1978 2640 Suriam.

154 2674 208 2703 uo
230 2674 372 2718 oqeses
474 2694 484 2704 .

157 2802 239 2848 sibi
280 2803 548 2858 propositum
593 2809 872 2846 assecuturus
918 2809 1025 2857 erat,

1107 2810 1370 2872 promptam,
1412 2801 1455 2844 h.
1491 2815 1530 2844 e.
1564 2807 1755 2856 paratam
1789 2803 1903 2858 (eine
1935 2802 1981 2844 in

156 2863 241 2906 nisi
273 2875 464 2905 summus
510 2876 561 2904 ea
594 2869 736 2904 aetate
770 2863 856 2904 dux
891 2862 1026 2918 (Cor-

1111 2862 1390 2916 Bcreztschas
1386 2868 1400 2902 t
1440 2861 1639 2902 sceltende
1681 2862 1726 2903 M
1731 2875 1785 2902 an
1792 2862 1952 2916 nscltas
1948 2869 1980 2915 t)

158 2922 288 2979 bulo)
321 2922 632 2976 impedimento
665 2922 837 2963 fuisset.

245 2994 334 3022 non
363 2981 432 3022 ibo
456 2982 636 3034 infitias:
670 2980 784 3036 quod
804 2982 847 3022 in
873 2981 1025 3034 paucis

161 3037 289 3082 huius
336 3039 573 3082 locutionis
627 3039 864 3094 exemplis,
913 3052 1025 3095 quae

161 3099 275 3154 apud
305 3102 540 3153 scriptores
571 3098 784 3153 pedestris
815 3100 1026 3155 orationis

160 3159 457 3214 reperiuntur,
504 3160 684 3215 negatio
730 3158 900 3200 adiecta
945 3164 1024 3211 est,

161 3224 209 3258 ut
240 3217 492 3260 observavit
528 3217 838 3260 Doederlinius
881 3218 1027 3271 Syno-

161 3290 280 3331 nym.
318 3283 362 3318 et
391 3275 582 3330 Etymol.
615 3277 674 3318 IV
705 3290 748 3332 p.
781 3278 861 3329 32,
908 3277 1027 3318 casui

162 3337 302 3392 magis
343 3347 469 3391 quam
518 3336 700 3377 consilio
753 3335 1027 3376 tribuendum

164 3395 353 3437 videtur.
408 3393 568 3436 Poetae
598 3395 786 3446 scenici,
821 3395 894 3449 qui
927 3395 1028 3435 imi-

164 3460 309 3495 tantur
330 3466 600 3496 communem
622 3465 881 3506 sermonem,
910 3459 1029 3494 certe

167 3526 261 3556 eam
295 3513 439 3569 legem
470 3525 557 3553 non
579 3513 718 3554 secuti
752 3517 866 3564 sunt,
901 3517 945 3552 ct
976 3511 1034 3552 acl

165 3568 325 3625 infitias
368 3573 434 3614 ire
466 3571 574 3612 dixit
606 3571 763 3613 Paulus
797 3572 841 3622 δ.
874 3573 917 3613 4.
950 3568 980 3612 l.
1005 3568 1034 3613 4

166 3630 267 3686 Dig.
300 3632 438 3687 famil.
472 3630 710 3673 erciscund.
747 3630 809 3686 (X
837 3632 904 3686 2).

279 3697 521 3747 promptam
588 3691 770 3746 equitum
837 3701 1033 3730 manum.-

1112 2920 1222 2962 dixit
1267 2921 1509 2975 respiciens
1559 2934 1612 2962 ex
1670 2921 1808 2962 altera
1859 2927 1981 2975 parte

1111 2981 1224 3022 vires
1261 2981 1434 3022 intimas
1472 2993 1497 3021 a
1543 2980 1764 3036 Volegese
1809 2979 1979 3021 demum

1112 3040 1300 3082 ciemlas.
1419 3040 1719 3092 mandavitque
1757 3040 1982 3094 Tiqranem

1109 3099 1319 3140 Armenia
1340 3098 1594 3140 exturbare:
1628 3097 1712 3138 hoc
1735 3097 1979 3138 mandatnm

1113 3158 1360 3214 Vologeses
1411 3156 1510 3198 duci
1555 3158 1718 3198 Monesi
1770 3155 1890 3196 dedit
1939 3162 1982 3196 et

1111 3217 1189 3259 ille
1224 3217 1380 3271 exequi
1430 3221 1611 3256 conatus
1647 3221 1712 3256 cst
1746 3217 1865 3269 (cap.
1898 3214 1980 3271 4);

1110 3282 1232 3317 recte
1286 3276 1421 3331 igitur
1466 3275 1719 3326 exturbare,
1766 3285 1853 3313 non
1903 3287 1983 3314 em..

1113 3334 1294 3377 turbari.
1344 3334 1532 3375 Monesis
1556 3345 1714 3374 nomen
1739 3331 1852 3386 apud
1871 3331 1982 3373 Dio-

1114 3407 1213 3435 nem
1250 3391 1360 3434 Lxu
1392 3393 1450 3434 20
1483 3397 1525 3432 et
1557 3395 1614 3435 22
1645 3391 1850 3432 scribitur
1876 3396 1983 3434 Mo-

1117 3457 1283 3505 γαίσης
1316 3451 1440 3492 etsie
1466 3450 1580 3503 apud
1598 3451 1821 3491 Horatium
1842 3448 1981 3492 Garm.

1119 3511 1177 3552 ΙΙΙ
1211 3511 1238 3553 6
1270 3510 1311 3553 9.
1377 3509 1443 3551 Cf.
1478 3515 1626 3552 annot.
1662 3508 1713 3550 ad
1748 3508 1805 3550 VI
1835 3509 1907 3551 36.

1241 3566 1343 3622 Cap.
1391 3569 1434 3610 3.
1518 3569 1783 3625 compositius
1831 3574 1986 3609 cuncta

1119 3628 1585 3730 pluanggestinantim:
1643 3641 1686 3670 v.
1735 3632 1883 3670 annot.
1932 3624 1986 3669 ad
