2280 4004
233 281 322 324 280
984 279 1277 322 ANNALIVM
1802 294 1844 325 a.
1876 294 1924 327 u.
1958 282 2062 330 818.v

232 435 558 488 perseverum
589 419 778 471 volunt.
831 418 1028 470 Initium
1061 420 1401 475 coniurationi
1433 435 1537 473 non
1572 438 1601 474 a
1634 423 1874 490 cupidine
1905 426 2065 493 ipsius
2081 427 2152 476 49

233 512 351 577 suit3
389 528 486 564 nee
511 517 680 563 tamen
717 510 869 562 facile
895 513 1282 564 memoraverim
1319 513 1431 579 quis
1462 515 1655 581 primus
1687 521 1883 584 auctor,
1921 519 2066 572 cuius

234 603 473 655 instinctu
503 602 757 654 concitum
796 601 862 653 sit
898 602 1034 669 quod
1072 607 1171 654 tarn
1203 603 1342 655 multi
1380 611 1715 672 sumpserunt.
1787 608 2068 676 Promptis-

233 694 389 745 simos
425 693 658 746 Subrium
686 693 892 745 Flavum
928 694 1183 745 tribunum
1219 697 1508 761 praetoriae
1546 698 1772 751 cohortis
1811 704 1863 752 et
1894 701 2066 768 &ulpi-

197 785 367 839 scium
402 784 621 851 Asprum
677 784 1028 837 centurionem
1067 780 1296 840 extitisse
1347 789 1631 841 constantia
1671 790 1833 844 exitus
1866 792 2062 844 decuit.

232 875 294 929 Et
318 875 551 931 Lucanus
573 877 814 928 Annaeus
841 876 1161 944 Plautiusque
1180 879 1460 932 Lateranus
1485 881 1658 933 vivida
1687 883 1804 934 odia
1830 883 2062 937 intulere.

232 969 486 1021 Lucanum
518 969 754 1035 propriae
783 983 970 1021 causae
1000 969 1366 1036 accendebant,
1402 972 1536 1037 quod
1574 973 1757 1025 famam
1788 975 2064 1028 carminum

233 1061 342 1114 eius
378 1061 640 1128 premebat
664 1062 818 1127 Nero,
856 1060 1286 1129 prohibueratque
1323 1068 1598 1130 ostentare,
1636 1080 1798 1118 vanus
1838 1067 2066 1119 aemula·-

231 1154 402 1206 tione:
467 1155 769 1206 Lateranum
827 1153 1087 1206 consulem
1141 1154 1462 1222 designatum
1519 1156 1654 1208 nulla
1720 1158 1904 1210 iniuria
1967 1160 2060 1212 sed

173 1258 220 1295 io
233 1261 378 1298 amor
411 1245 488 1299 rei
523 1245 758 1312 publicae
796 1245 1027 1297 sociavit.
1103 1245 1170 1297 At
1204 1245 1407 1298 Flavius
1431 1246 1709 1300 Scaevinus
1746 1254 1797 1301 et
1817 1250 2062 1303 Afranius

235 1337 552 1404 Quintianus,
590 1342 805 1403 uterque
836 1337 1083 1389 senatorii
1120 1337 1335 1403 ordinis,
1377 1342 1553 1390 contra
1581 1339 1763 1390 famam
1802 1340 1883 1392 sui
1918 1342 2065 1408 prin-

233 1429 416 1495 cipium
463 1429 588 1481 tanti
651 1428 898 1480 facinoris
941 1427 1284 1494 capessivere.
1358 1428 1483 1480 Nam
1522 1429 1775 1482 Scaevino
1816 1431 2060 1484 dissoluta

229 1519 350 1571 luxu
382 1535 526 1572 mens
563 1525 614 1572 et
650 1519 867 1586 proinde
902 1519 1005 1573 vita
1044 1533 1224 1571 somno
1262 1518 1537 1586 languida:
1590 1520 1893 1582 Quintianus
1924 1522 2063 1575 mel-

229 1611 336 1663 litia
370 1611 604 1678 corporis
636 1611 838 1663 infamis
870 1615 921 1662 et
947 1626 975 1662 a
1000 1611 1206 1663 Nerone
1235 1611 1489 1677 probroso
1519 1612 1743 1664 carmine
1773 1612 2062 1666 diffamatus

170 1727 215 1764 ¹5
233 1703 565 1756 contumelias
601 1702 757 1754 ultum
789 1702 909 1753 ibat.
983 1702 1123 1770 Ergo
1158 1702 1274 1754 dum
1305 1702 1504 1754 scelera
1526 1703 1787 1771 principis,
1828 1709 1879 1756 et
1911 1705 2148 1765 tinem5o

232 1795 417 1848 adesse
458 1795 670 1861 imperio
692 1834 706 1860 ,
760 1793 1187 1861 deligendumque
1223 1794 1308 1860 qui
1346 1794 1497 1847 sessis
1533 1795 1686 1847 rebus
1724 1801 2060 1863 succurreret,

229 1886 363 1942 inter
422 1901 480 1941 se
537 1890 621 1938 aut
683 1886 817 1942 inter
858 1884 1051 1943 amicos
1107 1884 1334 1951 iaciunt,
1394 1885 1750 1953 adgregavere
1799 1886 2061 1946 Claudium

353 2040 393 2085 1.
429 2039 723 2083 coniurationi
755 2037 880 2094 GMa,
920 2039 1238 2083 coniurationis
1278 2036 1393 2086 ACR
1426 2044 1470 2084 et
1509 2052 1606 2082 corr
1639 2038 1687 2083 G.
1809 2042 1852 2090 4,
1886 2041 2062 2097 uatium

232 2097 364 2142 GMfl:
400 2100 592 2141 correxit
620 2098 852 2141 Bekkerus
886 2112 940 2140 ex
971 2112 1010 2141 c.
1045 2098 1102 2142 58
1136 2104 1180 2140 et
1210 2097 1282 2145 67.
1385 2097 1428 2142 6.
1467 2113 1633 2146 anneus
1660 2096 1742 2147 Ma.
1835 2099 2063 2150 lateranus

230 2159 380 2202 consul
411 2160 657 2215 desiynatus
687 2157 754 2200 Ma
787 2172 884 2200 cum
918 2159 1093 2201 ceteris.
1244 2157 1287 2202 8.
1315 2158 1569 2215 premebant
1607 2170 1825 2215 supersor.
1857 2167 1873 2205 t
1903 2160 2063 2210 littaris

228 2225 276 2260 nt
307 2218 389 2263 Ma.
487 2218 817 2263 adsimulatione
834 2216 915 2272 Ma,
947 2216 1256 2264 assimilatione
1280 2215 1328 2271 G,
1351 2218 1673 2263 assimulatione
1704 2231 1802 2261 corr
1820 2218 1880 2262 G:
1909 2235 2062 2267 aemu-

228 2277 390 2319 latione
421 2277 610 2334 Lipsius,
730 2278 772 2326 9.
807 2278 1065 2335 disiqnatum
1095 2276 1187 2321 Ma:
1234 2277 1319 2322 eles.
1357 2279 1468 2335 (sic)
1505 2277 1552 2322 G.
1687 2279 1756 2323 10.
1789 2290 1937 2325 amore
1966 2275 2064 2330 Mar

230 2351 354 2381 amor
383 2350 482 2380 corr
517 2338 566 2381 G.
659 2338 785 2395 reip.
819 2336 900 2381 Ma.
997 2338 1065 2381 15.
1100 2336 1275 2379 multum
1304 2335 1393 2379 Ma:
1432 2343 1676 2381 correctum
1709 2339 1826 2383 inest
1845 2338 1894 2385 G.
1991 2339 2059 2390 16.

227 2398 411 2454 imperia
441 2396 523 2451 Ma,
555 2398 726 2454 imperii
755 2397 855 2440 BG:
887 2398 1066 2453 imperio
1098 2395 1226 2441 ACR.
1321 2395 1590 2454 deligendum
1620 2411 1671 2457 qq
1681 2412 1697 2454 3
1731 2399 1931 2455 (priusq
1961 2411 2061 2449 eum

226 2456 305 2499 lin.
338 2463 602 2511 transversa,
635 2457 680 2499 id
713 2463 793 2511 est,
817 2457 989 2513 quique)
1016 2454 1098 2510 Ma,
1132 2455 1400 2513 deligendum
1431 2458 1602 2512 quisque
1627 2456 1683 2502 G:
1717 2456 2066 2516 deligendumque

227 2518 299 2572 qui
330 2517 611 2563 Puteolanus.
713 2518 780 2562 17.
818 2516 1046 2560 Claudium
1077 2515 1241 2561 editor:
1276 2515 1451 2562 codices
1489 2516 1680 2562 Tullium.

318 2657 423 2714 Cap.
443 2659 515 2702 49.
579 2660 780 2701 Subrium
797 2659 1001 2702 Flauum:
1032 2661 1105 2700 vi-
1274 2660 1481 2715 propriae
1514 2673 1700 2701 causae:
1739 2660 1796 2702 cf.
1829 2659 1883 2702 ad
1916 2673 1954 2702 e.
1985 2661 2058 2704 31.

226 2719 334 2761 tium
357 2719 552 2760 Flavium
584 2718 627 2761 h.
651 2719 681 2761 l.
707 2721 752 2760 in
777 2718 838 2761 llla
872 2718 1104 2763 admissum
1277 2732 1414 2761 uanus
1435 2719 1744 2764 aemulatione:
1779 2719 1824 2762 h.
1842 2733 1884 2761 e.
1905 2732 2060 2762 aemu-

229 2792 283 2821 ex
315 2778 584 2820 assimilandi
634 2778 913 2821 aberratione
953 2784 1102 2820 natum
1189 2775 1307 2818 landi
1364 2777 1606 2832 cupiditate
1652 2778 1762 2820 adeo
1812 2791 1971 2821 vanum
2009 2792 2063 2822 se

230 2843 310 2880 est.
373 2838 467 2880 Hoc
509 2840 802 2892 corruptionis
845 2851 985 2895 genus
1017 2839 1103 2879 iam
1189 2836 1403 2890 ostendit,
1460 2843 1508 2878 ut
1554 2838 1609 2879 iis
1649 2837 1780 2880 rebus
1816 2840 2058 2880 *carminum

228 2896 396 2951 pridem
439 2898 484 2938 in
527 2897 663 2939 Taciti
711 2898 847 2940 libros
885 2899 1103 2939 invasisse
1187 2895 1350 2938 Lucani
1412 2897 1595 2954 gloriam
1643 2909 1842 2952 premere
1894 2897 2057 2952 veneo,

229 2956 332 2998 hinc
391 2958 682 3009 coniecerim,
741 2957 858 3012 quod
914 2957 1030 2998 idem
1077 2969 1103 2998 a
1188 2955 1345 3010 quihus
1394 2957 1573 2999 minime
1627 2956 1670 2998 id
1717 2956 1835 2998 effici
1887 2959 2059 3012 potuita

227 3015 372 3058 Dione
396 3016 511 3070 apud
531 3016 802 3070 Xiphilinum
827 3015 937 3058 LXII
969 3015 1027 3059 24
1059 3021 1104 3056 et
1187 3028 1265 3056 aus
1306 3015 1560 3071 Eifersucht
1607 3030 1700 3058 zum
1745 3016 1875 3058 eiecto·
1920 3016 2062 3059 meet

227 3075 271 3116 in
309 3077 526 3130 excerptis
559 3076 643 3118 Mai
674 3077 878 3134 Φλάβιος
904 3081 1101 3117 vocatur.
1186 3075 1398 3132 yreirend.
1463 3074 1589 3118 Conf.
1618 3075 1678 3116 tv
1709 3076 1767 3119 35
1800 3081 1908 3118 extr.
1962 3076 2061 3128 {hat

338 3134 610 3190 Plautiusque
650 3137 923 3177 Lateranus:
987 3133 1104 3189 quod
1188 3133 1516 3176 adsimulatione
1558 3134 1798 3179 defendere
1829 3141 2057 3189 conantur,

227 3195 428 3249 sequitur
460 3196 504 3236 in
541 3195 766 3238 codicibus
807 3193 956 3237 consul
989 3194 1103 3237 desi-.-
1186 3206 1341 3237 vanam
1375 3207 1551 3248 operam
1571 3195 1808 3237 insumunt.
1857 3193 2059 3238 Lucanus

225 3261 395 3309 gnatus,
429 3254 576 3310 glossa
599 3261 664 3296 est
687 3268 741 3296 ex
765 3257 964 3309 proximo
995 3267 1104 3295 eon..
1186 3252 1402 3295 Neronem
1437 3253 1777 3308 (citharoedum,
1803 3258 1932 3312 puto)
1950 3254 2060 3297 otim

226 3313 360 3354 sulem
396 3313 661 3370 desiynatum
695 3314 826 3356 facta.
869 3313 966 3355 lllic
990 3325 1098 3355 vero
1187 3313 1283 3366 ipse
1335 3313 1651 3356 celebraverat.
1730 3313 1989 3356 Suetoniusr‘
2013 3315 2059 3355 ln

226 3373 427 3428 apposite
458 3380 661 3415 monetur
682 3374 841 3434 ³fuisse
874 3372 1099 3415 consulem
1184 3373 1276 3412 vita
1309 3372 1501 3414 Lucani:
1541 3373 1687 3429 prima
1728 3374 1896 3428 inqenii
1924 3386 2059 3429 expe·-

227 3431 503 3488 designatum
526 3433 799 3486 Lateranum,
834 3439 881 3474 ut
907 3445 995 3474 non
1027 3433 1100 3473 in·-
1183 3432 1369 3473 rimenta
1410 3433 1457 3473 in
1489 3433 1673 3474 Neronis
1719 3430 1914 3474 laudibus
1945 3431 2059 3474 dedu

225 3491 338 3535 iuria
370 3506 395 3533 a
426 3493 623 3547 principe
652 3500 833 3548 accepta
866 3494 981 3533 hunc
1013 3492 1099 3532 im-
1185 3492 1492 3546 quinquennali
1521 3492 1771 3534 certamine.
1823 3492 1935 3533 Hine
1956 3491 2056 3533 Stu-

226 3550 398 3602 pulsum
460 3565 558 3594 esse
600 3552 771 3594 'l'acitus
829 3550 1096 3593 ostenderet.
1183 3551 1268 3591 tius
1318 3552 1362 3591 in
1397 3550 1684 3594 Genethliaci)
1715 3550 1879 3593 Lucani
1920 3548 2054 3604 (silv,

228 3608 423 3651 Glossam
471 3611 653 3655 seclusit
703 3611 957 3665 Bekkerus,
1011 3622 1098 3667 ego
1183 3608 1222 3650 11
1272 3610 1295 3652 7
1351 3610 1430 3667 58)
1482 3610 1725 3664 Calliopen)
1775 3609 1829 3651 de
1878 3608 2055 3659 Lucano

226 3666 387 3710 delevi.
1182 3669 1509 3723 praedicentem
1545 3669 1677 3712 facitt
1710 3676 1755 3711 tn
1784 3667 1904 3710 sedes
1933 3681 2055 3710 rese..
