2280 4004
834 319 997 364 LIBER
1025 318 1096 363 111.
1159 315 1277 362 Cu.»
1299 319 1428 362 3-5,
1952 312 2041 360 189

215 322 321 370 ειὈ.
354 326 427 371 w.
459 331 474 358 '³

218 469 440 538 patriae,
493 466 655 519 solum
693 465 911 533 Augusti
951 463 1278 532 sanguinem,
1329 461 1531 512 unicum
1571 459 1882 528 antiquitatis
1918 474 2042 527 spe-

219 561 383 612 cimen
427 557 761 626 appellarent,
806 555 1046 622 versique
1080 554 1142 605 ad
1185 552 1378 605 caelum
1417 568 1478 604 ac
1518 552 1643 604 deos
1683 551 1933 620 integram
1970 551 2040 602 illi

168 651 446 705 5subolem
500 665 560 700 ac
613 647 932 714 superstitem
987 646 1270 711 iniquorum
1313 649 1659 710 precarentur.
1752 644 1913 695 Fuere
1956 642 2040 708 qui

217 741 402 809 publici
440 739 632 792 funeris
668 753 899 805 pompam
939 737 1283 803 requirerent,
1337 740 1788 802 compararentque
1824 748 1952 801 quae
1990 734 2040 785 in

218 834 430 885 Drusum
468 836 661 898 patrem
701 829 988 881 Germanici
1027 829 1223 880 honora
1275 833 1324 879 et
1359 828 1626 896 magnifica
1667 828 1926 895 Augustus
1963 826 2082 878 se-s

219 925 388 977 cisset.
463 923 625 988 Ipsum
665 922 846 987 quippe
885 920 1163 986 asperrimo
1213 919 1392 972 hiemis
1433 920 1657 971 Ticinum
1705 934 1865 986 usque
1916 933 2042 985 pro-

217 1030 464 1084 gressum,
486 1028 651 1079 neque
682 1011 1040 1063 abscedentem
1069 1028 1096 1062 a
1132 1026 1348 1077 corpore
1374 1010 1522 1062 simul
1543 1010 1719 1062 urbem
1745 1010 2041 1072 intravisse3

218 1104 548 1157 circumfusas
586 1103 718 1154 lecto
746 1102 1067 1153 Claudiorum
1114 1103 1451 1167 Iuliorumque
1490 1101 1741 1169 imagines
1754 1119 1768 1164 3
1809 1101 2042 1152 defletum

216 1198 267 1248 in
308 1196 447 1260 forn,
502 1194 754 1246 laudatum
800 1208 892 1259 pro
930 1193 1154 1258 Rostris,
1217 1198 1397 1243 cuncta
1437 1208 1464 1243 a
1500 1192 1778 1243 maioribus
1822 1196 2041 1257 reperta,

216 1292 299 1339 aut
332 1302 459 1354 quae
495 1285 687 1353 posteri
731 1285 1033 1349 invenerint,
1078 1284 1343 1338 cumulata.
1417 1284 1484 1335 At
1516 1283 1819 1335 Germanico
1855 1299 1919 1334 ne
1954 1293 2110 1335 so-io

216 1378 331 1429 litos
370 1377 571 1443 quidem
607 1381 656 1428 et
695 1376 990 1442 cuicumque
1039 1375 1196 1426 nobili
1246 1375 1445 1426 debitos
1482 1374 1706 1426 honores
1748 1374 2045 1442 contigisse.

217 1471 350 1522 Sane
387 1483 570 1535 corpus
609 1468 673 1519 ob
713 1468 1132 1535 longinquitatem
1173 1467 1405 1519 itinerum
1459 1467 1682 1518 externis
1724 1466 1876 1518 terris
1916 1481 2047 1532 quo-

218 1576 316 1628 quo
351 1560 502 1612 modo
543 1565 838 1611 crematum:
893 1559 985 1610 sed
1023 1564 1160 1610 tanto
1209 1559 1349 1625 plura
1390 1559 1578 1610 decora
1619 1573 1737 1610 mox
1769 1558 1920 1609 tribui
1955 1573 2047 1624 par

220 1652 394 1716 fuisse,
433 1657 618 1718 quanto
645 1651 804 1717 prima
843 1650 950 1702 fors
988 1651 1297 1718 negavisset.
1370 1652 1484 1702 Non
1513 1651 1735 1715 fratrem,
1764 1650 1861 1701 nisi
1898 1649 2046 1701 unius

220 1743 323 1794 diei
359 1742 459 1808 via,
500 1757 603 1793 non
641 1746 887 1809 patruum,
928 1742 1104 1794 saltem
1143 1747 1288 1808 porta
1328 1747 1492 1806 tenuS,
1535 1741 1753 1793 obvium.
1829 1741 1923 1792 Ubi
1961 1741 2110 1794 illam

218 1838 444 1886 veterum
503 1834 758 1899 instituta,
823 1834 1133 1900 propositam
1186 1838 1301 1884 toro
1364 1832 1613 1901 effigiem,
1694 1832 1932 1885 meditata
1981 1832 2044 1884 ad

219 1925 511 1977 memoriam
546 1925 743 1977 virtutis
798 1924 1052 1990 carmina,
1109 1929 1158 1976 et
1192 1924 1510 1977 laudationes
1564 1929 1613 1976 et
1651 1924 1914 1988 lacrimaS,
1963 1924 2045 1976 vel

337 2085 379 2127 4.
413 2088 714 2139 compararent
735 2094 923 2138 quaeque
947 2082 1012 2125 M:
1037 2083 1226 2125 correxit
1241 2081 1496 2125 Beroaldus,
1563 2083 1630 2126 10.
1657 2088 1783 2139 autq5
1810 2082 1973 2138 posteri
1989 2082 2043 2126 M.

222 2149 266 2183 at
296 2141 561 2185 Beroaldus:
593 2142 633 2184 M
657 2149 744 2184 aut.
810 2142 878 2183 11.
914 2142 1074 2183 deditos
1093 2141 1153 2183 M:
1188 2143 1378 2182 correxit
1408 2141 1665 2184 Beroaldus.
1734 2144 1802 2186 12.
1837 2143 2047 2186 itenerum

223 2201 275 2244 M.
367 2207 508 2244 terras
539 2200 594 2244 M.
691 2201 758 2245 16.
786 2202 1052 2258 propositam
1083 2201 1302 2244 Muretus:
1338 2201 1378 2244 Μ
1405 2202 1712 2258 praepositam.

310 2341 420 2383 nihil
463 2349 604 2384 tamen
650 2342 858 2384 Tiberium
897 2367 954 2374 —
999 2343 1090 2384 ini-

223 2413 398 2454 quorum
445 2407 761 2457 precarentur.-
819 2402 963 2458 pergit
1011 2415 1088 2457 pro

222 2465 314 2501 arte
326 2473 404 2502 sua
421 2459 590 2502 Tacitus
605 2473 865 2516 praeparare
880 2461 1089 2504 lectorem

1174 2343 1309 2398 Lipsii
1365 2343 1619 2384 coniectura
1680 2342 1899 2384 Liviorum
1961 2356 2046 2385 non

1177 2414 1286 2457 opus
1321 2407 1401 2444 est.

1279 2475 1368 2503 non
1427 2464 1610 2518 fratrem
1628 2476 1642 2502 .·
1704 2461 2047 2517 reprehensores

222 2518 275 2560 ad
312 2520 566 2575 accipienda
604 2519 719 2575 dira,
763 2534 875 2577 quae
916 2521 1088 2563 tandem

223 2578 265 2619 in
320 2578 604 2634 Agrippinam
648 2585 691 2622 et
735 2586 901 2635 partem
953 2580 1089 2635 prolis

222 2642 388 2691 patrata
429 2645 543 2681 sunt.
607 2637 734 2682 Conf.
778 2639 814 2681 ll
855 2640 910 2683 72
943 2646 985 2682 et
1018 2641 1086 2682 75.

223 2695 365 2750 Iniqui
410 2697 593 2751 perinde
633 2698 693 2741 lv
734 2699 792 2742 68
835 2703 881 2740 et
920 2700 1090 2753 iniquus

227 2754 440 2797 Thraseae
484 2757 583 2798 XVl
623 2759 694 2801 21.
756 2758 894 2814 Magis
946 2763 1089 2801 autem

221 2826 346 2868 quam
399 2821 544 2858 cetera
594 2815 704 2858 haec
745 2816 879 2858 solum
909 2816 1092 2874 Augusti

219 2874 469 2927 sanquinem
500 2874 707 2916 adversus
739 2887 787 2917 se
819 2875 981 2918 dictum
1017 2875 1090 2917 Ti-

220 2930 367 2972 berius
389 2935 590 2987 accipere
608 2933 784 2975 debuit:
818 2936 980 2989 quippe
1004 2947 1090 2976 non

222 2990 304 3031 nisi
364 3003 445 3045 per
495 2992 772 3047 adoptionem
820 2993 862 3033 in
904 2994 1090 3051 Augusti

221 3047 393 3091 domum
425 3051 518 3105 ipse
551 3058 827 3105 pervenerat,
849 3053 1090 3109 Agrippina

221 3113 380 3160 autem,
397 3108 534 3152 Iuliae
552 3110 641 3152 filia
660 3116 702 3152 et
725 3111 868 3165 neptis
884 3113 1088 3169 Augusti,

222 3178 276 3263 gx
308 3167 402 3264 ipso
422 3171 635 3226 sanguine
656 3170 843 3227 Augusti
875 3173 1088 3227 originem

251 3236 322 3265 uxi
348 3255 358 3266 .

228 3323 231 3327 ,
311 3281 414 3336 Gap.
448 3285 489 3326 5.
542 3285 729 3327 Ticinum
758 3301 919 3341 usque:
973 3289 1088 3332 conf.

228 3340 426 3382 Valerius
447 3342 558 3384 Max.
595 3343 629 3384 V
647 3345 673 3386 5
690 3346 732 3387 3.
815 3344 1091 3390 Claudiorum

226 3399 510 3455 Iuliorumque
570 3402 777 3457 imayines
802 3418 815 3444 .-
876 3405 1090 3461 imagines

224 3457 431 3500 Claudiae
485 3461 628 3514 gentis
676 3463 925 3514 propositae
974 3471 1090 3517 sunt,

253 3518 324 3559 uia
366 3518 544 3573 gentilis
591 3520 686 3560 eius
740 3526 830 3561 erat
886 3520 1090 3564 Claudius

223 3530 401 3629 grume,
415 3576 702 3633 adiectaeque
725 3579 946 3631 Iuliorum,
976 3582 1088 3637 quod

224 3633 336 3677 idem
386 3637 613 3696 privignus
669 3638 856 3696 Augusti
905 3640 948 3681 in
993 3643 1088 3684 eius

226 3690 430 3755 familiam
455 3698 578 3755 quasi
596 3697 827 3746 translatus
842 3698 1086 3745 videbatur.

1175 2534 1302 2562 unam
1345 2520 1505 2563 Tiberii
1549 2520 1719 2563 domum
1760 2522 2047 2576 respicientes

1174 2593 1261 2621 non
1291 2583 1475 2636 fratrem
1496 2580 1731 2638 (Drusum)
1766 2587 1810 2623 et
1831 2593 1933 2622 mox
1961 2595 2050 2623 non

1170 2646 1373 2695 patruum
1411 2641 1455 2681 in
1497 2641 1696 2681 oratione
1732 2653 1811 2682 sua
1854 2647 2046 2695 ponunt:

1174 2699 1418 2754 principem
1469 2698 1660 2747 scilicet·
1698 2701 1947 2755 vituperare
2006 2707 2049 2742 et

1175 2771 1373 2814 pungere
1406 2759 1575 2801 volunt.
1640 2759 1778 2801 Huius
1817 2760 1944 2814 culpa
1977 2761 2047 2801 vi-

1175 2817 1357 2859 debatur
1408 2818 1523 2873 quod
1574 2817 1718 2860 funeri
1767 2819 1913 2860 fratris
1960 2832 2046 2862 non

1175 2876 1351 2932 longius
1413 2890 1672 2933 progressus
1729 2884 1795 2919 est
1851 2879 2047 2921 Drusus:

1175 2936 1290 2990 quod
1309 2935 1515 2979 Claudius
1548 2937 1682 2978 frater
1713 2938 1815 2979 item
1850 2950 1937 2979 non
1965 2940 2047 2980 nisi

1174 2994 1444 3037 'Tarracinam
1499 2998 1560 3051 (c.
1608 2999 1658 3053 2)
1712 2999 1953 3051 processit,
2005 2998 2049 3039 id

1174 3053 1347 3096 Tiberio
1365 3060 1518 3110 patruo
1534 3056 1676 3096 minus
1694 3057 1894 3110 imputari
1918 3070 2048 3111 posse

1176 3113 1425 3167 credebant,
1459 3127 1571 3169 quae
1605 3127 1735 3157 causa
1769 3128 1844 3156 cur
1866 3116 1931 3159 de
1965 3116 2048 3157 hoc

1174 3173 1426 3216 reticerent.
1488 3173 1661 3227 Lipsius
1706 3177 1868 3228 fratres
1916 3174 2046 3215 scribi

1174 3231 1331 3284 voluit,
1364 3231 1616 3274 waltherus
1646 3234 1830 3287 fratrem
1852 3233 2046 3274 retinens

1174 3304 1261 3330 non
1302 3293 1484 3345 fratrem
1534 3303 1610 3343 pro
1657 3290 1818 3332 nullum
1865 3294 2048 3346 fratrem.

1176 3350 1362 3402 positum
1395 3350 1580 3402 accepit.

1258 3409 1519 3464 propositam
1552 3415 1643 3449 toro
1688 3409 1895 3464 effiqiemt
1941 3422 2047 3463 pro..

1175 3467 1275 3519 poni
1324 3466 1614 3520 spectantium
1662 3467 1802 3509 oculis
1852 3468 1892 3508 in
1950 3470 2045 3523 ipso

1175 3531 1270 3565 toro
1302 3525 1624 3583 (Paradebette)
1657 3525 1828 3569 solebat
1855 3527 2044 3583 efligies,

1176 3589 1220 3624 ιιι
1254 3585 1294 3624 in
1326 3583 1597 3627 lectisternio
1625 3585 1803 3627 deorum
1831 3588 2045 3643 imagines

1175 3644 1217 3685 in
1251 3642 1379 3686 lectis
1418 3643 1735 3692 sternebantur.
1799 3645 1845 3688 In
1890 3645 2042 3689 codice

1173 3702 1287 3758 quod
1330 3709 1396 3748 est
1431 3706 1753 3763 ’praepositam,
1795 3705 1839 3749 id
1866 3704 2044 3766 ,indicat
