2280 4004
224 276 252 320 a
280 265 329 311 c.
366 267 434 312 19.
824 269 990 316 menn
1018 269 1071 317 11.
1135 270 1242 317 cir.
1275 244 1466 317 81483.
1967 274 2056 320 m

224 412 416 467 iustitio
445 414 803 469 desererentur
830 416 959 484 fora,
994 416 1351 470 clauderentur
1377 418 1570 471 domus.
1637 417 1827 471 Passim
1853 417 2054 471 silentia

223 511 273 560 et
309 508 543 576 gemitus,
584 509 708 560 nihil
746 510 1076 576 compositum
1115 512 1167 561 in
1206 512 1594 563 ostentationem
1615 529 1629 575 3
1668 515 1716 562 et
1754 524 2052 577 quamquam

222 614 388 667 neque
412 600 697 667 insignibus
719 601 996 669 lugentium
1022 602 1352 668 abstinerent,
1371 603 1519 655 altius
1545 603 1722 655 animis
1739 603 2048 655 maerebant.

221 691 372 743 Forte
407 692 784 759 negotiatoreS,
838 694 1042 744 vivente
1089 694 1253 745 adhuc
1290 694 1594 747 Germanico
1631 695 1776 763 Syria
1829 695 2046 763 egressi,

221 782 434 834 laetiora
491 782 556 834 de
606 782 885 834 valitudine
935 784 1043 835 eius
1085 785 1311 837 attulere.
1386 786 1560 838 Statim
1601 786 1822 852 credita,
1881 786 2087 838 statim&

220 873 421 942 vulgata
466 878 596 925 sunt.
671 875 732 925 Ut
770 875 981 941 quisque
1027 876 1238 941 obvius,
1290 878 1517 943 quamvis
1569 877 1750 929 leviter
1788 877 1956 929 audita
1994 877 2048 929 in

220 965 365 1031 alioS,
404 969 552 1031 atque
591 964 663 1015 illi
699 966 750 1015 in
789 966 960 1031 plures
998 967 1244 1019 cumulata
1287 966 1486 1035 gaudio*
1516 969 1842 1021 transferunt.
1918 969 2051 1021 Cur-

218 1038 333 1108 sa⁴nt
357 1070 450 1122 per
481 1055 687 1121 urbem,
724 1055 1006 1136 moliuntur·
1030 1058 1331 1133 templorum
1356 1059 1511 1111 sores.
1587 1061 1786 1112 Iuverat
1824 1059 2050 1111 creduli-

217 1150 367 1201 tatem
403 1162 507 1200 nox
556 1151 605 1199 et
645 1129 926 1214 promptior
971 1150 1104 1200 inter
1146 1134 1385 1202 tenebras
1433 1137 1745 1215 adfirmati03
1804 1167 1901 1203 nec
1950 1152 2048 1203 ob-

215 1238 339 1291 stitit
373 1238 515 1291 falsis
555 1239 810 1306 Tiberius,
877 1240 1042 1292 donec
1094 1246 1322 1308 tempore
1362 1257 1422 1293 ac
1474 1243 1638 1308 spatio
1688 1249 2112 1296 vanescerent.¹o

128 1331 275 1384 saEt
308 1331 521 1399 populus
559 1332 701 1398 quasi
737 1347 935 1384 rursum
979 1338 1202 1399 ereptum
1241 1334 1409 1385 acrius
1448 1333 1621 1385 doluit.
1698 1335 1950 1401 HonoreS,
1988 1340 2042 1386 ut

213 1422 324 1489 quis
365 1438 539 1475 amore
579 1424 632 1474 in
671 1425 1024 1477 Germanicum
1067 1430 1151 1476 aut
1186 1426 1395 1493 ingenio
1441 1426 1668 1492 validuS,
1723 1427 1911 1493 reperti
1949 1427 2046 1479 de·-

213 1514 476 1582 cretique:
526 1520 580 1566 ut
616 1531 802 1568 nomen
860 1516 969 1568 eius
1007 1516 1188 1569 Saliari
1246 1518 1471 1568 carmine
1530 1522 1800 1587 caneretur
1813 1536 1827 1582 3
1889 1518 2042 1570 sedes

214 1606 414 1660 curules
435 1608 774 1685 *sacerdotum
802 1609 1155 1683 Augustalium
1192 1609 1339 1674 lociS,
1357 1647 1363 1653 .
1381 1625 1633 1677 superque
1671 1625 1759 1662 eas
1790 1625 2044 1677 querceae

212 1712 436 1751 coronae
467 1680 832 1765 statuerent'ur3
867 1701 1015 1752 ludos
1044 1689 1304 1753 circenses
1341 1702 1530 1753 eburna
1568 1702 1766 1769 effigies
1791 1701 2014 1768 praeiret
2026 1715 2106 1766 3¹⁵

210 1805 341 1844 neve
378 1792 489 1859 quis
525 1793 708 1844 flamen
745 1798 828 1844 aut
864 1808 1027 1860 augur
1060 1794 1112 1843 in
1158 1793 1323 1844 locum
1367 1793 1681 1858 Germanici,
1738 1793 1837 1844 nisi
1871 1794 2041 1861 gentis

211 1883 395 1949 Iuliae,
453 1889 729 1936 crearetur.
803 1884 970 1936 Arcus
1012 1884 1170 1936 additi
1197 1885 1388 1936 Romae
1428 1890 1477 1936 et
1514 1885 1645 1951 apud
1681 1885 1843 1951 ripam
1877 1885 2039 1938 Rheni

212 1979 262 2026 et
296 1975 350 2025 in
383 1981 554 2027 monte
582 1976 761 2043 Syriae
793 1976 1011 2041 Aman0,
1054 1992 1165 2027 cum
1199 1977 1533 2042 inscriptione
1572 1992 1742 2028 rerum
1780 1982 2039 2044 gestarum

209 2081 269 2116 ac
305 2072 519 2119 mortem
574 2068 638 2118 ob
675 2083 782 2119 rem
831 2067 1083 2135 publicam
1126 2068 1331 2130 obisse3
1389 2068 1672 2134 sepulcrum
1709 2068 2031 2134 Antiochiae,

322 2224 366 2267 3.
398 2223 619 2265 merebant
647 2222 702 2265 Μ.
1237 2222 1279 2265 8.
1315 2219 1536 2278 templores
1567 2221 1622 2264 M.
1713 2223 1829 2277 fores
1860 2218 1915 2274 M,
1947 2230 2036 2263 non

206 2283 348 2337 flores.
438 2284 606 2326 iacuerat
640 2282 805 2324 editor:
838 2283 878 2324 M
909 2284 1055 2335 iuvat,
1089 2282 1262 2336 Lipsius
1294 2283 1414 2324 iuvit.
1510 2282 1577 2325 10.
1610 2280 1717 2336 falsi
1745 2282 1808 2324 M:
1847 2282 2038 2323 correxit

205 2339 462 2386 Beroaldus.
529 2343 598 2385 13.
632 2340 789 2383 saltari
818 2342 872 2385 M.
940 2342 1007 2384 14.
1042 2341 1272 2383 austalium
1303 2342 1358 2383 M.
1425 2342 1491 2384 17.
1530 2348 1631 2398 aput
1653 2341 1706 2383 M.
1776 2341 1843 2384 18.
1880 2354 2032 2383 ameno

205 2400 262 2443 M:
296 2403 485 2445 correxit
518 2401 775 2444 Beroaldus.
843 2402 910 2445 19.
945 2400 1214 2458 sepulchrum
1242 2401 1297 2443 M.

776 2223 816 2265 5.
853 2223 959 2280 eius]
994 2224 1060 2264 ius
1090 2223 1147 2265 M.

206 2534 459 2577 detrectare.
493 2534 576 2578 29:
597 2530 672 2574 sed
692 2546 825 2587 neque
847 2539 931 2574 cum
943 2533 1074 2587 fuisse

205 2593 496 2636 dubitaverim,
560 2592 638 2635 XII
692 2592 774 2635 43:
825 2606 905 2634 nec
961 2606 1076 2634 nunc

204 2654 514 2709 infecunditate
546 2652 783 2694 laboratur.
832 2651 879 2694 G.
914 2651 966 2694 6:
1002 2651 1077 2692 sed

202 2726 283 2754 nec
296 2714 475 2755 variare
496 2726 623 2767 yyros
639 2714 685 2752 in
704 2726 863 2753 morem
884 2718 1075 2752 nostrum

203 2773 421 2814 docentur.
486 2773 539 2813 V.
572 2770 780 2826 Madvigii
817 2783 984 2812 excurs.
1019 2769 1076 2811 ΙΙΙ

145 2881 150 2886 Α
202 2832 255 2874 ad
287 2831 379 2874 Cic.
414 2831 467 2872 de
499 2831 594 2872 Fin.
629 2844 671 2884 p.
704 2829 806 2872 816.

290 2891 522 2932 moliuntur
546 2889 794 2944 templorum
814 2891 955 2943 fores:
988 2900 1073 2928 nou

138 2944 148 2991 s
205 2948 259 2989 (le
291 2950 432 2990 ianuis
459 2948 647 2990 effractis
668 2946 746 2989 sed
768 2946 822 2988 de
846 2948 1073 2988 conamine

206 3014 368 3049 tantum
401 3007 517 3049 dicta
546 3012 646 3048 sunt
679 3007 762 3062 (sie
793 3005 916 3062 leyen
946 3005 1076 3047 Hand

204 3080 263 3107 cm
294 3067 360 3108 die
400 3067 566 3109 Thntren
599 3066 675 3108 der
712 3065 908 3124 Tempel).
962 3065 1074 3108 Suc-

202 3127 346 3167 tonius
397 3126 449 3168 dc
500 3125 581 3167 hac
630 3138 678 3167 re
730 3126 773 3166 in
827 3123 968 3181 Cal-ig.
1021 3124 1072 3167 6:

199 3186 360 3239 passim
392 3200 486 3226 cum
510 3184 734 3227 luminibus
767 3191 806 3225 et
824 3185 1004 3225 victimis
1027 3184 1074 3223 in

206 3242 460 3298 Capitolium
491 3257 741 3284 concursum
761 3250 834 3296 est,
867 3257 921 3284 ac
936 3256 1075 3299 paene

203 3300 396 3342 revulsae
429 3301 570 3356 templi
599 3304 715 3356 fores
735 3334 745 3354 ,
778 3315 831 3343 ne
867 3301 967 3356 quid
995 3315 1073 3357 98-

131 3367 133 3369 ’
202 3362 372 3402 seientes
401 3366 501 3401 vota
531 3360 710 3401 reddere
739 3368 1028 3402 morarentur.

289 3421 457 3461 iuverat
489 3417 782 3459 credulitatem
811 3433 899 3460 nox
919 3444 974 3451 —
994 3433 1075 3460 nec

204 3479 381 3519 obstitit:
430 3483 658 3532 postquam
690 3475 900 3519 laetitiam
931 3479 1073 3518 noctis

203 3544 245 3578 et
276 3537 395 3578 urbis
414 3543 575 3578 motum
598 3535 844 3590 descripsit,
878 3536 931 3577 ad
960 3543 1073 3577 tem-

203 3608 283 3649 pus
326 3597 524 3651 proxime
567 3594 849 3637 subsecutum
903 3594 1072 3637 delatus

202 3662 346 3699 intrat
383 3657 551 3699 iuverat
597 3680 652 3690 -—-
695 3669 807 3709 nox,
863 3659 951 3695 tum
993 3668 1072 3697 nec

1160 2531 1336 2582 obstitit,
1391 2541 1656 2584 componens
1696 2528 1932 2583 praeterita
1991 2532 2036 2571 et

1161 2591 1491 2644 consequentia.
1534 2589 1671 2631 Recte
1704 2588 1839 2644 igitur
1869 2602 1922 2630 ex
1939 2587 2034 2630 Me-

1160 2649 1274 2692 dicei
1314 2650 1433 2691 iuvat
1476 2648 1607 2691 elicui
1654 2649 1848 2690 iuverat:
1898 2647 2034 2702 Lipsii

1159 2711 1264 2751 iuvit
1297 2711 1425 2751 ctiam
1459 2709 1718 2751 binominus
1743 2706 1876 2749 hahet
1909 2719 2031 2749 com-

1160 2769 1466 2821 mendationis,
1501 2767 1617 2823 quod
1650 2781 1678 2808 a
1712 2772 1755 2808 et
1785 2768 1802 2808 i
1832 2772 2031 2808 nontam

1159 2828 1293 2870 facile
1335 2833 1378 2869 et
1429 2840 1561 2881 saepe
1609 2831 1850 2879 mutantur,
1904 2838 2031 2882 quam

1157 2886 1327 2928 mediae
1360 2887 1557 2940 syllabae
1601 2887 1643 2926 in
1677 2886 1717 2928 M
1757 2886 2030 2927 omittuntur.

1253 2944 1357 3000 Cap.
1405 2946 1474 2989 83.
1541 2945 1724 2986 honores
1755 2971 1811 2979 —-
1844 2945 2031 2986 decreti:

1159 3006 1252 3047 eius
1284 3002 1462 3047 senatus
1488 3004 1676 3047 consulti
1699 3007 1848 3047 aeneis
1873 3003 2031 3046 tabulis

1157 3065 1364 3120 insculpti
1415 3064 1623 3119 reliquias
1664 3060 1753 3106 Fea
1806 3062 2031 3118 evulgavit

1157 3126 1202 3165 in
1246 3124 1357 3166 libro
1403 3124 1472 3165 cui
1515 3123 1646 3165 index
1692 3121 1954 3163 Frammenti
1987 3120 2030 3161 di

1158 3182 1258 3224 fasti
1291 3182 1506 3225 consolari
1541 3196 1564 3223 e
1596 3181 1791 3222 trionfali
1835 3193 1877 3234 p.
1915 3177 2027 3221 XVI.

1160 3240 1564 3284 Conf.Niebuhrius
1589 3240 1738 3281 Museo
1771 3239 1912 3281 Rlien.
1948 3243 1977 3280 t.
2012 3235 2030 3279 1

1159 3313 1200 3354 p.
1234 3301 1482 3343 349—354.

1247 3360 1366 3400 sedes
1408 3358 1600 3399 curules:
1640 3355 1915 3399 ‘Germanico
1948 3356 2030 3402 de-‚

1161 3424 1305 3459 cretae
1348 3417 1560 3459 eiusmodi
1605 3419 1821 3473 [auratae]
1857 3415 2029 3458 curules

1159 3476 1286 3517 sedes
1318 3490 1396 3530 per
1429 3477 1554 3528 trina,
1588 3482 1634 3516 ut
1655 3477 1826 3530 opinor,
1860 3474 2031 3517 theatra

1158 3537 1272 3588 inter
1310 3535 1582 3577 sacerdotum
1611 3534 1918 3591 Augustalium
1950 3533 2029 3591 [cf.

1158 3591 1176 3634 1
1209 3594 1284 3651 54]
1321 3594 1471 3647 sedes3
1523 3600 1567 3636 et
1609 3607 1796 3637 coronae
1843 3595 1886 3635 in
1918 3594 1972 3636 iis
2004 3606 2029 3638 e

1158 3666 1337 3710 quercu,
1370 3653 1425 3696 ob
1462 3655 1583 3698 cives
1605 3654 1778 3699 scilicet
1802 3651 2026 3700 servatos’.
