2280 4004
242 298 329 353 nc
998 303 1293 349 ANNALtvm
1811 318 1852 350 a.
1878 311 1926 351 u.
1956 305 2064 352 807.

236 451 426 517 habuit,
465 451 583 502 illuc
618 462 964 516 progressum,
1002 463 1084 514 ne,
1123 448 1167 500 si
1207 447 1271 499 ad
1299 446 1626 514 accipiendas
1665 448 1840 516 copias
1866 447 2066 516 Syriam

236 544 527 594 intravisset
555 540 794 605 Corbu10,
829 540 1049 591 omnium
1083 555 1172 591 ora
1202 539 1255 590 in
1285 554 1341 592 se
1365 544 1588 591 verteret
1614 554 1832 606 corpore
1861 540 2063 608 iugem,

236 634 408 685 verbis
447 630 763 699 magnificiS,
803 635 852 682 et
890 646 1042 697 super
1077 631 1438 698 experientiam
1474 631 1875 697 sapientiamque
1912 630 2064 683 etiam

237 724 410 790 specie
437 722 659 774 inanium
688 722 905 774 validus.
980 711 1212 777 Ceterum
1237 727 1450 789 uterque
1476 723 1540 773 ad
1568 722 1863 791 Vologesen
1886 725 2116 791 regem9

199 815 424 866 snuntiis
448 813 750 879 monebant,
786 829 964 880 pacem
1004 828 1150 880 quam
1191 813 1376 865 bellum
1413 814 1613 880 mallet,
1651 813 1883 881 datisque
1919 813 2066 866 obsi·-

240 907 387 961 dibus
443 906 642 958 solitam
696 905 953 972 prioribus
1012 906 1350 958 reverentiam
1405 906 1456 956 in
1509 905 1745 973 populum
1785 907 2066 959 Romanum

239 998 574 1050 continuaret.
649 998 711 1049 Et
737 997 1041 1065 VologeseS,
1083 1012 1181 1064 quo
1217 997 1402 1049 bellum
1442 1013 1506 1049 ex
1540 997 1807 1049 commodo
1843 1001 2066 1064 pararet,

239 1107 303 1144 an
341 1095 395 1141 ut
431 1090 784 1142 aemulationis
823 1094 1088 1156 suspect-os
1126 1105 1232 1162 ¹per
1285 1104 1471 1142 nomen
1519 1089 1751 1141 obsidum
1788 1091 2065 1153 amoveret,

237 1182 391 1233 tradit
431 1181 778 1234 nobilissimos
829 1199 893 1234 ex
941 1181 1132 1233 familia
1170 1181 1551 1233 Arsacidarum.
1624 1181 1941 1247 Accepitque
1976 1193 2067 1232 eos

177 1283 225 1319 10
241 1274 469 1325 centurio
506 1274 752 1339 Insteius,
797 1273 860 1324 ab
895 1273 1144 1324 Ummidio
1187 1273 1371 1324 missus
1413 1273 1545 1325 forte
1578 1273 1752 1339 priore
1791 1272 1856 1324 de
1895 1286 2066 1337 causa,

238 1364 376 1416 adito
425 1381 569 1433 rege.
669 1365 816 1426 Quod
869 1370 1134 1431 postquam
1184 1363 1459 1416 Corbuloni
1511 1363 1768 1430 cognitum
1817 1367 1926 1428 est,
1988 1361 2069 1413 ire

234 1456 549 1522 praefectum
579 1456 806 1508 cohortis
834 1454 1039 1506 Arrium
1067 1457 1254 1507 Varum
1284 1459 1334 1506 et
1358 1455 1652 1521 reciperare
1678 1453 1887 1506 obsides
1911 1452 2067 1504 iubet.

235 1548 366 1600 Hinc
404 1552 568 1599 ortum
602 1547 735 1599 inter
771 1547 1085 1614 praefectum
1123 1552 1173 1599 et
1211 1547 1557 1599 centurionem
1597 1545 1817 1613 iurgium
1849 1561 1916 1598 ne
1953 1545 2072 1597 diu-

235 1639 334 1690 tius
372 1638 595 1691 externis
635 1638 927 1705 spectaculo
964 1642 1123 1704 esset,
1162 1637 1422 1690 arbitrium
1437 1636 1523 1690 rei
1559 1637 1823 1689 obsidibus
1853 1636 2072 1705 legatis-

175 1739 363 1797 ¹⁵que,
410 1730 493 1796 qui
534 1744 625 1782 eos
667 1729 949 1795 ducebant,
1001 1730 1318 1797 permissum.
1393 1729 1559 1795 Atque
1595 1727 1666 1779 illi
1706 1728 1771 1780 ob
1810 1733 2069 1802 recentem

236 1821 487 1888 gloriam,
529 1825 577 1873 et
617 1821 948 1873 inclinatione
990 1821 1206 1888 quadam
1247 1821 1398 1873 etiam
1434 1820 1687 1886 hostium,
1725 1818 2069 1872 Corbulonem

234 1913 539 1978 praetulere.
613 1913 758 1965 Unde
799 1913 1058 1965 discordia
1112 1913 1245 1964 inter
1294 1912 1482 1978 duceS,
1540 1916 1784 1978 querente
1818 1909 2068 1963 Ummidio

235 2009 502 2070 praerepta
541 2018 672 2070 quae
710 2004 817 2055 suis
854 2004 1084 2056 consiliis
1119 2004 1439 2071 patravisset,
1472 2008 1689 2055 testante
1728 2006 1906 2055 contra
1938 2002 2071 2054 Cor-

236 2094 424 2146 bulone
463 2108 568 2146 non
617 2094 757 2161 prius
810 2109 1114 2147 conversum
1166 2110 1340 2163 regem
1397 2094 1461 2146 ad
1517 2088 1833 2147 offerendos*
1859 2093 2068 2146 obsides

173 2191 222 2227 20
238 2199 385 2251 quam
434 2185 544 2252 ipse
582 2186 684 2238 dux
729 2186 864 2238 bello
909 2186 1134 2239 delectus
1173 2201 1291 2253 spes
1335 2186 1444 2238 eius
1495 2185 1559 2237 ad
1604 2190 1790 2239 metum
1836 2188 2068 2237 mutaret.

353 2398 394 2439 3.
433 2395 672 2452 maqnificis
703 2394 794 2450 Ma,
827 2399 1077 2454 maqnificus
1110 2396 1158 2439 G.
1268 2400 1312 2440 4.
1343 2397 1483 2454 specie
1514 2396 1753 2439 inanimum
1783 2394 1873 2439 Ma:
1917 2406 2070 2438 corre-

236 2461 351 2496 ctum
385 2456 429 2496 in
463 2454 511 2498 G.
637 2463 813 2511 uterque
846 2457 903 2499 ad
932 2458 1129 2514 uoloqese
1164 2445 1249 2509 Ma,
1280 2457 1415 2498 ceteri
1449 2457 1654 2497 omittunt
1683 2456 1754 2498 ad.
1876 2455 1918 2499 7.
1961 2468 2070 2510 quo-

235 2516 357 2556 modo
391 2513 482 2556 Ma:
517 2529 650 2570 aequo
682 2517 805 2558 modo
840 2516 899 2559 G·
934 2517 1221 2559 emendarunt
1252 2516 1472 2559 Meicerus
1507 2521 1550 2558 et
1582 2517 1788 2558 Mun-,etus
1855 2519 2071 2572 pararent

237 2574 310 2616 vel
336 2581 576 2630 pararetur
607 2588 657 2628 pr
687 2574 767 2618 Ma.
860 2576 903 2618 8.
952 2576 1222 2618 emulationis
1254 2574 1333 2617 Ma.
1434 2576 1500 2619 10.
1537 2575 1721 2617 Insteius
1752 2572 1834 2625 Ma,
1866 2586 1953 2616 non
1986 2572 2070 2615 Hi-

237 2635 389 2675 steius:
429 2633 543 2675 AGR
576 2639 618 2674 et
651 2633 926 2676 Oxonienses
958 2636 1185 2677 Histerius.
1298 2634 1456 2675 umidio
1490 2634 1571 2676 Ma.
1667 2634 1734 2676 15.
1769 2632 1841 2674 ille
1878 2645 1989 2675 corr.
2023 2632 2068 2672 in

236 2692 304 2733 illi
334 2693 414 2734 Ma.
506 2692 555 2733 ob
588 2704 658 2733 om
690 2692 781 2735 Ma:
815 2695 930 2736 inest
965 2694 1012 2736 G.
1109 2695 1176 2738 16.
1210 2692 1500 2734 inclinatione
1530 2691 1609 2736 Ma.
1705 2691 1949 2734 corbulone.
1987 2688 2067 2733 Ma.

242 2752 309 2795 17.
343 2751 504 2794 umidio
536 2749 617 2794 Ma.

330 2921 433 2977 Cap.
480 2921 521 2964 9.
587 2922 645 2963 ad
694 2922 927 2978 Vologesen
972 2937 1117 2980 reqem

240 2983 428 3024 nuntiis:
462 2981 614 3023 subest
644 2994 686 3023 v.
722 2983 864 3023 nuntii
887 2982 960 3024 vel
986 2982 1118 3038 leyati

240 3041 451 3082 nonnulla
472 3047 607 3083 motus
627 3055 678 3083 ac
702 3041 949 3083 directionis
972 3043 1116 3097 signi-

242 3101 405 3153 ficatio,
440 3112 580 3155 eaque
614 3099 752 3143 efficit
785 3106 831 3141 ut
863 3101 985 3157 iungi
1008 3113 1115 3155 pos-

242 3162 329 3203 sint
362 3172 458 3201 cum
491 3160 892 3215 praepositionibus
925 3160 1005 3214 ad,
1051 3162 1114 3214 in,

246 3226 288 3261 et
342 3219 440 3260 aliis
484 3231 581 3260 cum
634 3221 886 3261 accusativo
937 3220 1114 3262 iunctis.

245 3278 310 3320 ef.
347 3277 438 3320 Cic.
473 3279 516 3319 in
554 3279 676 3321 Verr.
711 3279 788 3322 lib.
813 3279 829 3321 l
856 3280 908 3323 15
937 3282 981 3332 δ.
1009 3279 1114 3323 136:

243 3352 338 3379 cum
369 3337 451 3378 sibi
492 3351 634 3380 omnes
677 3339 735 3380 ad
774 3339 898 3380 istum
930 3338 1111 3396 adleqa-

243 3398 379 3437 tiones
412 3396 609 3451 difficiles
640 3423 696 3430 —
727 3398 934 3440 viderent.
998 3398 1107 3440 lbid.

240 3455 481 3498 1144109:
516 3470 610 3497 cum
643 3458 684 3497 ei
715 3457 871 3513 leqatio
902 3459 991 3499 iam
1017 3458 1111 3500 Ro-

240 3527 354 3555 mam
399 3528 427 3555 a
477 3516 564 3555 suis
620 3517 779 3558 civibus
836 3524 941 3558 esset
993 3517 1108 3559 data.

239 3573 409 3614 Bonum
442 3574 519 3613 sed
562 3586 703 3615 rarum
747 3575 953 3630 loquendi
986 3589 1111 3618 usum

240 3631 341 3671 libri
375 3630 617 3674 deteriores
651 3635 766 3687 apud
802 3634 994 3676 Tacitum
1029 3648 1110 3677 ex-

238 3694 402 3750 puncta
444 3693 773 3750 praepositione
814 3700 1110 3739 removerunt.

1283 2923 1486 2966 Centurio
1508 2923 1716 2966 Insteius:
1749 2923 1860 2965 haec
1878 2922 2068 2964 nominis

1202 2981 1341 3024 forma
1373 2984 1503 3025 etiam
1537 2984 1580 3024 in
1624 2982 1764 3025 titulis
1809 2981 1922 3037 apud
1955 2982 2068 3024 Gru-

1201 3045 1340 3082 terum
1379 3044 1461 3086 172
1492 3044 1541 3094 7,
1575 3043 1663 3086 362
1698 3044 1745 3095 1,
1787 3042 2067 3084 Mur-utorium

1200 3102 1315 3143 2021
1358 3101 1401 3154 6,
1446 3106 1489 3142 et
1520 3101 1743 3144 Mediceus
1777 3101 1860 3143 sibi
1897 3105 2068 3143 constat

1201 3161 1331 3201 etiam
1367 3174 1405 3202 c.
1440 3160 1512 3203 39.

1288 3215 1510 3261 diversos:⁴
1542 3218 1716 3262 diversa
1747 3220 1990 3262 sentientes
2024 3222 2068 3260 et

1199 3278 1426 3321 voluntate
1467 3291 1546 3320 sua
1590 3279 1633 3319 in
1669 3281 1932 3321 contrarium
1965 3284 2069 3320 ten-

1199 3338 1368 3391 dentes,
1402 3338 1469 3380 die
1501 3337 1781 3381 Entzweilen.
1817 3337 1884 3381 Cf.
1915 3341 2063 3380 annot.

1196 3397 1248 3438 ad
1281 3397 1319 3439 11
1356 3400 1423 3442 10.
1546 3398 1737 3453 fascibus
1776 3396 2066 3453 imperatoriis

1195 3457 1327 3498 addi:
1373 3457 1515 3498 fasces
1548 3463 1592 3498 et
1624 3456 1852 3498 duodecim
1885 3455 2063 3497 lictores

1197 3517 1239 3557 in
1284 3517 1530 3570 principum
1574 3515 1820 3572 insignibus
1862 3513 1963 3555 inde
2007 3511 2062 3554 ab

1197 3587 1309 3616 anno
1343 3576 1443 3618 735.
1512 3587 1554 3616 v.
1589 3575 1672 3617 Dio
1704 3574 1797 3615 LIV
1832 3574 1910 3615 10·
1955 3573 1981 3616 ὁ
2012 3569 2064 3615 δὲ

1196 3635 1482 3702 Λυγουσιος
1502 3650 1580 3687 την
1598 3638 1690 3678 τῶν
1716 3631 1906 3677 ὑπάτων
1931 3631 2065 3683 ἐξου-

1199 3698 1309 3743 σίαν
1341 3687 1421 3739 διὰ
1450 3697 1554 3751 βίον
1595 3694 1776 3752 ἔλαβεν,
1825 3687 1945 3739 ὥστε
1982 3692 2064 3738 καὶ
