2222 4022
858 274 1020 322 LIBER
1043 275 1083 318 1.
1124 273 1238 318 Ciu».
1266 274 1303 316 1.
1978 276 2013 319 Β

191 417 539 471 sumebantur..
601 419 778 486 Neque
802 418 1154 472 decemviralis
1176 421 1402 484 potestas
1436 415 1566 467 ultra
1604 414 1879 480 biennium,
1914 428 2012 466 ne-

187 524 290 575 que
317 509 632 560 tribunorum
657 511 866 562 militum
902 509 1169 562 consulare
1198 509 1275 559 ius
1304 509 1389 559 diu
1416 507 1587 559 valuit.

1660 507 1773 558 Non
1800 506 2009 571 Cinnae,

192 615 296 651 non
347 598 512 653 Sullae
563 599 717 666 longa
767 599 1074 664 dominatio;
1117 603 1166 649 et
1213 597 1416 664 Pompei
1469 595 1739 661 Crassique
1786 595 2011 662 potentia
2076 615 2082 619 ·

196 692 295 743 cito
329 692 382 741 in
419 690 691 742 Caesarem
713 729 726 755 ,
775 690 952 756 Lepidi
1007 693 1155 754 atque
1191 686 1415 738 Antonii
1464 703 1602 739 arma
1637 686 1691 737 in
1725 685 2011 753 Augustum

195 795 415 845 cessere,
453 780 535 845 qui
574 782 753 828 cuncta
792 777 1067 828 discordiis
1095 777 1326 828 civilibus
1361 775 1499 827 fessa
1529 773 1732 826 nomine
1767 773 2049 840 principiss

192 869 286 922 sub
322 868 584 933 imperium
637 866 848 931 accepit.

923 865 1022 918 Sed
1068 865 1258 917 veteris
1306 864 1477 931 populi
1514 865 1728 918 Romani
1766 879 2012 931 prospera

192 959 274 1010 vel
311 958 526 1010 adversa
557 956 706 1007 claris
743 955 1075 1021 scriptoribus
1112 958 1392 1006 memorata
1429 959 1566 1018 sunt3
1603 955 2013 1022 temporibusque

193 1048 408 1122 Augusti
446 1046 676 1098 dicendis
708 1060 811 1096 non
845 1045 1055 1096 defuere
1088 1045 1278 1096 decora
1311 1045 1535 1112 ingenia,
1568 1045 1734 1096 donec
1765 1045 2015 1112 gliscente

194 1139 483 1192 adulatione
521 1138 915 1189 deterrerentur.

988 1136 1176 1187 Tiberii
1214 1134 1407 1201 Gaique
1448 1140 1497 1185 et
1527 1135 1723 1186 Claudii
1754 1151 1814 1187 ac
1848 1136 2018 1188 Nero-—

192 1231 271 1303 nis
307 1245 391 1282 res
431 1229 725 1281 florentibus
769 1227 892 1293 ipsis
933 1227 998 1278 ob
1038 1232 1220 1279 metum
1259 1226 1420 1279 falsae
1443 1266 1456 1292 ,
1497 1231 1762 1293 postquam
1801 1227 2017 1279 occide-
2035 1245 2081 1283 ιο

193 1327 339 1387 rant,
372 1321 661 1374 recentibus
699 1319 831 1371 odiis
873 1319 1185 1385 compositae
1227 1324 1357 1371 sunt.

1431 1318 1554 1370 Inde
1593 1318 1858 1370 consilium
1896 1318 2017 1369 mihi

192 1426 353 1481 pauca
395 1413 458 1465 de
493 1412 726 1481 Augusto
766 1415 816 1462 et
849 1416 1073 1463 extrema
1111 1410 1343 1476 tradere,
1381 1424 1501 1462 mox
1538 1409 1727 1461 Tiberii
1758 1409 2020 1477 principa-

194 1510 295 1557 tum
333 1509 382 1557 et
415 1509 602 1570 cetera,
636 1504 747 1556 sine
778 1503 852 1554 ira
886 1508 935 1555 et
967 1502 1152 1567 studi0,
1182 1516 1394 1568 quorum
1426 1516 1606 1554 causas
1631 1501 1809 1568 procul
1835 1501 2018 1554 habeo.

311 1674 353 1717 4.
377 1671 710 1730 lapidiatqueM:
731 1672 919 1714 correxit
949 1668 1205 1713 Beroaldus.
1267 1668 1309 1713 6.
1332 1670 1403 1722 R„
1431 1681 1518 1712 non
1541 1669 1743 1724 Romani,
1763 1666 1818 1712 M.
1884 1665 1924 1713 9.
1946 1637 2022 1711 de·-

196 1740 462 1777 tcrrerentur
492 1733 559 1787 M,
591 1746 676 1775 non
708 1733 1015 1776 decer-crentur.

184 1876 307 1920 ,dixit
322 1875 708 1920 Drakenborchius
731 1874 785 1918 ad
799 1876 912 1919 Livii
931 1874 1066 1918 Prae-

199 1938 407 1979 tationem
440 1939 484 1988 ὃ.
526 1940 571 1990 1,
607 1936 660 1978 de
693 1936 790 1978 aliis
826 1937 927 1989 alii3
974 1948 1066 1976 rem

199 1998 244 2038 in
289 1998 541 2038 universum
585 1995 834 2049 expendere
885 2001 1068 2037 conatur

201 2054 356 2098 Cicero
388 2057 433 2096 in
453 2054 632 2097 Oratore
656 2055 712 2098 56
747 2055 843 2106 189,
878 2054 932 2095 de
957 2054 1069 2095 Ora-

201 2120 294 2156 tore
328 2115 384 2155 111
423 2114 477 2157 47
525 2113 629 2166 182,
686 2113 980 2165 Quintilianus
1011 2112 1070 2154 IX

201 2174 231 2216 4
263 2174 318 2218 72
349 2187 443 2229 sqq.

290 2246 425 2287 neque
457 2229 750 2273 decemviralis
774 2238 962 2286 poteslas
997 2230 1069 2272 ‘ul-

202 2299 272 2334 tra
304 2293 546 2333 biennium.-
599 2290 905 2332 decemviralis
938 2296 1068 2344 pote-

201 2356 287 2394 stas
309 2351 463 2392 diffusa
483 2363 561 2405 per
581 2351 707 2390 trium
733 2361 942 2391 annorum
964 2362 1069 2404 spa-

202 2413 265 2453 tia
294 2424 437 2466 neque
461 2411 643 2464 primum
668 2422 752 2450 nec
783 2411 959 2450 tertium
984 2411 1068 2450 im-

201 2470 341 2524 plevit
375 2476 528 2510 totum.
595 2469 744 2509 Livius
783 2468 841 2509 111
876 2468 1066 2510 33-54,

202 2529 440 2584 Dionysius
458 2529 510 2570 A.
525 2528 576 2569 R.
603 2528 640 2568 X
662 2527 835 2570 56—x1
867 2528 936 2570 50.
977 2527 1069 2568 Ita-

203 2601 288 2643 que
323 2588 394 2630 hic
423 2594 586 2639 noster,
619 2587 718 2628 dum
751 2587 903 2629 scribit
934 2600 1069 2641 neque

204 2659 259 2680 ·—-
289 2648 407 2689 ultra
438 2648 676 2699 biennium,
710 2648 956 2700 oppositum
991 2658 1069 2687 co-

205 2707 360 2762 gitavit
388 2720 475 2748 non
507 2719 638 2747 unum
669 2705 911 2747 alterumve
944 2718 1070 2746 men-

205 2779 321 2819 sem,
353 2767 430 2808 sed
461 2766 621 2821 integri
654 2765 755 2805 anni
790 2771 987 2818 tempus,
1028 2770 1071 2805 et

205 2827 269 2866 sic
298 2830 419 2866 recte
460 2824 568 2865 dixit
602 2837 713 2879 quae
760 2825 932 2877 posuit:
965 2835 1071 2877 pro-

206 2885 322 2924 xime
358 2886 472 2925 enim
504 2888 601 2936 post
622 2883 846 2923 biennium
875 2884 1072 2936 sequitur

208 2942 456 2983 triennium.
518 2941 613 2983 Non
652 2941 766 2982 bene
799 2941 982 2982 wolfius
1030 2947 1072 2982 et

209 2999 473 3053 Waltherus,
492 3000 568 3042 ille
587 3012 665 3041 sno
683 3002 882 3041 acumine
901 2999 1071 3053 ductus,

208 3058 280 3105 hic
321 3066 438 3101 tanta
479 3063 738 3101 auctoritate
779 3066 1071 3101 transversum

209 3124 345 3172 actus,
379 3118 654 3161 crediderunt
683 3131 771 3159 non
804 3120 888 3160 nisi
920 3118 1072 3175 legiti-

209 3189 322 3218 mum
358 3177 705 3220 decemvirorum
739 3179 965 3231 imperium
993 3178 1074 3219 de-

210 3237 400 3290 signari:
434 3250 531 3277 nam
549 3244 716 3291 septem
740 3248 930 3287 menses,
964 3248 1074 3290 quos

211 3307 266 3335 ex
315 3297 443 3336 tertio
497 3308 609 3336 anno
663 3295 730 3336 illi
785 3294 1076 3336 delibaverint

212 3352 330 3407 (Liv.
347 3352 403 3394 111
420 3353 477 3396 38
494 3358 629 3409 sqq),
649 3365 736 3393 non
755 3354 822 3394 ius
842 3353 978 3394 fuisse
999 3353 1077 3395 sed

211 3413 312 3466 vim,
346 3419 390 3454 et
423 3414 509 3454 vim
542 3414 586 3452 in
621 3411 714 3452 dies
748 3412 1042 3453 incertiorem.

313 3473 578 3514 tribunorum
626 3469 804 3510 militum
853 3469 1077 3510 consulare

211 3530 303 3571 ius:
338 3531 390 3573 ab
423 3542 534 3573 anno
565 3530 650 3571 310
685 3528 818 3584 (309)
852 3540 989 3583 usque
1025 3526 1079 3568 ad

212 3589 296 3632 387
329 3590 457 3633 modo
497 3589 657 3631 tribuni
697 3588 881 3629 militum
916 3599 1079 3628 consu-

213 3647 294 3692 lari
324 3656 568 3708 potestate,
598 3646 726 3691 modo
761 3645 962 3691 consules
997 3659 1078 3690 an-

1110 1732 1177 1773 13.
1211 1736 1386 1772 caetera
1415 1728 1470 1772 M.

1152 1886 1287 1915 nuum
1319 1872 1548 1927 imperium
1586 1870 2020 1914 administraveruntt

1153 1934 1247 1975 Liv.
1266 1934 1326 1975 IV
1350 1934 1373 1975 7
1392 1946 1487 1988 sqq.
1533 1932 1601 1973 Ad
1623 1931 1854 1973 militarem
1883 1931 2023 1972 tribu..

1153 2005 1308 2034 norum
1339 1997 1601 2046 potestatem
1632 2003 1795 2033 novum
1835 1991 2024 2032 accessit

1154 2058 1200 2092 ut
1230 2054 1298 2093 ius
1329 2052 1541 2093 dicerent.
1595 2050 1688 2091 Hoc
1717 2050 1833 2092 ultra
1863 2062 2023 2091 annum

1152 2111 1238 2154 387
1272 2123 1360 2151 non
1394 2110 1549 2152 valuit.

1239 2183 1328 2211 non
1362 2170 1544 2222 Cinnae,
1584 2181 1673 2208 non
1712 2167 1862 2211 Sullae
1895 2166 2026 2223 lonya

1155 2229 1416 2271 dominatio.-
1458 2235 1501 2271 et
1530 2226 1672 2269 Cinna
1713 2233 1757 2269 et
1788 2226 1909 2270 Sulla
1945 2227 2025 2267 do-

1152 2290 1312 2330 minum
1335 2289 1441 2344 egit,
1472 2287 1735 2343 legibusque
1763 2287 2026 2340 contemptis

1154 2354 1198 2389 et
1229 2347 1447 2404 neglectis
1472 2345 1683 2388 institutis
1704 2348 1915 2387 maiorum
1948 2345 2028 2386 ille

1153 2407 1410 2449 consulatus
1427 2407 1659 2447 continuos
1674 2406 1738 2459 (a.
1749 2404 2025 2460 667-670),

1156 2467 1229 2508 hic
1260 2466 1520 2507 dictaturam
1556 2470 1814 2518 perpetuam
1848 2466 1911 2518 (a.
1939 2463 2029 2505 672

1155 2525 1325 2583 -675J
1347 2525 1432 2567 sibi
1467 2524 1708 2580 arrogavit.
1754 2522 1851 2564 Non
1883 2523 2025 2563 minus

1155 2591 1259 2639 apte
1291 2584 1423 2639 paulo
1455 2588 1555 2637 post
1586 2581 1730 2624 Crassi
1759 2581 2028 2636 Pompeique

1150 2645 1369 2700 potentia,
1406 2644 1586 2684 Antonii
1619 2647 1763 2684 autem
1800 2647 1844 2683 et
1874 2639 2029 2693 Lepidi

1155 2716 1281 2744 arma
1302 2707 1627 2744 memorantur:
1662 2714 1761 2742 nam
1782 2700 1846 2742 illi
1881 2701 2030 2740 socie-

1155 2769 1246 2804 tate
1279 2775 1375 2804 cum
1409 2760 1598 2803 Caesare
1631 2761 1739 2801 inita
1773 2758 1957 2800 multum
1985 2758 2030 2797 in

1155 2835 1203 2863 re
1239 2821 1417 2875 publica
1448 2824 1664 2874 poterant,
1699 2819 1742 2859 hi
1775 2819 1904 2859 armis
1933 2828 2029 2857 ma-

1157 2880 1373 2935 nibusque
1406 2879 1591 2920 militum
1627 2877 1850 2919 valebant.

1247 2941 1318 2993 qni
1365 2946 1520 2980 cuncta
1566 2936 1791 2979 discordiis
1841 2932 2032 2976 civilibus

1157 3000 1273 3053 fessa
1293 2999 1464 3038 nomine
1480 2997 1691 3054 principis
1714 2995 1787 3036 sub
1809 2994 2033 3050 imperium

1159 3058 1356 3113 accepiet
1394 3057 1523 3098 aliter
1544 3070 1596 3098 ac
1618 3055 1765 3096 mitius
1791 3055 1903 3095 hanc
1927 3064 2032 3092 sen-

1158 3119 1338 3158 tentiam
1362 3116 1545 3168 protulit
1568 3117 1611 3155 in
1635 3116 1861 3167 prooemio
1881 3111 2034 3151 Histo-

1158 3177 1317 3215 riarum
1353 3174 1395 3229 (Ι
1429 3176 1504 3231 1):
1534 3180 1756 3229 postquam
1781 3195 1836 3203 --
1871 3181 2034 3209 omnem

1156 3234 1392 3289 potentiam
1424 3233 1482 3272 ad
1518 3245 1649 3272 unum
1691 3230 1883 3283 conferri
1910 3225 2034 3282 pacis

1160 3292 1371 3346 interfuit.
1417 3290 1483 3331 De
1506 3290 1716 3344 principis
1748 3287 1815 3341 (h.
1841 3299 1879 3327 e.
1907 3286 2032 3339 prin-

1162 3364 1266 3404 ceps
1316 3353 1517 3404 senatus)
1570 3348 1746 3387 nomine
1790 3344 2033 3387 Octaviano

1163 3407 1339 3449 Caesari
1363 3407 1540 3448 decreto
1574 3419 1612 3447 a.
1636 3404 1720 3447 726
1749 3403 1832 3445 Dio
1859 3402 2035 3444 Cassius

1162 3466 1253 3508 Lm
1289 3468 1335 3507 1:
1383 3467 1446 3523 τῷ
1481 3466 1530 3508 δὲ
1569 3464 1676 3518 ἑξῆς
1710 3465 1800 3508 ἔτει
1839 3462 1971 3506 ἕκτον
2011 3461 2035 3503 ὃ

1163 3530 1356 3582 Καῖσαρ
1391 3522 1509 3581 ἦρξε,
1540 3519 1781 3570 καὶ-τὰς
1816 3520 2035 3579 ἀπογρα-

1165 3580 1264 3644 φὰς
1315 3586 1562 3634 ἐξετέλεσε·
1627 3586 1705 3627 καὶ
1771 3583 1822 3626 ἐν
1875 3582 2039 3627 αὐταῖς

1164 3643 1272 3704 πρό
1291 3659 1357 3705 xo
1379 3658 1507 3696 ιτος
1557 3643 1661 3698 τῆς
1709 3643 2039 3701 γερουσίας
