2280 4004
176 1555 212 1602 6
228 1581 231 1586 .

218 314 254 362 ¹a
288 315 335 361 C.
369 313 557 363 29-31.

231 467 379 528 atque
418 476 479 514 eo
507 459 791 526 procacius,
836 457 1093 508 libidinem
1127 458 1463 524 ingenim-uni.

856 310 1018 354 LIBER
1054 311 1104 353 V.
1169 309 1275 354 Gn.
1309 310 1439 354 3-6.

1948 311 2055 363 ‚309

1538 454 1681 508 Unde
1719 455 1792 506 illi
1829 455 1903 508 ira
1939 456 2055 507 vio-

231 553 416 605 lentior
456 556 503 602 et
543 549 776 601 materies
818 548 1146 599 criminandi:
1186 553 1404 612 spretum
1446 547 1672 598 dolorem
1710 547 1952 614 principis
1992 548 2054 599 ab

232 648 426 706 senatu,
457 639 1026 713 (¹OSCiV5⁵⁸9-.l291?}!,¹l‚¹.¹¹¹3
1058 639 1220 689 audiri
1250 639 1344 689 iam
1375 644 1424 690 et-
1449 639 1552 706 legi
1576 653 1735 690 novas
1768 639 2051 702 contiones,

591 706 684 712 ‘-..-„

232 750 364 786 nova
403 738 595 799 patrum
637 720 889 794 censulta;
926 731 1044 796 quid
1084 730 1328 796 reliquum
1367 730 1465 781 nisi
1505 735 1557 780 ut
1593 736 1832 797 caperent
1867 730 2053 782 serrum

231 805 297 890 et,
334 823 550 890 quorum
582 821 830 888 imagines
866 836 958 886 pro
984 820 1186 872 vexillis
1226 821 1386 872 secuti
1417 821 1600 885 forent,
1637 821 1794 873 duces
1834 822 2094 888 impera-75

174 914 469 981 moresque
505 913 826 980 deligerent?
900 913 1059 978 Igitur
1091 911 1280 962 Caesar
1320 912 1544 978 repetitis
1583 912 1852 968 adversum
1894 928 2056 979 nepo-

230 998 328 1059 tem
365 1010 414 1057 et
439 1019 616 1056 nurum
653 1003 871 1069 probris,
900 1003 1246 1068 increpitaque
1273 1018 1364 1068 per
1399 1003 1618 1054 edictum
1645 1003 1809 1069 plebe,
1851 1008 2056 1070 questus

179 1112 198 1148 *2
230 1097 359 1164 apud
394 1101 564 1163 patres
605 1094 740 1161 quod
778 1094 957 1145 fraude
995 1093 1141 1144 unius
1174 1093 1427 1145 senatoris
1460 1094 1783 1160 imperatoria
1821 1095 2056 1146 maiestas

230 1187 370 1239 elusa
417 1186 617 1254 publice
670 1185 831 1249 foret,
907 1185 1105 1253 integra
1158 1190 1341 1236 tamen.
1374 1184 1472 1235 sibi
1530 1190 1709 1237 cuncta
1767 1185 2052 1252 postulavit.

228 1279 334 1331 Nee
374 1277 501 1329 ultra
543 1277 1025 1342 deliberatumque
1076 1275 1240 1327 minus
1292 1290 1393 1326 non
1434 1275 1635 1341 quidem
1689 1281 1912 1328 extrema
1962 1276 2120 1328 (ie-ie

231 1374 498 1424 cernerent
547 1368 625 1431 (id
682 1368 815 1419 enim
871 1368 1135 1433 vetitum),
1196 1368 1285 1419 sed
1335 1372 1540 1433 paratos
1593 1367 1656 1418 ad
1716 1367 1958 1419 ultionem
2006 1369 2054 1418 vi

229 1461 470 1529 principis
507 1459 737 1526 impediri
776 1465 1096 1512 testarentur.

369 1553 614 1613 Quattuor
649 1556 700 1602 et
740 1551 1073 1619 quadraginta
1129 1553 1387 1603 orationes
1431 1567 1582 1618 super
1633 1569 1691 1603 ca
1733 1568 1788 1603 rc
1836 1551 2053 1615 habitae,

230 1660 294 1695 cx
331 1643 442 1710 quis
484 1642 548 1693 ob
587 1647 768 1694 metum
803 1658 1012 1708 paucae,
1053 1642 1223 1708 plures
1264 1642 1598 1694 adsuetudine
1643 1683 1654 1693 .
1699 1683 1708 1692 .
1752 1682 1762 1693 .

361 1730 500 1786 ‘Mihi
554 1733 796 1798 pudorem
853 1738 934 1784 aut
984 1733 1168 1785 Seiano
1230 1733 1472 1785 invidiam
1528 1734 1807 1786 adlaturum
1863 1734 2124 1793 censuissi‘r»

352 1870 388 1909 1.
412 1868 641 1923 proca-tius
674 1868 726 1908 M.
829 1870 869 1909 2.

904 1868 1119 1909 crtmcmdt
1151 1868 1204 1908 M.

1317 1868 1361 1915 7..
1390 1875 1583 1922 quaestus
1612 1868 1665 1909 M.
1790 1870 1831 1910 8.
1867 1877 1968 1926 aput
2001 1871 2055 1912 M.

235 1928 302 1970 13.
337 1929 507 1982 postv.
542 1933 801 1968 testarentur
833 1927 959 1967 trium
993 1932 1255 1982 quattuorve
1285 1927 1525 1969 litterarum
1557 1927 1743 1982 spatium
1777 1941 1961 1971 vacuum
1994 1937 2059 1971 est

232 1988 274 2027 in
308 1987 368 2038 M,
402 1998 518 2028 novo
551 1998 680 2028 versu
714 1986 954 2040 incipiente
987 2000 1011 2027 a
1043 2000 1082 2028 v.
1119 1987 1341 2039 Quattuor.

230 2099 304 2143 sed
337 2094 432 2141 raro
455 2099 663 2141 brevibus
687 2097 918 2141 momentis
936 2113 1101 2141 summa

231 2157 502 2209 vertuntur,'
529 2164 615 2198 tum
661 2170 764 2199 vero
806 2171 892 2199 vox
939 2173 1103 2200 sumina

232 2218 344 2261 haud
362 2217 493 2260 dubie
519 2216 703 2258 obscure
724 2218 942 2274 signifieat
956 2219 1100 2259 Seiani

231 2278 470 2333 potentiam
492 2277 990 2327 aversantis-Germanici
1020 2277 1102 2318 do-

233 2350 366 2389 mum,
399 2335 452 2377 de
485 2349 569 2391 qua
597 2350 719 2391 posse
751 2337 860 2380 verti
890 2342 1008 2378 recte
1032 2335 1101 2377 di-

235 2398 362 2448 eitur,
396 2407 481 2435 non
515 2396 619 2436 item
655 2396 779 2437 verti.

326 2454 643 2510 quandoque—-
666 2456 781 2496 sem‘:
817 2468 944 2497 causa
970 2454 1097 2496 huius

232 2515 318 2556 loci
352 2513 540 2554 nondum
574 2515 712 2556 sanati
737 2527 878 2570 neque
912 2527 1099 2569 unquam

231 2574 404 2628 penitus
452 2571 631 2615 sanandi
687 2573 798 2615 haee
843 2579 933 2626 est,
985 2573 1101 2628 quod

232 2645 317 2674 non
368 2645 498 2673 unum
528 2632 789 2675 alterumve
840 2632 1099 2675 vocabulum

233 2690 408 2745 excidit,
427 2691 503 2732 sed
527 2696 641 2732 totus
664 2705 829 2735 versus,
865 2691 1099 2734 Rhenanus

232 2749 366 2792 edidit
398 2750 662 2805 dandumque
695 2752 966 2794 interstitium
994 2765 1100 2806 poe-

232 2810 438 2851 nitentiae
468 2810 609 2859 sene's3
652 2810 878 2852 Ernestius
911 2810 1101 2851 coniecit

234 2867 499 2922 dandumque
531 2869 578 2909 in
616 2870 885 2911 Germant'cis
921 2869 1103 2925 spatium

230 2926 521 2982 paenitentiae
556 2928 662 2978 seni,
695 2928 932 2981 Seyffertus
961 2941 1101 2983 quan-

235 2984 367 3038 doque
397 2997 426 3025 a
453 2985 721 3027 Germanicis
751 2987 919 3029 initium
944 2987 1101 3044 poeni-

235 3043 393 3084 tentiae
434 3044 551 3096 seni,
592 3042 929 3102 Bezzenberger
962 3059 1100 3101 qnan-

235 3101 367 3157 doque
411 3117 431 3144 e
475 3102 744 3145 Germanicis
787 3105 960 3147 exitium
994 3118 1101 3161 ροσε

235 3161 443 3203 ηίιεηιὶαε
504 3163 626 3204 seris.
720 3163 814 3219 Ego
877 3166 917 3204 in
987 3165 1100 3204 notis

237 3218 402 3273 critieis
445 3218 659 3272 indicavi,
711 3222 925 3277 quomodo
970 3222 1101 3263 verba

237 3277 386 3331 elapsa
403 3277 687 3332 probabiliter
703 3280 895 3335 suppleri
919 3282 1099 3335 possint.

336 3334 441 3391 Cap.
484 3336 526 3380 6.
590 3352 716 3393 super
767 3353 818 3380 ea
866 3354 942 3380 re:
997 3338 1103 3380 (licit

237 3394 438 3447 Drusum,
472 3394 607 3437 fllium
636 3396 1100 3451 imperatorisTiberii,

237 3467 369 3509 opera
413 3453 563 3495 Liviae
607 3456 806 3511 coniugis
849 3462 891 3498 et
933 3455 1101 3497 scelere

238 3513 383 3556 Seiani
401 3513 633 3567 sublatum,
657 3526 742 3555 non
758 3515 1101 3556 coniurationem

240 3572 384 3614 Seiani
419 3586 442 3614 a
474 3572 615 3615 Satrio
657 3573 855 3615 Secundo
889 3573 1100 3627 proditam

241 3628 442 3689 (v147):
475 3632 695 3674 orationes
716 3634 830 3674 enim
855 3638 1102 3674 senatorum

241 3687 296 3732 de
325 3690 626 3736 coniuratione
660 3691 736 3737 illa
769 3691 939 3737 habitas
960 3698 1102 3735 metus

1459 1988 1525 2029 15.
1561 1986 1683 2028 attat.
1720 1986 1790 2029 Or.

1189 2101 1350 2156 potius·
1379 2114 1503 2156 quam
1549 2099 1779 2154 adsuetudo
1826 2103 2055 2156 expressit.

1187 2159 1252 2200 De
1307 2160 1474 2215 ingenti
1537 2159 1657 2200 hiatu
1720 2161 1952 2202 Annalium
2017 2163 2060 2202 in

1189 2219 1412 2260 Breuiario
1448 2218 1628 2260 dictum.

1276 2278 1325 2319 ob
1367 2284 1758 2333 metum'paucae:
1810 2286 2060 2321 senatorum

1188 2337 1450 2379 nobilissimi
1495 2348 1580 2385 non
1630 2340 1813 2380 tamsui
1847 2338 2062 2396 purgandi

1189 2409 1319 2437 causa
1354 2396 1406 2438 de
1441 2396 1639 2441 facinore
1658 2397 2062 2454 LiviaeSeianiquc

1190 2455 1320 2496 verba
1342 2455 1544 2498 fecerunt
1579 2455 1687 2511 (boe
1715 2457 1829 2498 enim
1847 2456 2062 2513 flagitium

1188 2515 1240 2556 ad
1274 2515 1390 2568 ipsos
1423 2526 1507 2554 non
1533 2517 1756 2570 pertinere
1781 2517 1885 2557 satis
1913 2516 2063 2572 lique-

1187 2574 1306 2630 bat),
1349 2586 1474 2629 quam
1519 2574 1632 2629 quod
1686 2587 1806 2619 more
1859 2575 2062 2616 traditum

1188 2638 1300 2685 crat,
1345 2639 1390 2673 ut
1431 2633 1513 2674 viri
1568 2634 1764 2690 insignes
1819 2634 1871 2676 de
1934 2634 2062 2677 rebus

1187 2691 1460 2750 gravioriIies
1495 2699 1744 2746 promerent
1773 2706 1885 2749 quae
1918 2697 2063 2735 senti-

1188 2757 1297 2794 rent.
1365 2751 1599 2793 Versamur
1634 2754 1676 2793 in
1713 2753 1833 2794 exitu
1867 2753 1968 2794 anni
2003 2755 2059 2796 31.

1189 2815 1267 2866 (z
1314 2810 1450 2867 7840:
1506 2811 1709 2853 eonsules
1757 2813 1927 2854 suffecti
1970 2818 2059 2853 tum

1188 2875 1311 2911 crant
1344 2869 1570 2911 Fulcinius
1614 2870 1710 2912 'l'rio
1755 2877 1798 2912 et
1833 2871 2058 2913 Memmius

1189 2927 1403 2985 ReguluS.

1255 2987 1395 3029 *mitti
1432 2989 1661 3044 pudorem:
1721 3000 1814 3030 raro
1860 2989 2060 3030 fortunae

1189 3045 1375 3089 ludibrio
1430 3052 1528 3101 post
1586 3049 1813 3104 ingentem
1862 3047 2058 3088 lacunam

1187 3106 1271 3154 duo
1313 3106 1520 3148 versiculi
1566 3113 1767 3160 quattuor
1800 3130 1855 3136 —-
1901 3105 2058 3146 adsuc-

1188 3165 1330 3206 tmlc'nc
1364 3166 1612 3205 conservati
1645 3170 1758 3204 sunt.
1824 3163 1909 3203 Iam
1943 3164 2056 3204 enim

1188 3236 1300 3263 nova
1335 3225 1457 3263 ruina
1492 3222 1626 3262 muna
1662 3223 1805 3263 traxit.
1866 3222 1968 3262 Nam
2005 3235 2057 3262 ex

1189 3282 1308 3322 curia
1357 3286 1535 3334 repente
1580 3282 1621 3321 in
1675 3279 1847 3320 domum
1899 3280 2060 3333 privati

1190 3340 1376 3379 bominis
1414 3339 1608 3380 translati
1645 3351 1807 3389 snmus,
1845 3337 2059 3394 legimus..

1188 3411 1271 3452 qne
1292 3397 1580 3453 fragmentum
1606 3398 1816 3437 orationis
1836 3397 2057 3438 cuiusdam

1191 3456 1269 3497 xiri
1322 3455 1481 3497 nobilis
1526 3456 1580 3496 ol»
1624 3456 1858 3497 amicitiam
1911 3455 2058 3497 Seiani

1189 3516 1406 3566 accusati,
1452 3517 1524 3569 qui
1566 3514 1745 3556 ‘deserta
1800 3514 2058 3556 defensione

1190 3586 1284 3613 enm
1345 3574 1495 3614 anneis
1564 3579 1826 3627 postremum
1887 3572 2058 3615 locutus

1189 3632 1508 3673 (intimationem
1526 3631 1773 3674 voluntario
1788 3631 1908 3672 obitu
1927 3645 2054 3687 prae-

1190 3692 1333 3735 vertit.
1381 3705 1622 3749 .9enerum.·
1659 3705 1697 3735 v.
1733 3692 1784 3740 ad
1820 3691 1875 3734 Vl
1906 3691 1949 3736 8.
