2280 4004
1005 283 1298 331 ANNAlen

1816 301 1858 333 a.
1889 296 1934 333 u.
1962 286 2068 336 01⁷.

242 426 327 479 ubi
387 427 664 481 defecisset
717 428 856 494 dies,
924 426 977 480 in
1029 444 1174 482 usum
1231 431 1467 483 nocturni
1522 431 1725 486 luminis
1782 438 2065 488 urerentur.

198 524 200 526 ’
241 518 429 572 Hortos
461 534 582 571 suos
612 520 658 571 ei
687 521 978 586 spectaculo
1004 523 1140 575 Nero
1165 522 1431 590 obtulerat,
1474 530 1524 577 et
1558 526 1792 579 circense
1818 526 2067 579 ludicrum

215 611 443 676 ¹emebat,
486 611 659 690 babitu
690 613 904 681 aurigae
939 615 1215 680 permixtus
1235 615 1370 683 plebi
1407 616 1489 668 vel
1528 618 1781 670 curriculo
1810 618 2066 672 insistens.

217 701 417 766 Unde,
458 717 757 771 quamquam
798 694 1044 759 adversus
1080 712 1256 783 sontes
1292 695 1342 759 et
1377 708 1655 761 novissima
1694 709 1922 777 exempla
1954 723 2071 763 rne—

203 789 397 868 s}ritos‚
433 794 691 846 miseratio
738 796 1024 863 oriebatur,
1062 789 1312 865 tamquam
1348 813 1452 850 non
1487 799 1701 853 utilitate
1735 800 1936 868 publica
1977 800 2068 855 sed

229 873 294 937 ³in
328 887 591 939 saevitiam
634 888 783 940 unius
821 889 1220 943 absumerentur.

202 979 205 981 *
243 977 344 1029 niis
385 983 673 1044 pervastata
718 979 887 1046 ltalia,
933 982 1231 1047 provinciae
1273 997 1515 1049 eversae,
1554 984 1786 1051 sociique
1817 983 1988 1051 populi
2021 987 2072 1038 et

242 1084 372 1137 quae
413 1070 686 1122 civitatium
721 1070 916 1124 liberae
951 1079 1215 1126 vocantur.

1301 1075 1457 1142 Inque
1495 1089 1606 1127 eam
1645 1076 1884 1143 praedam
1920 1077 2071 1130 etiam

245 1160 295 1212 di
334 1176 571 1227 cessere,
626 1163 857 1229 spoliatis
891 1164 943 1214 in
979 1165 1106 1217 urbe
1152 1165 1379 1232 templis,
1444 1171 1727 1234 egestoque
1767 1181 1892 1220 auro
1935 1166 2069 1235 quod

180 1251 538 1320 intriumphiS‚
598 1254 733 1320 quod
779 1255 912 1307 votis
969 1256 1133 1308 omnis
1178 1255 1348 1324 populi
1385 1259 1600 1311 Romani
1649 1263 1788 1311 aetas
1826 1273 2072 1326 prospere

242 1348 328 1398 aut
363 1345 417 1396 in
452 1350 587 1396 metu
622 1353 932 1398 sacraverat.

1005 1346 1278 1400 Enimvero
1313 1365 1406 1416 per
1429 1349 1604 1402 Asiam
1642 1354 1792 1417 atque
1825 1349 2072 1402 Achaiam

241 1451 346 1488 non
373 1437 506 1489 dona
543 1442 732 1489 tanturn
768 1438 859 1491 sed
884 1440 1154 1492 simulacra
1187 1442 1444 1493 numinum
1476 1442 1870 1508 abripiebantur,
1903 1442 2074 1495 missis

244 1527 296 1581 in
333 1543 422 1581 eas
458 1529 750 1596 provincias
791 1531 984 1582 Acrato
1034 1547 1094 1584 ac
1129 1532 1366 1585 Secundo
1408 1532 1660 1585 Carinate.

360 1685 395 1727 1.
429 1699 508 1726 usu
541 1682 643 1727 GMa
675 1698 771 1728 cum
805 1685 931 1728 aliis:
963 1700 1084 1730 usum
1101 1685 1383 1730 Puteolanus.

240 1740 367 1787 GMaz
412 1757 466 1786 ex
497 1744 536 1786 A
579 1746 769 1787 correxit
800 1745 1011 1800 Ryckius.

237 1805 360 1847 seuit.
393 1802 473 1846 Ma.
567 1805 607 1847 7.
646 1819 792 1847 euerse
825 1804 905 1848 Ma.

242 1866 311 1910 13.
338 1864 553 1908 saecundo
587 1863 666 1908 Ma.

237 2009 292 2053 ad
312 2009 452 2053 Lucil.
481 2009 561 2054 14:
596 2012 738 2067 cogita
768 2010 851 2053 hoc
880 2010 973 2052 loco
1007 2023 1112 2052 car-

238 2084 378 2113 cerem
410 2077 449 2112 et
481 2084 630 2112 cruces
658 2078 698 2113 et
729 2071 927 2127 equuleos
959 2076 999 2112 et
1025 2082 1111 2112 un-

238 2145 356 2183 cum,
401 2156 456 2163 —
504 2130 625 2172 illam
668 2132 857 2174 tunicam
898 2131 1113 2173 alimentis

235 2192 399 2246 iynium
444 2197 483 2232 et
515 2190 671 2233 illitam
713 2198 752 2233 et
787 2198 959 2234 textam.
1023 2190 1112 2232 Po-

236 2257 397 2295 sti-ema
425 2249 537 2292 haec
559 2251 694 2293 verba
715 2251 927 2294 Senecam
959 2251 1112 2306 paucis

237 2317 338 2354 ante
360 2316 543 2353 mortem
566 2311 720 2354 diebus
740 2310 958 2354 adiecisse
981 2316 1112 2365 puto:

235 2384 334 2413 nam
370 2382 457 2411 non
490 2370 626 2412 multo
671 2377 769 2426 post
802 2371 912 2413 haec
944 2370 1115 2412 nefaria

235 2430 407 2474 scelera
438 2443 462 2472 a
493 2429 667 2473 Nerone
709 2431 826 2474 edita
857 2431 967 2472 mori
1006 2442 1112 2471 coa-

237 2497 331 2534 ctus
366 2495 446 2533 est.
519 2490 703 2533 Martial.
743 2492 774 2533 X
816 2491 872 2534 25
917 2491 969 2534 5:
1011 2503 1114 2531 nam

236 2566 331 2594 cum
363 2551 533 2592 dicatur
576 2552 724 2592 tunica
757 2557 987 2607 praesente
1017 2562 1114 2591 mo-

236 2612 344 2654 lesta
373 2611 465 2652 ‘ure
497 2610 697 2662 manmn',
746 2610 843 2666 plus
875 2617 935 2651 est
969 2609 1112 2651 dicere

233 2671 336 2713 ‘non
354 2670 502 2725 facio'.
549 2669 769 2723 Sulpicius
789 2670 978 2712 Severus
1000 2669 1112 2710 Hist.

235 2743 359 2774 sacra
393 2729 429 2771 11
461 2729 519 2774 29
566 2731 610 2781 §.
655 2731 702 2770 1:
752 2729 895 2785 opinio
928 2729 1114 2769 omnium

235 2789 446 2834 invidiam
476 2788 668 2831 incendii
697 2789 746 2830 in
772 2788 1016 2844 principem
1037 2801 1114 2829 re·-

237 2849 472 2905 torquebat,
508 2848 843 2903 credebaturque
878 2850 1115 2903 imperator

236 2910 422 2968 yloriam
438 2908 713 2950 innovandae
743 2908 861 2950 urbis
883 2908 1111 2962 quaesisse.

240 2970 387 3024 Neque
417 2968 510 3009 ulla
540 2982 588 3010 re
615 2968 729 3010 Nero
764 2967 977 3023 efficiebat
1013 2967 1117 3021 quin

239 3030 293 3072 ab
326 3041 374 3070 eo
406 3028 565 3070 iussum
598 3027 844 3069 incendium
871 3033 1113 3083 putaretur.

243 3090 382 3146 lqitur
419 3088 547 3130 vertit
576 3087 785 3129 invidiam
814 3087 863 3128 in
898 3086 1116 3127 Christia-

242 3163 335 3200 nos,
369 3154 574 3202 actaeque
605 3147 652 3188 in
671 3148 872 3189 innoxios
904 3145 1118 3187 crudelis-

243 3211 377 3251 simae
409 3208 691 3263 quaestiones.
764 3207 876 3259 Quin
909 3213 947 3248 et
981 3218 1119 3247 novae

244 3275 402 3312 mortes
433 3268 717 3323 excoqitatae‚
734 3273 780 3308 ut
801 3269 997 3322 ferarum
1027 3272 1118 3307 ter-

243 3330 310 3385 qis
343 3328 526 3370 contecti
566 3327 734 3369 laniatu
777 3339 933 3368 canum
963 3326 1121 3366 interi-

243 3395 365 3440 rent‚·
424 3386 546 3428 multi
606 3386 802 3428 crucibus
859 3386 985 3441 affixi
1046 3391 1121 3425 aut

247 3449 420 3503 {lamma
450 3446 565 3499 usti3
593 3446 787 3502 plerique
820 3447 867 3487 in
898 3445 944 3486 id
974 3457 1121 3486 reser-

245 3508 363 3559 vati,
407 3513 453 3548 ut
497 3520 593 3547 cum
639 3506 862 3560 defecisset
909 3505 1020 3556 dies,
1074 3504 1122 3544 in

246 3579 367 3607 usum
408 3566 611 3606 nocturni
659 3565 830 3607 luminis
873 3569 1118 3605 urerentur.

248 3623 428 3666 'l'ertnlh
463 3624 652 3681 Apolog.
688 3637 726 3666 c.
761 3624 841 3667 50:
877 3622 976 3665 licet
1006 3634 1123 3664 nunc

248 3683 545 3729 sarmenticios
568 3689 607 3726 et
632 3683 862 3727 semiaxios
884 3679 1120 3743 appelletis,

1142 1748 1185 1791 4.
1229 1759 1385 1802 quanq.
1420 1743 1500 1789 Ma.

999 1806 1040 1851 9.
1076 1805 1137 1847 dii
1166 1805 1246 1850 Ma.

772 1865 981 1908 Carinate
1024 1866 1314 1909 Puteolanus:
1347 1864 1415 1909 Ma
1447 1868 1718 1924 caminatae,
1753 1866 1789 1910 G
1821 1867 2073 1926 Capi-inette.

1734 1532 1824 1585 Ille
1861 1532 2074 1586 libertus

1477 1688 1521 1731 3.
1560 1687 1715 1746 auriqe
1745 1686 1826 1731 Ma.
1911 1651 2074 1732 circulo

1609 1745 1652 1790 5.
1694 1754 1810 1803 tanq.
1844 1743 1925 1791 Ma.
2029 1748 2072 1792 6.

1345 1809 1413 1850 10.
1449 1813 1538 1848 etas
1555 1805 1635 1850 Ma.
1734 1809 1803 1850 11.
1824 1821 1975 1864 asyam
1990 1806 2070 1851 Ma.

1201 2011 1302 2067 quia
1340 2009 1399 2052 ad
1438 2009 1621 2067 stipitem
1665 2007 1832 2052 dimidii
1874 2010 1971 2052 axis
2001 2022 2077 2052 re-

1198 2070 1334 2112 vincti
1371 2076 1687 2112 sarmentorum
1728 2070 1888 2113 ambitu
1926 2069 2078 2112 auo-i-

1198 2144 1309 2173 mur.
1374 2131 1563 2174 Severus
1605 2127 1832 2172 insolitum
1878 2129 1964 2172 sibi
1992 2138 2079 2172 vo-

1201 2189 1403 2232 cabulum
1455 2190 1706 2245 flammandi
1750 2188 1940 2231 reddidit
1999 2201 2080 2245 per

1197 2252 1370 2306 flamma
1404 2250 1489 2292 usti
1499 2264 1515 2302 ,-
1546 2249 1886 2307 Bezzenberg-er
1916 2248 2078 2292 frustra

1199 2311 1338 2353 suasit
1368 2311 1544 2365 {tamma
1571 2309 1691 2352 nudi.

1286 2369 1431 2411 hortos
1469 2382 1595 2412 suos:
1643 2374 1761 2410 trans
1798 2366 1988 2410 Tiberim
2027 2367 2075 2408 in

1199 2428 1318 2471 valle
1341 2429 1575 2482 Vaticana3
1601 2428 1659 2471 cf.
1681 2427 1782 2470 XIV
1813 2427 1882 2480 14,
1900 2426 1987 2468 XV
2002 2425 2077 2470 39.

1307 2489 1541 2531 novissima
1588 2486 1808 2544 exempla.-
1859 2492 2077 2528 extremus

1200 2560 1366 2603 poenas
1400 2550 1445 2590 in
1479 2547 1728 2602 exemplum
1760 2547 1912 2589 ituras.

1292 2607 1396 2662 Cap.
1429 2608 1501 2651 45.
1583 2606 1856 2662 conferendis
1881 2605 2080 2662 pomi-‘⁸

1201 2691 1258 2700 --
1287 2667 1541 2723 provinciae
1572 2679 1774 2708 eversae.-
1806 2665 1864 2708 cf.
1894 2665 2076 2707 Sueton.

1199 2726 1303 2769 Ner.
1335 2727 1408 2770 38.
1484 2725 1569 2768 Dio
1600 2725 1714 2768 an
1748 2724 1816 2768 18.
1878 2723 2077 2766 Ecca-sae

1197 2786 1453 2842 provinciae
1471 2817 1484 2839 ,
1516 2792 1564 2827 ut
1592 2784 1652 2828 111
1683 2784 1743 2830 28
1770 2784 2081 2839 multorumque

1203 2847 1340 2888 excisi
1372 2852 1522 2888 status.

1292 2918 1400 2947 auro
1424 2905 1535 2961 quod
1554 2903 1792 2960 triumphis,
1815 2902 1928 2958 quod
1946 2903 2079 2945 votis:

1199 2965 1370 3008 ‘aurum
1418 2978 1442 3007 e
1490 2963 1749 3019 triumphiS,
1804 2964 2082 3005 coronarium

1206 3026 1360 3079 capio:
1382 3025 1498 3080 quod
1522 3025 1607 3066 iam
1633 3037 1712 3078 per
1730 3023 1843 3065 alios
1862 3023 2080 3064 innotuit:

1205 3085 1300 3127 sive
1334 3085 1465 3126 etiam
1498 3082 1614 3139 quod
1657 3083 1710 3125 ab
1743 3081 2081 3138 imperatoribus

1205 3156 1283 3200 per
1324 3143 1567 3197 triumphos
1609 3141 1806 3195 illatum;
1872 3155 1897 3184 e
1947 3143 2080 3195 votis,

1206 3203 1323 3259 quod
1365 3208 1543 3245 senatus
1596 3202 1640 3244 in
1683 3215 1732 3244 re
1776 3200 1948 3256 trepida
1987 3200 2081 3243 Iovi

1206 3263 1394 3319 aliisque
1433 3261 1517 3304 diis
1559 3262 1765 3304 vovebat.
1850 3260 2082 3304 Petronius

1205 3322 1290 3366 88:
1353 3324 1441 3379 ipse
1485 3328 1683 3374 senatus,
1745 3322 1855 3363 recti
1905 3321 2083 3376 bonique

1201 3390 1483 3439 praeceptor,
1540 3380 1656 3424 mitte
1681 3381 1824 3438 pondo
1858 3381 1959 3422 auri
1990 3381 2083 3423 Ca-

1202 3442 1351 3499 pitolio
1392 3442 1642 3498 promittere
1679 3440 1813 3494 solet,-
1871 3445 1946 3482 aut
1996 3439 2081 3493 ipsi

1207 3501 1411 3544 consules
1434 3506 1719 3556 praetoresve
1751 3501 1795 3541 in
1826 3499 2078 3554 provincias

1207 3567 1251 3604 et
1271 3561 1327 3603 ad
1348 3560 1512 3603 bellum
1533 3561 1661 3603 ituri:
1693 3560 1845 3602 Livius
1867 3555 2003 3600 xxxi
2027 3556 2076 3600 92

1207 3619 1327 3664 ludos
1360 3621 1454 3664 Iovi
1480 3620 1716 3675 donumque
1737 3630 1889 3661 vovere
1921 3627 2081 3658 eonsu-

1208 3679 1289 3724 lem
1320 3681 1390 3724 cui
1421 3680 1655 3738 provincia
1685 3675 1950 3722 Macedonia
1980 3678 2080 3718 eve-4

1309 891 1505 944 Interea
1547 890 1876 945 conferendis
1909 895 2155 960 pecu-45

2242 295 2251 317 Ι
