2280 4004
274 277 365 331 160
1058 279 1352 325 ANNAlem

1845 299 1885 333 a.
1917 294 1963 336 n.
1992 287 2103 337 811.-

410 423 665 475 Hactenus
696 422 832 474 Nero
869 421 1075 491 flagitiis
1112 428 1162 476 et
1193 424 1473 479 sceleribus
1506 426 1791 482 velamenta
1829 430 2184 500 quaesivit-45

273 513 603 581 Suspectabat
641 514 855 566 maxime
895 513 1184 568 Cornelium
1220 516 1437 585 Sullam,
1473 533 1656 572 socors
1693 520 1953 589 ingenium
1988 522 2101 576 eius

271 605 324 656 in
366 604 674 656 contrarium
716 605 951 673 trahens,
1003 607 1340 676 callidumque
1379 614 1428 662 et
1465 610 1809 665 simulatorem
1845 613 2104 682 interpre«

270 695 443 747 tando.
519 697 678 758 Quem
729 702 915 750 metum
951 699 1166 775 Graptus
1218 716 1282 755 ex
1334 700 1532 755 libertis
1565 703 1833 771 Caesaris,
1897 720 1993 757 usu
2049 710 2102 759 et

233 792 478 842 ssenecta
510 789 716 858 'Tiberio
753 790 979 858 abusque
1009 791 1209 845 domum
1240 793 1522 860 principum
1561 794 1791 862 edoctus,
1830 796 1916 848 tali
1951 812 2099 850 men-

271 878 419 931 dacio
452 880 682 933 intendit.
754 882 885 935 Pons
910 883 1126 937 Mulvius
1151 885 1203 936 in
1232 900 1294 938 eo
1331 891 1558 952 tempore
1583 886 1801 940 celebris
1833 891 2097 940 nocturnis

269 970 545 1025 inlecebris
584 978 721 1038 erat3
758 975 1135 1043 ventitabatque
1176 977 1296 1028 illuc
1331 977 1499 1043 Ner0,
1540 993 1638 1044 quo
1673 978 1885 1031 solutius
1919 980 2097 1033 urbem

268 1068 410 1115 extra
447 1063 722 1117 lasciviret.
797 1067 955 1134 Igitur
989 1068 1304 1135 regredienti
1334 1084 1427 1135 per
1461 1069 1596 1122 viam
1622 1069 1915 1123 Flaminiam
1953 1080 2098 1125 come

264 1155 458 1220 positas
503 1156 746 1222 insidiaS,
801 1157 1007 1224 fatoque
1058 1159 1301 1224 evitatas,
1364 1160 1602 1226 quoniam
1655 1160 1861 1212 diverso
1913 1159 2096 1214 itinere

201 1258 249 1295 10
265 1246 597 1301 Sallustianos
631 1249 682 1299 in
719 1249 896 1301 hortos
933 1251 1253 1315 remeaverit,
1293 1256 1653 1318 auctoremque
1691 1251 1802 1304 eius
1840 1251 1945 1304 doli
1979 1251 2096 1307 Sul-

263 1337 362 1390 lam
401 1340 683 1406 ementitur,
726 1340 841 1407 quia
882 1341 1015 1393 forte
1049 1342 1380 1393 redeuntibus
1417 1342 1662 1394 ministris
1697 1343 1942 1409 principis
1980 1343 2098 1410 qui-

265 1429 380 1482 dam
415 1446 507 1497 per
540 1432 811 1484 iuvenilem
851 1432 1135 1498 licentiam,
1185 1447 1315 1499 quae
1354 1438 1473 1484 tunc
1511 1433 1702 1500 passim
1742 1433 2093 1500 exercebatur,

261 1521 465 1574 inanem
510 1528 694 1575 metum
745 1524 988 1576 fecerant.
1083 1525 1258 1590 Neque
1310 1539 1575 1576 servorum
1627 1524 1891 1592 quisquam
1930 1537 2097 1592 neque

265 1614 520 1667 clientium
550 1616 718 1668 Sullae
755 1615 1026 1684 adgnitus3
1059 1617 1377 1684 maximeque
1411 1617 1648 1684 despecta
1681 1620 1730 1669 et
1764 1616 1950 1670 nullius
1987 1617 2098 1670 ausi

200 1710 248 1748 ²⁵
265 1722 425 1775 capax
485 1713 663 1760 natura
722 1708 830 1760 eius
888 1725 916 1761 a
982 1708 1193 1761 crimine
1251 1709 1587 1761 abhorrebat:
1654 1708 1870 1776 perinde
1930 1712 2099 1761 tamen

266 1800 410 1866 quasi
448 1800 711 1852 convictus
748 1805 914 1868 esset,
957 1801 1144 1854 cedere
1182 1800 1344 1868 patria
1380 1806 1430 1853 et
1465 1800 1858 1857 Massiliensium
1895 1800 2096 1853 moeni-

263 1891 356 1944 bus
395 1893 628 1945 coerceri
667 1893 882 1946 iubetur.

374 2058 416 2100 3.
450 2057 735 2114 interptando
767 2054 848 2099 Ma.
976 2057 1016 2099 5.
1054 2070 1268 2112 auousque
1300 2055 1390 2110 Ma,
1437 2057 1574 2100 ceteri
1605 2071 1685 2101 avo
1716 2071 1871 2115 usque.-
1906 2061 2098 2104 correxit

255 2113 428 2171 Lipsius
462 2123 563 2159 ante
596 2130 723 2173 quem
759 2121 852 2158 erat
884 2129 912 2157 a
951 2116 1113 2159 Tiberio
1151 2131 1281 2172 usque
1312 2116 1555 2159 Puteolano
1598 2124 1792 2161 auctore.
1887 2119 1929 2164 6.
1973 2121 2096 2164 Mul-

254 2178 348 2218 vius
379 2175 471 2218 Ma:
504 2176 675 2219 miluius
708 2175 742 2217 G
774 2182 817 2218 et
850 2174 1140 2219 Oxonienses.
1234 2177 1275 2219 7.
1309 2176 1596 2232 uentabatque
1615 2176 1708 2220 Ma:
1742 2185 1986 2222 correctum
2019 2182 2092 2222 in..

258 2242 325 2278 est
358 2235 404 2278 G.
498 2235 664 2278 solltius
696 2234 788 2277 Ma:
823 2234 857 2277 G
885 2235 1077 2279 solutius.
1188 2235 1231 2278 8.
1265 2236 1513 2291 flamineam
1547 2235 1626 2280 Ma.
1733 2237 1775 2281 9.
1809 2239 1902 2294 fato
1935 2241 2096 2295 quieuit

255 2303 352 2338 atas
383 2293 472 2338 Ma:
520 2301 764 2338 correctum
795 2296 840 2337 in
864 2295 912 2338 G.
1015 2297 1082 2340 10.
1116 2294 1390 2338 salustianos
1413 2295 1494 2339 Ma.
1593 2303 1709 2340 ortos
1740 2294 1820 2340 Ma.

256 2355 423 2397 enalem
452 2354 533 2399 Ma.
667 2355 735 2398 14.
768 2354 904 2410 syllae
935 2353 1016 2398 Ma.
1128 2354 1258 2412 adqn.
1292 2353 1374 2410 Ma,
1407 2367 1496 2398 non
1521 2369 1622 2413 ayn.

250 2429 280 2473 p
313 2415 495 2459 caudato
529 2415 749 2474 (proinde)
782 2413 864 2470 Ma,
888 2415 1028 2474 piade
1061 2413 1109 2458 G.

1922 2300 1990 2342 12.
2022 2300 2096 2342 iu-

1733 2356 1802 2400 15.
1830 2357 1965 2414 pindo
1996 2371 2094 2402 cum

358 2556 462 2611 Cap.
506 2558 578 2600 47.
645 2557 892 2599 Cornelium
933 2557 1129 2600 Sullam:

258 2616 374 2657 conf.
409 2622 558 2658 annot.
602 2616 655 2658 ad
694 2617 793 2658 Xlll
832 2618 901 2659 17.
1019 2631 1130 2673 pons

260 2674 473 2717 Mulvius.-
540 2677 575 2716 is
627 2675 882 2717 aedificatus
932 2674 1007 2716 ubi
1059 2678 1132 2718 via

255 2732 468 2776 Flaminia
512 2737 857 2789 septentrionem
893 2747 1046 2776 versus
1079 2734 1133 2776 ad

255 2791 418 2836 Tuscos
450 2793 723 2850 Umbrosque
757 2794 922 2836 ducens
944 2793 1132 2835 Tiberim

255 2851 435 2895 fluvium
460 2866 547 2895 non
566 2854 718 2908 procul
742 2854 795 2896 ab
821 2854 928 2896 urbe
958 2855 1127 2895 transit.

257 2912 423 2955 Struxit
454 2914 508 2955 Μ.
543 2913 759 2955 Aemilius
788 2913 999 2955 Scaurus:
1031 2913 1128 2954 Au-

255 2972 336 3014 rel.
375 2973 525 3015 Victor
557 2972 610 3014 de
637 2973 725 3014 Vir.
760 2972 824 3014 ill.
861 2987 897 3015 c.
922 2974 992 3015 72.
1041 2972 1126 3013 Ta-

259 3032 372 3074 citus
407 3031 501 3074 eius
532 3033 731 3074 meminit
764 3032 894 3073 etiam
927 3031 978 3072 H.
1013 3031 1127 3084 187,

255 3090 293 3133 11
324 3091 397 3144 89,
430 3092 486 3133 111
516 3090 589 3135 82.

349 3152 549 3206 quoniam
581 3150 860 3193 remeaverit:
891 3150 1007 3192 Nero
1039 3161 1125 3190 non

258 3212 332 3254 via
377 3217 420 3253 et
464 3216 588 3266 porta
637 3210 852 3253 Flaminia
905 3209 1036 3251 rediit
1082 3210 1127 3250 in

259 3271 433 3324 urbem,
477 3269 555 3313 sed
595 3271 785 3312 devertit
829 3270 883 3311 ad
914 3270 1132 3311 sinistram

260 3337 426 3386 partem
462 3337 504 3372 et
535 3331 607 3371 via
639 3330 805 3371 Salaria
838 3342 917 3384 per
964 3334 1132 3383 portam

261 3389 478 3432 Collinam
510 3391 705 3443 perrexit
736 3388 790 3430 ad
813 3389 963 3430 hortos
986 3387 1133 3431 Sallu-

260 3451 425 3493 stianos
446 3481 457 3501 ,
491 3450 599 3490 sitos
638 3450 753 3490 inter
787 3448 1056 3499 Quirinalem
1090 3452 1134 3488 et

263 3508 421 3551 collem
444 3509 674 3549 nortorum
708 3514 963 3563 portamque
988 3505 1134 3548 Colli..

260 3581 359 3609 nam
391 3569 435 3608 in
469 3574 593 3610 sexta
634 3569 819 3622 regione
866 3567 1000 3608 urbis.
1065 3564 1132 3606 Cf.

259 3625 447 3667 Beckeri
478 3626 703 3668 Enchirid.
739 3628 873 3682 antiq.
902 3626 1025 3667 Rom.
1054 3629 1086 3664 t.
1115 3624 1134 3665 1

260 3697 303 3746 p.
338 3683 424 3730 583
456 3697 551 3745 sqq.
613 3684 812 3730 Formam
843 3684 1134 3734 Sallustianos

1218 2557 1317 2599 dedi
1391 2563 1568 2599 secutus
1630 2557 1841 2599 maiorem
1902 2555 2092 2600 Medicei

1215 2618 1374 2671 prioris
1408 2616 1450 2672 (1
1481 2616 1523 2670 6,
1555 2615 1593 2658 11
1622 2617 1696 2670 40,
1732 2615 1788 2658 ΙΠ
1812 2617 1894 2673 30)
1927 2621 2087 2659 aucto-

1216 2678 1406 2719 ritatem.

1301 2749 1383 2791 per
1413 2735 1641 2777 iuvenilem
1670 2732 1924 2784 9.licentiam.·
1976 2733 2093 2791 quod

1216 2795 1261 2835 in
1296 2793 1363 2836 Ma
1399 2800 1464 2836 est
1494 2793 1729 2847 iuvenalis,
1761 2794 1808 2835 in
1840 2793 1926 2836 hoc
1961 2795 2093 2850 equi-

1219 2853 1317 2895 dem
1349 2853 1519 2896 vocalis
1553 2867 1582 2896 a
1605 2859 1650 2896 et
1670 2853 1688 2895 s·
1706 2853 2093 2896 commutationem

1214 2912 1334 2954 illam
1374 2913 1431 2970 'de
1465 2926 1550 2969 qua
1582 2912 1672 2954 dixi
1714 2912 1769 2955 ad
1798 2912 1817 2954 1
1849 2913 1906 2956 59
1946 2911 2093 2954 malim

1214 2984 1457 3028 agnoscere
1474 2985 1601 3028 quam
1618 2970 1950 3027 deprehendere
1969 2971 2094 3014 robi-

1213 3032 1360 3087 ginem
1393 3033 1682 3087 antiquitatis.
1744 3030 1850 3073 Nam
1871 3030 2043 3073 Tacitus
2067 3043 2097 3072 a

1211 3090 1394 3144 praebet
1432 3092 1476 3132 in
1522 3091 1634 3133 ludis
1669 3090 1937 3132 iuvenalibus
1970 3089 2093 3146 (x1v

1216 3150 1296 3201 15,
1339 3149 1417 3190 XV
1449 3151 1530 3202 33,
1563 3149 1663 3192 XVI
1696 3150 1768 3194 21.
1831 3148 1883 3192 Η.
1917 3148 1976 3191 ΙΙΙ
2009 3149 2090 3207 62)

1219 3209 1293 3263 qui
1326 3208 1490 3264 ubique
1527 3210 1593 3250 sic
1633 3213 1872 3260 vocantur,
1926 3208 2091 3264 alioqui

1217 3267 1276 3309 lv
1335 3269 1389 3311 10
1442 3267 1558 3311 idem
1608 3268 1784 3323 scripsit
1831 3267 2089 3320 iuveniliter,

1217 3339 1306 3368 non
1356 3325 1615 3369 iuvenaliter
1667 3330 1743 3383 (ac
1788 3339 1894 3368 sane
1934 3325 2089 3380 prioris

1218 3385 1403 3428 Medicei
1435 3387 1670 3429 auctoritas
1699 3386 1798 3440 plus
1820 3385 1940 3428 valet
1961 3393 2087 3439 quam

1220 3445 1451 3502 alterius),
1486 3446 1591 3488 item
1629 3445 1680 3489 Ο.
1714 3446 1742 3489 2
1778 3444 1935 3486 ardore
1964 3442 2087 3484 iuve-

1220 3505 1315 3546 nili.
1379 3505 1608 3547 Bekkerus
1653 3510 1696 3547 et
1743 3502 1934 3546 Orellius
1964 3500 2086 3542 iuve-

1219 3564 1362 3605 nalem
1392 3569 1670 3618 receperunt.

1323 3622 1658 3665 Massiliensium
1701 3618 1917 3661 moenibus
1959 3621 2086 3659 coir-

1192 3683 1335 3729 'ceric
1381 3680 1627 3742 ‘relegandi
1668 3689 1808 3740 genus
1856 3682 1962 3723 tunc·
1991 3676 2086 3724 fre-
