<?xml version="1.0" encoding="UTF-8"?>
<!DOCTYPE html PUBLIC "-//W3C//DTD XHTML 1.0 Transitional//EN"
    "http://www.w3.org/TR/xhtml1/DTD/xhtml1-transitional.dtd">
<html xmlns="http://www.w3.org/1999/xhtml" xml:lang="en" lang="en">
 <head>
  <title>
</title>
<meta http-equiv="Content-Type" content="text/html;charset=utf-8" />
  <meta name='ocr-system' content='tesseract 3.04.00' />
  <meta name='ocr-capabilities' content='ocr_page ocr_carea ocr_par ocr_line ocrx_word'/>
</head>
<body>
  <div class='ocr_page' id='page_1' title='image "./operaadcodicesan01taciuoft_0613.png"; bbox 0 0 2280 4004; ppageno 0'>
   <div class='ocr_carea' id='block_1_1' title="bbox 177 241 1993 325">
    <p class='ocr_par' dir='ltr' id='par_1_1' title="bbox 177 241 1993 325">
     <span class='ocr_line' id='line_1_1' title="bbox 177 241 1993 325; baseline -0.001 -16"><span class='ocrx_word' id='word_1_1' title='bbox 177 277 204 325; x_wconf 60' lang='lat' dir='ltr'><strong>a</strong></span> <span class='ocrx_word' id='word_1_2' title='bbox 231 262 284 309; x_wconf 76' lang='lat' dir='ltr'><strong>c..</strong></span> <span class='ocrx_word' id='word_1_3' title='bbox 318 265 390 310; x_wconf 88' lang='lat'><strong>58.</strong></span> <span class='ocrx_word' id='word_1_4' title='bbox 733 263 898 306; x_wconf 84' lang='lat' dir='ltr'>LIBER</span> <span class='ocrx_word' id='word_1_5' title='bbox 927 261 1038 310; x_wconf 82' lang='lat' dir='ltr'><strong>xm.</strong></span> <span class='ocrx_word' id='word_1_6' title='bbox 1104 262 1210 310; x_wconf 48' lang='lat' dir='ltr'><strong>cir.</strong></span> <span class='ocrx_word' id='word_1_7' title='bbox 1242 241 1450 307; x_wconf 81' lang='lat'><strong>49-51.&#39;</strong></span> <span class='ocrx_word' id='word_1_8' title='bbox 1906 263 1993 307; x_wconf 84' lang='lat'><strong>163</strong></span> 
     </span>
    </p>
   </div>
   <div class='ocr_carea' id='block_1_2' title="bbox 93 403 2064 1926">
    <p class='ocr_par' dir='ltr' id='par_1_2' title="bbox 175 403 2038 836">
     <span class='ocr_line' id='line_1_2' title="bbox 175 403 1996 474; baseline -0.001 -16"><span class='ocrx_word' id='word_1_9' title='bbox 175 406 446 473; x_wconf 87' lang='lat' dir='ltr'><strong>Plerasque</strong></span> <span class='ocrx_word' id='word_1_10' title='bbox 473 405 795 474; x_wconf 85' lang='lat' dir='ltr'><strong>vectigalium</strong></span> <span class='ocrx_word' id='word_1_11' title='bbox 817 405 1096 458; x_wconf 69' lang='lat' dir='ltr'><strong>soci-etates</strong></span> <span class='ocrx_word' id='word_1_12' title='bbox 1129 420 1157 457; x_wconf 93' lang='lat' dir='ltr'><strong>a</strong></span> <span class='ocrx_word' id='word_1_13' title='bbox 1188 404 1483 457; x_wconf 89' lang='lat' dir='ltr'><strong>consulibus</strong></span> <span class='ocrx_word' id='word_1_14' title='bbox 1509 408 1560 455; x_wconf 90' lang='lat' dir='ltr'><strong>et</strong></span> <span class='ocrx_word' id='word_1_15' title='bbox 1591 403 1805 457; x_wconf 84' lang='lat' dir='ltr'><strong>tribunis</strong></span> <span class='ocrx_word' id='word_1_16' title='bbox 1835 404 1996 471; x_wconf 87' lang='lat' dir='ltr'><strong>plebis</strong></span> 
     </span>
     <span class='ocr_line' id='line_1_3' title="bbox 179 495 1999 562; baseline -0.002 -14"><span class='ocrx_word' id='word_1_17' title='bbox 179 499 475 549; x_wconf 87' lang='lat' dir='ltr'><strong>constitutas</strong></span> <span class='ocrx_word' id='word_1_18' title='bbox 527 497 637 553; x_wconf 83' lang='lat' dir='ltr'><strong>acri</strong></span> <span class='ocrx_word' id='word_1_19' title='bbox 678 496 827 548; x_wconf 87' lang='lat' dir='ltr'><strong>etiam</strong></span> <span class='ocrx_word' id='word_1_20' title='bbox 880 495 1052 562; x_wconf 87' lang='lat' dir='ltr'><strong>populi</strong></span> <span class='ocrx_word' id='word_1_21' title='bbox 1086 495 1299 547; x_wconf 89' lang='lat' dir='ltr'><strong>Romani</strong></span> <span class='ocrx_word' id='word_1_22' title='bbox 1347 499 1449 546; x_wconf 89' lang='lat' dir='ltr'><strong>tum</strong></span> <span class='ocrx_word' id='word_1_23' title='bbox 1486 495 1751 562; x_wconf 81' lang='lat' dir='ltr'><strong>libertate3</strong></span> <span class='ocrx_word' id='word_1_24' title='bbox 1803 495 1999 562; x_wconf 85' lang='lat' dir='ltr'><strong>reliqua</strong></span> 
     </span>
     <span class='ocr_line' id='line_1_4' title="bbox 177 587 1998 655; baseline -0.001 -16"><span class='ocrx_word' id='word_1_25' title='bbox 177 603 298 640; x_wconf 86' lang='lat' dir='ltr'><strong>mox</strong></span> <span class='ocrx_word' id='word_1_26' title='bbox 332 590 401 641; x_wconf 89' lang='lat' dir='ltr'><strong>ita</strong></span> <span class='ocrx_word' id='word_1_27' title='bbox 434 588 640 654; x_wconf 85' lang='lat' dir='ltr'><strong>provisa</strong></span> <span class='ocrx_word' id='word_1_28' title='bbox 677 593 731 638; x_wconf 90' lang='lat' dir='ltr'><strong>ut</strong></span> <span class='ocrx_word' id='word_1_29' title='bbox 757 587 890 639; x_wconf 84' lang='lat' dir='ltr'><strong>ratio</strong></span> <span class='ocrx_word' id='word_1_30' title='bbox 927 591 1220 653; x_wconf 82' lang='lat' dir='ltr'><strong>quaestuum</strong></span> <span class='ocrx_word' id='word_1_31' title='bbox 1260 591 1309 638; x_wconf 88' lang='lat' dir='ltr'><strong>et</strong></span> <span class='ocrx_word' id='word_1_32' title='bbox 1337 587 1619 639; x_wconf 75' lang='lat' dir='ltr'>necessitas</span> <span class='ocrx_word' id='word_1_33' title='bbox 1644 587 1998 655; x_wconf 79' lang='lat' dir='ltr'><strong>erogationum</strong></span> 
     </span>
     <span class='ocr_line' id='line_1_5' title="bbox 176 677 2000 748; baseline 0 -18"><span class='ocrx_word' id='word_1_34' title='bbox 176 679 308 748; x_wconf 83' lang='lat' dir='ltr'><strong>inter</strong></span> <span class='ocrx_word' id='word_1_35' title='bbox 343 693 400 730; x_wconf 92' lang='lat' dir='ltr'><strong>se</strong></span> <span class='ocrx_word' id='word_1_36' title='bbox 441 683 797 746; x_wconf 83' lang='lat' dir='ltr'><strong>congruerent.</strong></span> <span class='ocrx_word' id='word_1_37' title='bbox 886 677 1258 744; x_wconf 87' lang='lat' dir='ltr'><strong>Temperandas</strong></span> <span class='ocrx_word' id='word_1_38' title='bbox 1299 677 1447 744; x_wconf 90' lang='lat' dir='ltr'><strong>plane</strong></span> <span class='ocrx_word' id='word_1_39' title='bbox 1486 678 1868 744; x_wconf 83' lang='lat' dir='ltr'><strong>publicanorum</strong></span> <span class='ocrx_word' id='word_1_40' title='bbox 1908 694 2000 730; x_wconf 92' lang='lat' dir='ltr'><strong>cu-</strong></span> 
     </span>
     <span class='ocr_line' id='line_1_6' title="bbox 175 769 2038 836; baseline -0.001 -16"><span class='ocrx_word' id='word_1_41' title='bbox 175 770 391 836; x_wconf 81' lang='lat' dir='ltr'><strong>pidines,</strong></span> <span class='ocrx_word' id='word_1_42' title='bbox 432 784 497 821; x_wconf 91' lang='lat' dir='ltr'><strong>ne</strong></span> <span class='ocrx_word' id='word_1_43' title='bbox 533 784 624 835; x_wconf 86' lang='lat' dir='ltr'><strong>per</strong></span> <span class='ocrx_word' id='word_1_44' title='bbox 660 773 734 820; x_wconf 88' lang='lat' dir='ltr'><strong>tot</strong></span> <span class='ocrx_word' id='word_1_45' title='bbox 770 783 934 822; x_wconf 82' lang='lat' dir='ltr'><strong>annos</strong></span> <span class='ocrx_word' id='word_1_46' title='bbox 972 769 1085 821; x_wconf 90' lang='lat' dir='ltr'><strong>sine</strong></span> <span class='ocrx_word' id='word_1_47' title='bbox 1121 769 1326 836; x_wconf 88' lang='lat' dir='ltr'><strong>querela</strong></span> <span class='ocrx_word' id='word_1_48' title='bbox 1359 769 1571 822; x_wconf 89' lang='lat' dir='ltr'><strong>tolerata</strong></span> <span class='ocrx_word' id='word_1_49' title='bbox 1605 771 1757 823; x_wconf 87' lang='lat' dir='ltr'><strong>novis</strong></span> <span class='ocrx_word' id='word_1_50' title='bbox 1796 771 2038 823; x_wconf 82' lang='lat' dir='ltr'><strong>acerbi-5</strong></span> 
     </span>
    </p>

    <p class='ocr_par' dir='ltr' id='par_1_3' title="bbox 93 859 2064 1926">
     <span class='ocr_line' id='line_1_7' title="bbox 93 859 1999 930; baseline 0.002 -18"><span class='ocrx_word' id='word_1_51' title='bbox 93 859 159 908; x_wconf 89' lang='lat'><strong>51</strong></span> <span class='ocrx_word' id='word_1_52' title='bbox 177 862 361 923; x_wconf 77' lang='lat' dir='ltr'><strong>tatibus</strong></span> <span class='ocrx_word' id='word_1_53' title='bbox 402 860 467 912; x_wconf 90' lang='lat' dir='ltr'><strong>ad</strong></span> <span class='ocrx_word' id='word_1_54' title='bbox 504 860 745 912; x_wconf 80' lang='lat' dir='ltr'><strong>invidiam</strong></span> <span class='ocrx_word' id='word_1_55' title='bbox 782 866 1056 913; x_wconf 88' lang='lat' dir='ltr'><strong>vertere-nt.</strong></span> <span class='ocrx_word' id='word_1_56' title='bbox 1129 861 1267 928; x_wconf 84' lang='lat' dir='ltr'><strong>Ergo</strong></span> <span class='ocrx_word' id='word_1_57' title='bbox 1306 861 1466 912; x_wconf 86' lang='lat' dir='ltr'><strong>edixit</strong></span> <span class='ocrx_word' id='word_1_58' title='bbox 1489 862 1725 928; x_wconf 87' lang='lat' dir='ltr'><strong>princeps</strong></span> <span class='ocrx_word' id='word_1_59' title='bbox 1764 868 1818 914; x_wconf 92' lang='lat' dir='ltr'><strong>ut</strong></span> <span class='ocrx_word' id='word_1_60' title='bbox 1855 862 1999 930; x_wconf 90' lang='lat' dir='ltr'><strong>leges</strong></span> 
     </span>
     <span class='ocr_line' id='line_1_8' title="bbox 177 949 2000 1018; baseline 0.001 -15"><span class='ocrx_word' id='word_1_61' title='bbox 177 953 420 1018; x_wconf 81' lang='lat' dir='ltr'><strong>cuiusque</strong></span> <span class='ocrx_word' id='word_1_62' title='bbox 462 949 688 1016; x_wconf 83' lang='lat' dir='ltr'><strong>publici,</strong></span> <span class='ocrx_word' id='word_1_63' title='bbox 751 949 982 1002; x_wconf 82' lang='lat' dir='ltr'><strong>occultae</strong></span> <span class='ocrx_word' id='word_1_64' title='bbox 1039 951 1103 1002; x_wconf 90' lang='lat' dir='ltr'><strong>ad</strong></span> <span class='ocrx_word' id='word_1_65' title='bbox 1148 950 1200 1001; x_wconf 84' lang='lat' dir='ltr'><strong>id</strong></span> <span class='ocrx_word' id='word_1_66' title='bbox 1248 955 1466 1016; x_wconf 88' lang='lat' dir='ltr'><strong>tempus,</strong></span> <span class='ocrx_word' id='word_1_67' title='bbox 1529 951 1972 1018; x_wconf 87' lang='lat' dir='ltr'><strong>proscriberentur</strong></span> <span class='ocrx_word' id='word_1_68' title='bbox 1985 970 2000 1017; x_wconf 83' lang='lat'><em>3</em></span> 
     </span>
     <span class='ocr_line' id='line_1_9' title="bbox 178 1039 2002 1108; baseline 0 -13"><span class='ocrx_word' id='word_1_69' title='bbox 178 1043 394 1095; x_wconf 87' lang='lat' dir='ltr'><strong>omissas</strong></span> <span class='ocrx_word' id='word_1_70' title='bbox 430 1041 700 1107; x_wconf 87' lang='lat' dir='ltr'><strong>petitiones</strong></span> <span class='ocrx_word' id='word_1_71' title='bbox 735 1055 838 1091; x_wconf 90' lang='lat' dir='ltr'><strong>non</strong></span> <span class='ocrx_word' id='word_1_72' title='bbox 871 1039 1001 1091; x_wconf 90' lang='lat' dir='ltr'><strong>ultra</strong></span> <span class='ocrx_word' id='word_1_73' title='bbox 1031 1054 1216 1090; x_wconf 91' lang='lat' dir='ltr'><strong>annum</strong></span> <span class='ocrx_word' id='word_1_74' title='bbox 1241 1045 1586 1105; x_wconf 82' lang='lat' dir='ltr'><strong>resumerent3</strong></span> <span class='ocrx_word' id='word_1_75' title='bbox 1622 1043 1812 1094; x_wconf 90' lang='lat' dir='ltr'><strong>Romae</strong></span> <span class='ocrx_word' id='word_1_76' title='bbox 1847 1058 2002 1108; x_wconf 86' lang='lat' dir='ltr'><strong>prae-</strong></span> 
     </span>
     <span class='ocr_line' id='line_1_10' title="bbox 174 1129 1996 1198; baseline -0.001 -14"><span class='ocrx_word' id='word_1_77' title='bbox 174 1138 283 1198; x_wconf 78' lang='lat' dir='ltr'><strong>tor,</strong></span> <span class='ocrx_word' id='word_1_78' title='bbox 344 1147 434 1198; x_wconf 89' lang='lat' dir='ltr'><strong>per</strong></span> <span class='ocrx_word' id='word_1_79' title='bbox 490 1130 779 1195; x_wconf 83' lang='lat' dir='ltr'><strong>provincias</strong></span> <span class='ocrx_word' id='word_1_80' title='bbox 834 1131 919 1197; x_wconf 80' lang='lat' dir='ltr'><strong>q-ui</strong></span> <span class='ocrx_word' id='word_1_81' title='bbox 978 1145 1068 1195; x_wconf 90' lang='lat' dir='ltr'><strong>pro</strong></span> <span class='ocrx_word' id='word_1_82' title='bbox 1118 1134 1351 1195; x_wconf 89' lang='lat' dir='ltr'><strong>praetore</strong></span> <span class='ocrx_word' id='word_1_83' title='bbox 1410 1135 1494 1182; x_wconf 90' lang='lat' dir='ltr'><strong>aut</strong></span> <span class='ocrx_word' id='word_1_84' title='bbox 1546 1129 1756 1182; x_wconf 92' lang='lat' dir='ltr'><strong>consule</strong></span> <span class='ocrx_word' id='word_1_85' title='bbox 1806 1137 1996 1197; x_wconf 86' lang='lat' dir='ltr'><strong>essent,</strong></span> 
     </span>
     <span class='ocr_line' id='line_1_11' title="bbox 173 1220 2063 1290; baseline -0.001 -13"><span class='ocrx_word' id='word_1_86' title='bbox 173 1225 286 1279; x_wconf 77' lang='lat' dir='ltr'><strong>iura</strong></span> <span class='ocrx_word' id='word_1_87' title='bbox 318 1224 570 1278; x_wconf 72' lang='lat' dir='ltr'><strong>,adversus</strong></span> <span class='ocrx_word' id='word_1_88' title='bbox 606 1222 905 1290; x_wconf 87' lang='lat' dir='ltr'><strong>publicanos</strong></span> <span class='ocrx_word' id='word_1_89' title='bbox 938 1226 1085 1273; x_wconf 87' lang='lat' dir='ltr'><strong>extra</strong></span> <span class='ocrx_word' id='word_1_90' title='bbox 1126 1220 1357 1290; x_wconf 75' lang='lat' dir='ltr'><strong>ordinem</strong></span> <span class='ocrx_word' id='word_1_91' title='bbox 1403 1221 1708 1285; x_wconf 81' lang='lat' dir='ltr'><strong>redd-erent3</strong></span> <span class='ocrx_word' id='word_1_92' title='bbox 1758 1221 1995 1275; x_wconf 84' lang='lat' dir='ltr'><strong>militibus</strong></span> <span class='ocrx_word' id='word_1_93' title='bbox 2017 1239 2063 1275; x_wconf 83' lang='grc' dir='ltr'><strong>ιο</strong></span> 
     </span>
     <span class='ocr_line' id='line_1_12' title="bbox 174 1311 2001 1379; baseline -0.002 -12"><span class='ocrx_word' id='word_1_94' title='bbox 174 1316 460 1367; x_wconf 85' lang='lat' dir='ltr'><strong>immunitas</strong></span> <span class='ocrx_word' id='word_1_95' title='bbox 500 1319 807 1379; x_wconf 87' lang='lat' dir='ltr'><strong>servaretur,</strong></span> <span class='ocrx_word' id='word_1_96' title='bbox 847 1313 945 1365; x_wconf 91' lang='lat' dir='ltr'><strong>nisi</strong></span> <span class='ocrx_word' id='word_1_97' title='bbox 979 1313 1031 1362; x_wconf 91' lang='lat' dir='ltr'><strong>in</strong></span> <span class='ocrx_word' id='word_1_98' title='bbox 1067 1312 1130 1363; x_wconf 86' lang='lat' dir='ltr'><strong>i-is</strong></span> <span class='ocrx_word' id='word_1_99' title='bbox 1166 1326 1294 1379; x_wconf 89' lang='lat' dir='ltr'><strong>quae</strong></span> <span class='ocrx_word' id='word_1_100' title='bbox 1329 1326 1462 1364; x_wconf 86' lang='lat' dir='ltr'><strong>veno</strong></span> <span class='ocrx_word' id='word_1_101' title='bbox 1503 1315 1803 1364; x_wconf 85' lang='lat' dir='ltr'><strong>exercerent</strong></span> <span class='ocrx_word' id='word_1_102' title='bbox 1815 1329 1830 1376; x_wconf 81' lang='lat'>3</span> <span class='ocrx_word' id='word_1_103' title='bbox 1870 1311 2001 1364; x_wconf 90' lang='lat' dir='ltr'><strong>alia-</strong></span> 
     </span>
     <span class='ocr_line' id='line_1_13' title="bbox 177 1401 2004 1473; baseline -0.001 -17"><span class='ocrx_word' id='word_1_104' title='bbox 177 1420 275 1473; x_wconf 85' lang='lat' dir='ltr'><strong>que</strong></span> <span class='ocrx_word' id='word_1_105' title='bbox 310 1404 580 1456; x_wconf 84' lang='lat' dir='ltr'><strong>admodum</strong></span> <span class='ocrx_word' id='word_1_106' title='bbox 628 1418 807 1470; x_wconf 82' lang='lat' dir='ltr'><strong>aequa,</strong></span> <span class='ocrx_word' id='word_1_107' title='bbox 850 1417 978 1468; x_wconf 90' lang='lat' dir='ltr'><strong>quae</strong></span> <span class='ocrx_word' id='word_1_108' title='bbox 1017 1401 1163 1452; x_wconf 89' lang='lat' dir='ltr'><strong>brevi</strong></span> <span class='ocrx_word' id='word_1_109' title='bbox 1197 1406 1416 1466; x_wconf 89' lang='lat' dir='ltr'><strong>servata,</strong></span> <span class='ocrx_word' id='word_1_110' title='bbox 1457 1401 1575 1453; x_wconf 89' lang='lat' dir='ltr'><strong>dein</strong></span> <span class='ocrx_word' id='word_1_111' title='bbox 1612 1402 1796 1454; x_wconf 89' lang='lat' dir='ltr'><strong>frustra</strong></span> <span class='ocrx_word' id='word_1_112' title='bbox 1832 1403 2004 1456; x_wconf 90' lang='lat' dir='ltr'><strong>habita</strong></span> 
     </span>
     <span class='ocr_line' id='line_1_14' title="bbox 175 1491 2001 1562; baseline 0 -14"><span class='ocrx_word' id='word_1_113' title='bbox 175 1501 306 1550; x_wconf 72' lang='lat' dir='ltr'><strong>suut..</strong></span> <span class='ocrx_word' id='word_1_114' title='bbox 361 1496 530 1548; x_wconf 88' lang='lat' dir='ltr'><strong>Manet</strong></span> <span class='ocrx_word' id='word_1_115' title='bbox 552 1499 720 1545; x_wconf 87' lang='lat' dir='ltr'><strong>tamen</strong></span> <span class='ocrx_word' id='word_1_116' title='bbox 745 1492 952 1544; x_wconf 88' lang='lat' dir='ltr'><strong>abolitio</strong></span> <span class='ocrx_word' id='word_1_117' title='bbox 985 1491 1406 1559; x_wconf 84' lang='lat' dir='ltr'><strong>quadragesimae</strong></span> <span class='ocrx_word' id='word_1_118' title='bbox 1433 1493 2001 1562; x_wconf 83' lang='lat' dir='ltr'><strong>quinquagesimaeque,</strong></span> 
     </span>
     <span class='ocr_line' id='line_1_15' title="bbox 176 1582 1999 1652; baseline 0.001 -15"><span class='ocrx_word' id='word_1_119' title='bbox 176 1591 225 1650; x_wconf 86' lang='lat' dir='ltr'><strong>et</strong></span> <span class='ocrx_word' id='word_1_120' title='bbox 253 1600 382 1652; x_wconf 85' lang='lat' dir='ltr'><strong>quae</strong></span> <span class='ocrx_word' id='word_1_121' title='bbox 417 1585 516 1636; x_wconf 88' lang='lat' dir='ltr'><strong>alia</strong></span> <span class='ocrx_word' id='word_1_122' title='bbox 543 1584 893 1637; x_wconf 83' lang='lat' dir='ltr'><strong>exactionibus</strong></span> <span class='ocrx_word' id='word_1_123' title='bbox 921 1582 1127 1634; x_wconf 87' lang='lat' dir='ltr'><strong>inlicitis</strong></span> <span class='ocrx_word' id='word_1_124' title='bbox 1156 1584 1360 1634; x_wconf 92' lang='lat' dir='ltr'><strong>nomina</strong></span> <span class='ocrx_word' id='word_1_125' title='bbox 1388 1583 1646 1649; x_wconf 90' lang='lat' dir='ltr'><strong>publicani</strong></span> <span class='ocrx_word' id='word_1_126' title='bbox 1682 1585 1999 1638; x_wconf 89' lang='lat' dir='ltr'><strong>invenerant.</strong></span> 
     </span>
     <span class='ocr_line' id='line_1_16' title="bbox 174 1675 2064 1746; baseline 0.003 -18"><span class='ocrx_word' id='word_1_127' title='bbox 174 1676 468 1742; x_wconf 88' lang='lat' dir='ltr'><strong>Temperata</strong></span> <span class='ocrx_word' id='word_1_128' title='bbox 510 1676 641 1742; x_wconf 92' lang='lat' dir='ltr'><strong>apud</strong></span> <span class='ocrx_word' id='word_1_129' title='bbox 687 1675 1051 1729; x_wconf 88' lang='lat' dir='ltr'><strong>transmarinas</strong></span> <span class='ocrx_word' id='word_1_130' title='bbox 1104 1675 1394 1741; x_wconf 88' lang='lat' dir='ltr'><strong>provincias</strong></span> <span class='ocrx_word' id='word_1_131' title='bbox 1429 1676 1667 1729; x_wconf 76' lang='lat' dir='ltr'><strong>frumenti</strong></span> <span class='ocrx_word' id='word_1_132' title='bbox 1705 1680 2064 1746; x_wconf 78' lang='lat' dir='ltr'><strong>subvecti0315</strong></span> 
     </span>
     <span class='ocr_line' id='line_1_17' title="bbox 175 1748 2000 1839; baseline 0.003 -20"><span class='ocrx_word' id='word_1_133' title='bbox 175 1772 226 1819; x_wconf 92' lang='lat' dir='ltr'><strong>et</strong></span> <span class='ocrx_word' id='word_1_134' title='bbox 261 1782 327 1820; x_wconf 85' lang='lat' dir='ltr'><strong>ne</strong></span> <span class='ocrx_word' id='word_1_135' title='bbox 367 1768 604 1821; x_wconf 88' lang='lat' dir='ltr'><strong>censibus</strong></span> <span class='ocrx_word' id='word_1_136' title='bbox 638 1767 1012 1835; x_wconf 82' lang='lat' dir='ltr'><strong>negotiatorum</strong></span> <span class='ocrx_word' id='word_1_137' title='bbox 1050 1782 1208 1820; x_wconf 90' lang='lat' dir='ltr'><strong>naves</strong></span> <span class='ocrx_word' id='word_1_138' title='bbox 1248 1748 1626 1821; x_wconf 83' lang='lat' dir='ltr'><strong>ascriberentur</strong></span> <span class='ocrx_word' id='word_1_139' title='bbox 1662 1771 2000 1839; x_wconf 88' lang='lat' dir='ltr'><strong>tributumque</strong></span> 
     </span>
     <span class='ocr_line' id='line_1_18' title="bbox 173 1858 1126 1926; baseline -0.003 -14"><span class='ocrx_word' id='word_1_140' title='bbox 173 1874 267 1926; x_wconf 88' lang='lat' dir='ltr'><strong>pro</strong></span> <span class='ocrx_word' id='word_1_141' title='bbox 304 1859 404 1912; x_wconf 93' lang='lat' dir='ltr'><strong>illis</strong></span> <span class='ocrx_word' id='word_1_142' title='bbox 438 1859 744 1926; x_wconf 85' lang='lat' dir='ltr'><strong>penderent,</strong></span> <span class='ocrx_word' id='word_1_143' title='bbox 786 1858 1126 1910; x_wconf 87' lang='lat' dir='ltr'><strong>constitutum.</strong></span> 
     </span>
    </p>
   </div>
   <div class='ocr_carea' id='block_1_3' title="bbox 177 2009 1627 2232">
    <p class='ocr_par' dir='ltr' id='par_1_4' title="bbox 177 2009 1627 2232">
     <span class='ocr_line' id='line_1_19' title="bbox 294 2009 1627 2067; baseline -0.002 -12"><span class='ocrx_word' id='word_1_144' title='bbox 294 2013 335 2056; x_wconf 81' lang='lat'><strong>2.</strong></span> <span class='ocrx_word' id='word_1_145' title='bbox 366 2026 410 2067; x_wconf 94' lang='grc' dir='ltr'><strong>Ρ.</strong></span> <span class='ocrx_word' id='word_1_146' title='bbox 446 2011 500 2054; x_wconf 82' lang='lat' dir='ltr'><strong>R.</strong></span> <span class='ocrx_word' id='word_1_147' title='bbox 534 2009 614 2054; x_wconf 71' lang='lat' dir='ltr'><strong>Ma.</strong></span> <span class='ocrx_word' id='word_1_148' title='bbox 726 2010 769 2054; x_wconf 83' lang='lat'><strong>4.</strong></span> <span class='ocrx_word' id='word_1_149' title='bbox 804 2024 1041 2067; x_wconf 70' lang='lat' dir='ltr'><strong>congruere</strong></span> <span class='ocrx_word' id='word_1_150' title='bbox 1074 2009 1161 2052; x_wconf 73' lang='lat' dir='ltr'><strong>Ma:</strong></span> <span class='ocrx_word' id='word_1_151' title='bbox 1197 2009 1470 2053; x_wconf 85' lang='lat' dir='ltr'><strong>emendatum</strong></span> <span class='ocrx_word' id='word_1_152' title='bbox 1500 2011 1546 2052; x_wconf 93' lang='lat' dir='ltr'><strong>in</strong></span> <span class='ocrx_word' id='word_1_153' title='bbox 1579 2010 1627 2053; x_wconf 90' lang='lat' dir='ltr'><strong>G.</strong></span> 
     </span>
     <span class='ocr_line' id='line_1_20' title="bbox 177 2068 1465 2126; baseline -0.002 -13"><span class='ocrx_word' id='word_1_154' title='bbox 177 2068 268 2113; x_wconf 69' lang='lat' dir='ltr'><strong>Ma.</strong></span> <span class='ocrx_word' id='word_1_155' title='bbox 303 2070 337 2113; x_wconf 89' lang='lat' dir='ltr'>G</span> <span class='ocrx_word' id='word_1_156' title='bbox 363 2071 540 2126; x_wconf 81' lang='lat' dir='ltr'><strong>publici.</strong></span> <span class='ocrx_word' id='word_1_157' title='bbox 641 2071 683 2114; x_wconf 84' lang='lat'><strong>9.</strong></span> <span class='ocrx_word' id='word_1_158' title='bbox 716 2084 794 2126; x_wconf 76' lang='lat' dir='ltr'><strong>pro</strong></span> <span class='ocrx_word' id='word_1_159' title='bbox 826 2078 1030 2126; x_wconf 81' lang='lat' dir='ltr'><strong>praetore</strong></span> <span class='ocrx_word' id='word_1_160' title='bbox 1064 2070 1118 2112; x_wconf 89' lang='lat' dir='ltr'><strong>G:</strong></span> <span class='ocrx_word' id='word_1_161' title='bbox 1147 2071 1348 2125; x_wconf 79' lang='lat' dir='ltr'><strong>pr0.p.R.</strong></span> <span class='ocrx_word' id='word_1_162' title='bbox 1385 2069 1465 2111; x_wconf 65' lang='lat' dir='ltr'><strong>Ma.</strong></span> 
     </span>
     <span class='ocr_line' id='line_1_21' title="bbox 179 2127 881 2172; baseline 0 0"><span class='ocrx_word' id='word_1_163' title='bbox 179 2131 248 2172; x_wconf 88' lang='lat'><strong>11.</strong></span> <span class='ocrx_word' id='word_1_164' title='bbox 280 2131 504 2172; x_wconf 80' lang='lat' dir='ltr'><strong>immunita</strong></span> <span class='ocrx_word' id='word_1_165' title='bbox 533 2127 613 2171; x_wconf 71' lang='lat' dir='ltr'><strong>Ma.</strong></span> <span class='ocrx_word' id='word_1_166' title='bbox 704 2129 770 2170; x_wconf 80' lang='lat' dir='ltr'><strong>his</strong></span> <span class='ocrx_word' id='word_1_167' title='bbox 801 2129 881 2172; x_wconf 73' lang='lat' dir='ltr'><strong>Ma.</strong></span> 
     </span>
     <span class='ocr_line' id='line_1_22' title="bbox 177 2188 835 2232; baseline 0 -2"><span class='ocrx_word' id='word_1_168' title='bbox 177 2190 298 2230; x_wconf 89' lang='lat' dir='ltr'><strong>cani:</strong></span> <span class='ocrx_word' id='word_1_169' title='bbox 332 2190 524 2231; x_wconf 85' lang='lat' dir='ltr'><strong>correxit</strong></span> <span class='ocrx_word' id='word_1_170' title='bbox 555 2188 835 2232; x_wconf 88' lang='lat' dir='ltr'><strong>Puteolanus.</strong></span> 
     </span>
    </p>
   </div>
   <div class='ocr_carea' id='block_1_4' title="bbox 178 2246 917 2291">
    <p class='ocr_par' dir='ltr' id='par_1_5' title="bbox 178 2246 917 2291">
     <span class='ocr_line' id='line_1_23' title="bbox 178 2246 917 2291; baseline 0 -1"><span class='ocrx_word' id='word_1_171' title='bbox 178 2250 368 2291; x_wconf 85' lang='lat' dir='ltr'><strong>correxit</strong></span> <span class='ocrx_word' id='word_1_172' title='bbox 398 2247 650 2291; x_wconf 79' lang='lat' dir='ltr'><strong>RhenanuS.</strong></span> <span class='ocrx_word' id='word_1_173' title='bbox 747 2247 810 2290; x_wconf 80' lang='lat' dir='ltr'><strong>ill.</strong></span> <span class='ocrx_word' id='word_1_174' title='bbox 846 2246 917 2290; x_wconf 93' lang='lat' dir='ltr'><strong>Or.</strong></span> 
     </span>
    </p>
   </div>
   <div class='ocr_carea' id='block_1_5' title="bbox 946 2013 2000 2300">
    <p class='ocr_par' dir='ltr' id='par_1_6' title="bbox 1747 2013 2000 2070">
     <span class='ocr_line' id='line_1_24' title="bbox 1747 2013 2000 2070; baseline 0.004 -16"><span class='ocrx_word' id='word_1_175' title='bbox 1747 2014 1788 2055; x_wconf 90' lang='lat'><strong>7.</strong></span> <span class='ocrx_word' id='word_1_176' title='bbox 1817 2013 2000 2070; x_wconf 79' lang='lat' dir='ltr'><strong>publicis</strong></span> 
     </span>
    </p>

    <p class='ocr_par' dir='ltr' id='par_1_7' title="bbox 1559 2072 1997 2116">
     <span class='ocr_line' id='line_1_25' title="bbox 1559 2072 1997 2116; baseline 0.011 -5"><span class='ocrx_word' id='word_1_177' title='bbox 1559 2085 1645 2112; x_wconf 91' lang='lat' dir='ltr'><strong>cos.</strong></span> <span class='ocrx_word' id='word_1_178' title='bbox 1679 2084 1774 2112; x_wconf 91' lang='lat' dir='ltr'><strong>cum</strong></span> <span class='ocrx_word' id='word_1_179' title='bbox 1806 2073 1883 2115; x_wconf 91' lang='lat' dir='ltr'><strong>lin.</strong></span> <span class='ocrx_word' id='word_1_180' title='bbox 1917 2072 1997 2116; x_wconf 73' lang='lat' dir='ltr'><strong>Ma.</strong></span> 
     </span>
    </p>

    <p class='ocr_par' dir='ltr' id='par_1_8' title="bbox 977 2129 2000 2184">
     <span class='ocr_line' id='line_1_26' title="bbox 977 2129 2000 2184; baseline 0.001 -12"><span class='ocrx_word' id='word_1_181' title='bbox 977 2131 1045 2172; x_wconf 89' lang='grc'><strong>13.</strong></span> <span class='ocrx_word' id='word_1_182' title='bbox 1081 2129 1524 2184; x_wconf 67' lang='grc' dir='ltr'><strong>ᾳααάπ·ἱη9εηιεεὶηιαε</strong></span> <span class='ocrx_word' id='word_1_183' title='bbox 1556 2129 1658 2172; x_wconf 80' lang='lat' dir='ltr'><strong>GMa</strong></span> <span class='ocrx_word' id='word_1_184' title='bbox 1688 2136 1732 2171; x_wconf 84' lang='lat' dir='ltr'><strong>et</strong></span> <span class='ocrx_word' id='word_1_185' title='bbox 1762 2137 1849 2174; x_wconf 88' lang='lat' dir='ltr'><strong>tres</strong></span> <span class='ocrx_word' id='word_1_186' title='bbox 1872 2133 2000 2173; x_wconf 85' lang='lat' dir='ltr'><strong>Vati-</strong></span> 
     </span>
    </p>

    <p class='ocr_par' dir='ltr' id='par_1_9' title="bbox 946 2187 1998 2300">
     <span class='ocr_line' id='line_1_27' title="bbox 946 2187 1998 2243; baseline 0.003 -13"><span class='ocrx_word' id='word_1_187' title='bbox 946 2189 1013 2231; x_wconf 77' lang='lat'><strong>14.</strong></span> <span class='ocrx_word' id='word_1_188' title='bbox 1048 2195 1166 2243; x_wconf 78' lang='lat' dir='ltr'><strong>etque</strong></span> <span class='ocrx_word' id='word_1_189' title='bbox 1199 2187 1290 2229; x_wconf 80' lang='lat' dir='ltr'><strong>alia</strong></span> <span class='ocrx_word' id='word_1_190' title='bbox 1317 2187 1398 2230; x_wconf 69' lang='lat' dir='ltr'><strong>Ma.</strong></span> <span class='ocrx_word' id='word_1_191' title='bbox 1521 2190 1842 2234; x_wconf 75' lang='lat' dir='ltr'><strong>eaeauctionibus</strong></span> <span class='ocrx_word' id='word_1_192' title='bbox 1872 2190 1998 2234; x_wconf 73' lang='lat' dir='ltr'><strong>GMfl:</strong></span> 
     </span>
     <span class='ocr_line' id='line_1_28' title="bbox 1016 2245 1681 2300; baseline 0.003 -10"><span class='ocrx_word' id='word_1_193' title='bbox 1016 2247 1084 2290; x_wconf 85' lang='lat'><strong>16.</strong></span> <span class='ocrx_word' id='word_1_194' title='bbox 1119 2261 1233 2290; x_wconf 80' lang='lat' dir='ltr'><strong>aser.</strong></span> <span class='ocrx_word' id='word_1_195' title='bbox 1269 2245 1348 2300; x_wconf 70' lang='lat' dir='ltr'><strong>Ma,</strong></span> <span class='ocrx_word' id='word_1_196' title='bbox 1382 2248 1440 2289; x_wconf 81' lang='lat' dir='ltr'><strong>acl</strong></span> <span class='ocrx_word' id='word_1_197' title='bbox 1467 2249 1596 2291; x_wconf 81' lang='lat' dir='ltr'><strong>scrib.</strong></span> <span class='ocrx_word' id='word_1_198' title='bbox 1633 2248 1681 2292; x_wconf 88' lang='lat' dir='ltr'><strong>G.</strong></span> 
     </span>
    </p>
   </div>
   <div class='ocr_carea' id='block_1_6' title="bbox 1129 2389 1997 2446">
    <p class='ocr_par' dir='ltr' id='par_1_10' title="bbox 1129 2389 1997 2446">
     <span class='ocr_line' id='line_1_29' title="bbox 1129 2389 1997 2446; baseline -0.001 -15"><span class='ocrx_word' id='word_1_199' title='bbox 1129 2389 1213 2431; x_wconf 88' lang='lat' dir='ltr'><strong>sibi</strong></span> <span class='ocrx_word' id='word_1_200' title='bbox 1245 2390 1498 2444; x_wconf 85' lang='lat' dir='ltr'><strong>petiverint.</strong></span> <span class='ocrx_word' id='word_1_201' title='bbox 1560 2389 1775 2446; x_wconf 85' lang='lat' dir='ltr'><strong>Equidem</strong></span> <span class='ocrx_word' id='word_1_202' title='bbox 1806 2389 1997 2432; x_wconf 89' lang='lat' dir='ltr'><strong>coniicio</strong></span> 
     </span>
    </p>
   </div>
   <div class='ocr_carea' id='block_1_7' title="bbox 177 2390 1998 2503">
    <p class='ocr_par' dir='ltr' id='par_1_11' title="bbox 177 2390 1998 2503">
     <span class='ocr_line' id='line_1_30' title="bbox 177 2390 1043 2449; baseline -0.002 -15"><span class='ocrx_word' id='word_1_203' title='bbox 177 2390 480 2449; x_wconf 81' lang='lat' dir='ltr'><strong>dragesimam,</strong></span> <span class='ocrx_word' id='word_1_204' title='bbox 512 2391 558 2433; x_wconf 88' lang='lat' dir='ltr'><strong>in</strong></span> <span class='ocrx_word' id='word_1_205' title='bbox 589 2391 688 2434; x_wconf 88' lang='lat' dir='ltr'><strong>aliis</strong></span> <span class='ocrx_word' id='word_1_206' title='bbox 724 2391 1043 2447; x_wconf 86' lang='lat' dir='ltr'><strong>quinquagesi-</strong></span> 
     </span>
     <span class='ocr_line' id='line_1_31' title="bbox 1090 2449 1998 2503; baseline 0.001 -13"><span class='ocrx_word' id='word_1_207' title='bbox 1090 2476 1093 2478; x_wconf 30' lang='grc' dir='ltr'>ψ</span> <span class='ocrx_word' id='word_1_208' title='bbox 1130 2449 1240 2491; x_wconf 89' lang='lat' dir='ltr'><strong>haec</strong></span> <span class='ocrx_word' id='word_1_209' title='bbox 1273 2449 1530 2503; x_wconf 89' lang='lat' dir='ltr'><strong>accipienda</strong></span> <span class='ocrx_word' id='word_1_210' title='bbox 1552 2462 1650 2491; x_wconf 86' lang='lat' dir='ltr'><strong>esse</strong></span> <span class='ocrx_word' id='word_1_211' title='bbox 1675 2449 1729 2491; x_wconf 91' lang='lat' dir='ltr'><strong>de</strong></span> <span class='ocrx_word' id='word_1_212' title='bbox 1751 2449 1998 2503; x_wconf 87' lang='lat' dir='ltr'><strong>publicanis</strong></span> 
     </span>
    </p>
   </div>
   <div class='ocr_carea' id='block_1_8' title="bbox 177 2449 1044 2494">
    <p class='ocr_par' dir='ltr' id='par_1_12' title="bbox 177 2449 1044 2494">
     <span class='ocr_line' id='line_1_32' title="bbox 177 2449 1044 2494; baseline -0.002 -1"><span class='ocrx_word' id='word_1_213' title='bbox 177 2464 289 2493; x_wconf 90' lang='lat' dir='ltr'><strong>mam</strong></span> <span class='ocrx_word' id='word_1_214' title='bbox 342 2457 537 2493; x_wconf 86' lang='lat' dir='ltr'><strong>exactam</strong></span> <span class='ocrx_word' id='word_1_215' title='bbox 585 2451 736 2494; x_wconf 84' lang='lat' dir='ltr'><strong>fuisse.</strong></span> <span class='ocrx_word' id='word_1_216' title='bbox 798 2449 1044 2493; x_wconf 87' lang='lat' dir='ltr'><strong>Particulae</strong></span> 
     </span>
    </p>
   </div>
   <div class='ocr_carea' id='block_1_9' title="bbox 175 2509 1046 3686">
    <p class='ocr_par' dir='ltr' id='par_1_13' title="bbox 175 2509 1046 3686">
     <span class='ocr_line' id='line_1_33' title="bbox 177 2509 1044 2566; baseline -0.001 -15"><span class='ocrx_word' id='word_1_217' title='bbox 177 2524 256 2565; x_wconf 83' lang='lat' dir='ltr'><strong>que</strong></span> <span class='ocrx_word' id='word_1_218' title='bbox 289 2509 440 2552; x_wconf 83' lang='lat' dir='ltr'><strong>eadem</strong></span> <span class='ocrx_word' id='word_1_219' title='bbox 471 2511 538 2552; x_wconf 86' lang='lat' dir='ltr'><strong>vis</strong></span> <span class='ocrx_word' id='word_1_220' title='bbox 572 2516 638 2552; x_wconf 87' lang='lat' dir='ltr'><strong>est</strong></span> <span class='ocrx_word' id='word_1_221' title='bbox 670 2516 800 2566; x_wconf 92' lang='lat' dir='ltr'><strong>atque</strong></span> <span class='ocrx_word' id='word_1_222' title='bbox 833 2510 877 2550; x_wconf 88' lang='lat' dir='ltr'><strong>in</strong></span> <span class='ocrx_word' id='word_1_223' title='bbox 908 2510 1044 2565; x_wconf 88' lang='lat' dir='ltr'><strong>Agri-</strong></span> 
     </span>
     <span class='ocr_line' id='line_1_34' title="bbox 177 2569 1044 2623; baseline 0 -13"><span class='ocrx_word' id='word_1_224' title='bbox 177 2569 276 2610; x_wconf 88' lang='lat' dir='ltr'><strong>cola</strong></span> <span class='ocrx_word' id='word_1_225' title='bbox 308 2583 346 2613; x_wconf 89' lang='lat' dir='ltr'><strong>c.</strong></span> <span class='ocrx_word' id='word_1_226' title='bbox 385 2571 438 2613; x_wconf 83' lang='lat'><strong>12</strong></span> <span class='ocrx_word' id='word_1_227' title='bbox 477 2569 637 2611; x_wconf 84' lang='lat' dir='ltr'><strong>duabus</strong></span> <span class='ocrx_word' id='word_1_228' title='bbox 680 2570 892 2623; x_wconf 81' lang='lat' dir='ltr'><strong>tribusque</strong></span> <span class='ocrx_word' id='word_1_229' title='bbox 934 2569 1044 2610; x_wconf 80' lang='lat' dir='ltr'><strong>civi-</strong></span> 
     </span>
     <span class='ocr_line' id='line_1_35' title="bbox 176 2627 1044 2684; baseline -0.002 -14"><span class='ocrx_word' id='word_1_230' title='bbox 176 2628 344 2671; x_wconf 76' lang='lat' dir='ltr'><strong>tatibus.</strong></span> <span class='ocrx_word' id='word_1_231' title='bbox 410 2628 494 2671; x_wconf 90' lang='lat' dir='ltr'><strong>Sed</strong></span> <span class='ocrx_word' id='word_1_232' title='bbox 552 2628 662 2670; x_wconf 88' lang='lat' dir='ltr'><strong>haec</strong></span> <span class='ocrx_word' id='word_1_233' title='bbox 714 2627 1044 2684; x_wconf 89' lang='lat' dir='ltr'><strong>quadragesima</strong></span> 
     </span>
     <span class='ocr_line' id='line_1_36' title="bbox 176 2688 1042 2756; baseline 0.001 -29"><span class='ocrx_word' id='word_1_234' title='bbox 176 2689 625 2756; x_wconf 75' lang='lat' dir='ltr'><strong>quinquagesimaque</strong></span> <span class='ocrx_word' id='word_1_235' title='bbox 637 2701 748 2743; x_wconf 86' lang='lat' dir='ltr'><strong>quae</strong></span> <span class='ocrx_word' id='word_1_236' title='bbox 762 2688 909 2740; x_wconf 87' lang='lat' dir='ltr'><strong>fuerit,</strong></span> <span class='ocrx_word' id='word_1_237' title='bbox 923 2692 1042 2729; x_wconf 91' lang='lat' dir='ltr'><strong>certo</strong></span> 
     </span>
     <span class='ocr_line' id='line_1_37' title="bbox 177 2746 1045 2802; baseline -0.001 -14"><span class='ocrx_word' id='word_1_238' title='bbox 177 2746 348 2788; x_wconf 88' lang='lat' dir='ltr'><strong>definiri</strong></span> <span class='ocrx_word' id='word_1_239' title='bbox 379 2747 558 2802; x_wconf 89' lang='lat' dir='ltr'><strong>nequit:</strong></span> <span class='ocrx_word' id='word_1_240' title='bbox 593 2746 769 2788; x_wconf 82' lang='lat' dir='ltr'><strong>dubium</strong></span> <span class='ocrx_word' id='word_1_241' title='bbox 786 2752 935 2790; x_wconf 87' lang='lat' dir='ltr'><strong>autem</strong></span> <span class='ocrx_word' id='word_1_242' title='bbox 957 2758 1045 2788; x_wconf 90' lang='lat' dir='ltr'><strong>non</strong></span> 
     </span>
     <span class='ocr_line' id='line_1_38' title="bbox 175 2805 1046 2861; baseline -0.001 -14"><span class='ocrx_word' id='word_1_243' title='bbox 175 2811 244 2854; x_wconf 58' lang='lat' dir='ltr'><strong>‚est</strong></span> <span class='ocrx_word' id='word_1_244' title='bbox 280 2805 376 2847; x_wconf 83' lang='lat' dir='ltr'><strong>falli</strong></span> <span class='ocrx_word' id='word_1_245' title='bbox 421 2818 497 2847; x_wconf 91' lang='lat' dir='ltr'><strong>eos</strong></span> <span class='ocrx_word' id='word_1_246' title='bbox 544 2806 617 2860; x_wconf 93' lang='lat' dir='ltr'><strong>qui</strong></span> <span class='ocrx_word' id='word_1_247' title='bbox 651 2807 846 2861; x_wconf 86' lang='lat' dir='ltr'><strong>cogitant</strong></span> <span class='ocrx_word' id='word_1_248' title='bbox 877 2805 931 2846; x_wconf 88' lang='lat' dir='ltr'><strong>de</strong></span> <span class='ocrx_word' id='word_1_249' title='bbox 967 2805 1046 2847; x_wconf 90' lang='lat' dir='ltr'><strong>illa</strong></span> 
     </span>
     <span class='ocr_line' id='line_1_39' title="bbox 180 2863 1046 2919; baseline 0 -15"><span class='ocrx_word' id='word_1_250' title='bbox 180 2863 512 2919; x_wconf 83' lang='lat' dir='ltr'><strong>quadragesima</strong></span> <span class='ocrx_word' id='word_1_251' title='bbox 534 2863 691 2916; x_wconf 88' lang='lat' dir='ltr'><strong>litium,</strong></span> <span class='ocrx_word' id='word_1_252' title='bbox 700 2865 830 2905; x_wconf 85' lang='lat' dir='ltr'><strong>cuius</strong></span> <span class='ocrx_word' id='word_1_253' title='bbox 848 2864 1046 2907; x_wconf 88' lang='lat' dir='ltr'><strong>meminit</strong></span> 
     </span>
     <span class='ocr_line' id='line_1_40' title="bbox 178 2921 1045 2978; baseline -0.003 -12"><span class='ocrx_word' id='word_1_254' title='bbox 178 2923 414 2966; x_wconf 83' lang='lat' dir='ltr'><strong>Suetonius</strong></span> <span class='ocrx_word' id='word_1_255' title='bbox 463 2921 603 2978; x_wconf 87' lang='lat' dir='ltr'><strong>Calig.</strong></span> <span class='ocrx_word' id='word_1_256' title='bbox 649 2922 731 2966; x_wconf 85' lang='lat'><strong>40:</strong></span> <span class='ocrx_word' id='word_1_257' title='bbox 781 2936 862 2978; x_wconf 75' lang='lat' dir='ltr'><strong>pro</strong></span> <span class='ocrx_word' id='word_1_258' title='bbox 905 2921 1045 2964; x_wconf 75' lang='lat' dir='ltr'><strong>litibus</strong></span> 
     </span>
     <span class='ocr_line' id='line_1_41' title="bbox 179 2981 1045 3037; baseline 0.001 -14"><span class='ocrx_word' id='word_1_259' title='bbox 179 2988 303 3035; x_wconf 80' lang='lat' dir='ltr'><strong>atque</strong></span> <span class='ocrx_word' id='word_1_260' title='bbox 333 2981 503 3023; x_wconf 79' lang='lat' dir='ltr'><strong>iudiciis</strong></span> <span class='ocrx_word' id='word_1_261' title='bbox 542 2982 790 3036; x_wconf 79' lang='lat' dir='ltr'><strong>ubicumque</strong></span> <span class='ocrx_word' id='word_1_262' title='bbox 832 2982 1045 3037; x_wconf 74' lang='lat' dir='ltr'><strong>conceptis</strong></span> 
     </span>
     <span class='ocr_line' id='line_1_42' title="bbox 180 3039 1045 3096; baseline 0.002 -15"><span class='ocrx_word' id='word_1_263' title='bbox 180 3039 509 3096; x_wconf 65' lang='lat' dir='ltr'><strong>quadragesima</strong></span> <span class='ocrx_word' id='word_1_264' title='bbox 549 3054 735 3082; x_wconf 81' lang='lat' dir='ltr'><strong>summae</strong></span> <span class='ocrx_word' id='word_1_265' title='bbox 771 3041 825 3086; x_wconf 82' lang='lat' dir='ltr'><strong>de</strong></span> <span class='ocrx_word' id='word_1_266' title='bbox 865 3054 955 3095; x_wconf 70' lang='lat' dir='ltr'><strong>qua</strong></span> <span class='ocrx_word' id='word_1_267' title='bbox 980 3040 1045 3083; x_wconf 69' lang='lat' dir='ltr'><strong>le·-</strong></span> 
     </span>
     <span class='ocr_line' id='line_1_43' title="bbox 180 3098 1044 3157; baseline 0.003 -18"><span class='ocrx_word' id='word_1_268' title='bbox 180 3099 390 3153; x_wconf 70' lang='lat' dir='ltr'><strong>tiqaretur</strong></span> <span class='ocrx_word' id='word_1_269' title='bbox 434 3098 759 3157; x_wconf 84' lang='lat' dir='ltr'><strong>(exigebatur).</strong></span> <span class='ocrx_word' id='word_1_270' title='bbox 828 3099 926 3142; x_wconf 83' lang='lat' dir='ltr'><strong>Non</strong></span> <span class='ocrx_word' id='word_1_271' title='bbox 949 3112 1044 3142; x_wconf 87' lang='lat' dir='ltr'><strong>ma-</strong></span> 
     </span>
     <span class='ocr_line' id='line_1_44' title="bbox 180 3158 1044 3214; baseline 0.003 -16"><span class='ocrx_word' id='word_1_272' title='bbox 180 3158 250 3213; x_wconf 87' lang='lat' dir='ltr'><strong>gis</strong></span> <span class='ocrx_word' id='word_1_273' title='bbox 299 3170 450 3199; x_wconf 90' lang='lat' dir='ltr'><strong>verum</strong></span> <span class='ocrx_word' id='word_1_274' title='bbox 493 3159 683 3200; x_wconf 84' lang='lat' dir='ltr'><strong>assecuti</strong></span> <span class='ocrx_word' id='word_1_275' title='bbox 718 3164 825 3200; x_wconf 82' lang='lat' dir='ltr'><strong>sunt</strong></span> <span class='ocrx_word' id='word_1_276' title='bbox 870 3159 946 3214; x_wconf 84' lang='lat' dir='ltr'><strong>qui</strong></span> <span class='ocrx_word' id='word_1_277' title='bbox 990 3159 1044 3201; x_wconf 86' lang='lat' dir='ltr'><strong>de</strong></span> 
     </span>
     <span class='ocr_line' id='line_1_45' title="bbox 179 3217 1044 3265; baseline 0.002 -8"><span class='ocrx_word' id='word_1_278' title='bbox 179 3217 390 3258; x_wconf 88' lang='lat' dir='ltr'><strong>mercium</strong></span> <span class='ocrx_word' id='word_1_279' title='bbox 422 3221 763 3258; x_wconf 76' lang='lat' dir='ltr'><strong>transvectarum</strong></span> <span class='ocrx_word' id='word_1_280' title='bbox 798 3222 872 3265; x_wconf 80' lang='lat' dir='ltr'><strong>aut</strong></span> <span class='ocrx_word' id='word_1_281' title='bbox 902 3230 1044 3259; x_wconf 77' lang='lat' dir='ltr'><strong>vena-</strong></span> 
     </span>
     <span class='ocr_line' id='line_1_46' title="bbox 179 3274 1045 3331; baseline -0.001 -15"><span class='ocrx_word' id='word_1_282' title='bbox 179 3274 285 3316; x_wconf 86' lang='lat' dir='ltr'><strong>lium</strong></span> <span class='ocrx_word' id='word_1_283' title='bbox 307 3274 549 3317; x_wconf 86' lang='lat' dir='ltr'><strong>eduliorum</strong></span> <span class='ocrx_word' id='word_1_284' title='bbox 576 3276 769 3329; x_wconf 86' lang='lat' dir='ltr'><strong>portorio</strong></span> <span class='ocrx_word' id='word_1_285' title='bbox 791 3289 816 3317; x_wconf 92' lang='lat' dir='ltr'><strong>a</strong></span> <span class='ocrx_word' id='word_1_286' title='bbox 843 3274 1045 3331; x_wconf 86' lang='lat' dir='ltr'><strong>Caligula</strong></span> 
     </span>
     <span class='ocr_line' id='line_1_47' title="bbox 179 3333 1044 3390; baseline 0.001 -16"><span class='ocrx_word' id='word_1_287' title='bbox 179 3334 379 3375; x_wconf 87' lang='lat' dir='ltr'><strong>instituto</strong></span> <span class='ocrx_word' id='word_1_288' title='bbox 414 3337 479 3388; x_wconf 85' lang='lat' dir='ltr'><strong>(v.</strong></span> <span class='ocrx_word' id='word_1_289' title='bbox 505 3333 685 3375; x_wconf 88' lang='lat' dir='ltr'><strong>Sueton.</strong></span> <span class='ocrx_word' id='word_1_290' title='bbox 719 3334 748 3375; x_wconf 91' lang='lat' dir='ltr'><strong>l.</strong></span> <span class='ocrx_word' id='word_1_291' title='bbox 780 3339 860 3390; x_wconf 84' lang='lat' dir='ltr'><strong>c.),</strong></span> <span class='ocrx_word' id='word_1_292' title='bbox 891 3339 967 3375; x_wconf 83' lang='lat' dir='ltr'><strong>aut</strong></span> <span class='ocrx_word' id='word_1_293' title='bbox 990 3333 1044 3375; x_wconf 86' lang='lat' dir='ltr'><strong>de</strong></span> 
     </span>
     <span class='ocr_line' id='line_1_48' title="bbox 178 3391 1046 3448; baseline 0.002 -16"><span class='ocrx_word' id='word_1_294' title='bbox 178 3392 353 3434; x_wconf 85' lang='lat' dir='ltr'><strong>macelli</strong></span> <span class='ocrx_word' id='word_1_295' title='bbox 386 3392 595 3448; x_wconf 83' lang='lat' dir='ltr'><strong>vectigali</strong></span> <span class='ocrx_word' id='word_1_296' title='bbox 629 3406 654 3434; x_wconf 91' lang='lat' dir='ltr'><strong>a</strong></span> <span class='ocrx_word' id='word_1_297' title='bbox 685 3392 826 3433; x_wconf 87' lang='lat' dir='ltr'><strong>Plinio</strong></span> <span class='ocrx_word' id='word_1_298' title='bbox 858 3391 957 3435; x_wconf 87' lang='lat' dir='ltr'><strong>XIX</strong></span> <span class='ocrx_word' id='word_1_299' title='bbox 992 3391 1046 3434; x_wconf 87' lang='lat'><strong>19</strong></span> 
     </span>
     <span class='ocr_line' id='line_1_49' title="bbox 181 3452 1045 3507; baseline -0.003 -14"><span class='ocrx_word' id='word_1_300' title='bbox 181 3452 225 3503; x_wconf 63' lang='grc' dir='ltr'><strong>δ.</strong></span> <span class='ocrx_word' id='word_1_301' title='bbox 243 3453 524 3495; x_wconf 82' lang='lat' dir='ltr'><strong>2memorato</strong></span> <span class='ocrx_word' id='word_1_302' title='bbox 548 3453 768 3507; x_wconf 83' lang='lat' dir='ltr'><strong>cogitant3</strong></span> <span class='ocrx_word' id='word_1_303' title='bbox 796 3452 925 3492; x_wconf 90' lang='lat' dir='ltr'><strong>immo</strong></span> <span class='ocrx_word' id='word_1_304' title='bbox 957 3462 1045 3491; x_wconf 90' lang='lat' dir='ltr'><strong>non</strong></span> 
     </span>
     <span class='ocr_line' id='line_1_50' title="bbox 179 3508 1046 3565; baseline -0.002 -14"><span class='ocrx_word' id='word_1_305' title='bbox 179 3508 376 3565; x_wconf 88' lang='lat' dir='ltr'><strong>loquitur</strong></span> <span class='ocrx_word' id='word_1_306' title='bbox 407 3510 576 3552; x_wconf 84' lang='lat' dir='ltr'><strong>Tacitus</strong></span> <span class='ocrx_word' id='word_1_307' title='bbox 609 3510 661 3551; x_wconf 89' lang='lat' dir='ltr'><strong>dc</strong></span> <span class='ocrx_word' id='word_1_308' title='bbox 694 3508 987 3565; x_wconf 81' lang='lat' dir='ltr'><strong>vectigalibus</strong></span> <span class='ocrx_word' id='word_1_309' title='bbox 1020 3521 1046 3549; x_wconf 89' lang='lat' dir='ltr'><strong>a</strong></span> 
     </span>
     <span class='ocr_line' id='line_1_51' title="bbox 180 3566 1046 3624; baseline 0 -16"><span class='ocrx_word' id='word_1_310' title='bbox 180 3569 379 3624; x_wconf 81' lang='lat' dir='ltr'><strong>principe</strong></span> <span class='ocrx_word' id='word_1_311' title='bbox 413 3576 626 3611; x_wconf 90' lang='lat' dir='ltr'><strong>senatuve</strong></span> <span class='ocrx_word' id='word_1_312' title='bbox 659 3569 873 3622; x_wconf 86' lang='lat' dir='ltr'><strong>impositis</strong></span> <span class='ocrx_word' id='word_1_313' title='bbox 891 3567 970 3609; x_wconf 89' lang='lat' dir='ltr'><strong>sed</strong></span> <span class='ocrx_word' id='word_1_314' title='bbox 992 3566 1046 3608; x_wconf 86' lang='lat' dir='ltr'><strong>de</strong></span> 
     </span>
     <span class='ocr_line' id='line_1_52' title="bbox 181 3625 1045 3686; baseline -0.001 -17"><span class='ocrx_word' id='word_1_315' title='bbox 181 3625 341 3679; x_wconf 57' lang='lat' dir='ltr'><strong>illicitis</strong></span> <span class='ocrx_word' id='word_1_316' title='bbox 370 3629 665 3678; x_wconf 70' lang='lat' dir='ltr'><strong>exactionibus</strong></span> <span class='ocrx_word' id='word_1_317' title='bbox 691 3639 796 3686; x_wconf 86' lang='lat' dir='ltr'><strong>quas</strong></span> <span class='ocrx_word' id='word_1_318' title='bbox 820 3625 1045 3683; x_wconf 87' lang='lat' dir='ltr'><strong>publicani</strong></span> 
     </span>
    </p>
   </div>
   <div class='ocr_carea' id='block_1_10' title="bbox 1122 2509 1999 3683">
    <p class='ocr_par' dir='ltr' id='par_1_14' title="bbox 1128 2509 1999 2963">
     <span class='ocr_line' id='line_1_53' title="bbox 1130 2509 1997 2564; baseline -0.001 -14"><span class='ocrx_word' id='word_1_319' title='bbox 1130 2521 1278 2550; x_wconf 88' lang='lat' dir='ltr'><strong>earum</strong></span> <span class='ocrx_word' id='word_1_320' title='bbox 1311 2510 1632 2562; x_wconf 84' lang='lat' dir='ltr'><strong>provinciarum</strong></span> <span class='ocrx_word' id='word_1_321' title='bbox 1665 2522 1777 2564; x_wconf 89' lang='lat' dir='ltr'><strong>quae</strong></span> <span class='ocrx_word' id='word_1_322' title='bbox 1798 2509 1997 2550; x_wconf 89' lang='lat' dir='ltr'><strong>frumen-</strong></span> 
     </span>
     <span class='ocr_line' id='line_1_54' title="bbox 1129 2567 1999 2623; baseline 0.001 -15"><span class='ocrx_word' id='word_1_323' title='bbox 1129 2569 1265 2609; x_wconf 89' lang='lat' dir='ltr'><strong>tariae</strong></span> <span class='ocrx_word' id='word_1_324' title='bbox 1300 2574 1462 2620; x_wconf 86' lang='lat' dir='ltr'><strong>essent,</strong></span> <span class='ocrx_word' id='word_1_325' title='bbox 1497 2574 1628 2623; x_wconf 88' lang='lat' dir='ltr'><strong>atque</strong></span> <span class='ocrx_word' id='word_1_326' title='bbox 1659 2569 1704 2608; x_wconf 90' lang='lat' dir='ltr'><strong>in</strong></span> <span class='ocrx_word' id='word_1_327' title='bbox 1737 2568 1804 2609; x_wconf 82' lang='lat' dir='ltr'><strong>his</strong></span> <span class='ocrx_word' id='word_1_328' title='bbox 1837 2568 1882 2609; x_wconf 89' lang='lat' dir='ltr'><strong>id</strong></span> <span class='ocrx_word' id='word_1_329' title='bbox 1914 2567 1999 2609; x_wconf 89' lang='lat' dir='ltr'><strong>sibi</strong></span> 
     </span>
     <span class='ocr_line' id='line_1_55' title="bbox 1129 2626 1997 2684; baseline -0.001 -16"><span class='ocrx_word' id='word_1_330' title='bbox 1129 2628 1234 2668; x_wconf 89' lang='lat' dir='ltr'><strong>iuris</strong></span> <span class='ocrx_word' id='word_1_331' title='bbox 1279 2626 1380 2668; x_wconf 89' lang='lat' dir='ltr'><strong>illos</strong></span> <span class='ocrx_word' id='word_1_332' title='bbox 1422 2639 1650 2684; x_wconf 86' lang='lat' dir='ltr'><strong>arrogasse</strong></span> <span class='ocrx_word' id='word_1_333' title='bbox 1689 2633 1737 2668; x_wconf 91' lang='lat' dir='ltr'><strong>ut</strong></span> <span class='ocrx_word' id='word_1_334' title='bbox 1783 2639 1860 2681; x_wconf 90' lang='lat' dir='ltr'><strong>pro</strong></span> <span class='ocrx_word' id='word_1_335' title='bbox 1901 2629 1997 2681; x_wconf 90' lang='lat' dir='ltr'><strong>ipso</strong></span> 
     </span>
     <span class='ocr_line' id='line_1_56' title="bbox 1130 2686 1998 2740; baseline -0.001 -11"><span class='ocrx_word' id='word_1_336' title='bbox 1130 2686 1405 2729; x_wconf 85' lang='lat' dir='ltr'><strong>decumarum</strong></span> <span class='ocrx_word' id='word_1_337' title='bbox 1427 2686 1646 2728; x_wconf 84' lang='lat' dir='ltr'><strong>frumento</strong></span> <span class='ocrx_word' id='word_1_338' title='bbox 1668 2688 1897 2740; x_wconf 88' lang='lat' dir='ltr'><strong>pecuniam</strong></span> <span class='ocrx_word' id='word_1_339' title='bbox 1919 2700 1998 2728; x_wconf 91' lang='lat' dir='ltr'><strong>ac-</strong></span> 
     </span>
     <span class='ocr_line' id='line_1_57' title="bbox 1130 2744 1997 2800; baseline 0 -13"><span class='ocrx_word' id='word_1_340' title='bbox 1130 2747 1352 2799; x_wconf 85' lang='lat' dir='ltr'><strong>ciperent,</strong></span> <span class='ocrx_word' id='word_1_341' title='bbox 1394 2745 1480 2787; x_wconf 41' lang='lat' dir='ltr'><strong>&gt;sed</strong></span> <span class='ocrx_word' id='word_1_342' title='bbox 1512 2757 1564 2787; x_wconf 93' lang='lat' dir='ltr'><strong>eo</strong></span> <span class='ocrx_word' id='word_1_343' title='bbox 1598 2747 1775 2787; x_wconf 92' lang='lat' dir='ltr'><strong>nomine</strong></span> <span class='ocrx_word' id='word_1_344' title='bbox 1808 2744 1997 2800; x_wconf 87' lang='lat' dir='ltr'><strong>quadra-</strong></span> 
     </span>
     <span class='ocr_line' id='line_1_58' title="bbox 1130 2804 1998 2860; baseline -0.002 -14"><span class='ocrx_word' id='word_1_345' title='bbox 1130 2806 1339 2859; x_wconf 87' lang='lat' dir='ltr'><strong>gesimam</strong></span> <span class='ocrx_word' id='word_1_346' title='bbox 1358 2804 1431 2846; x_wconf 87' lang='lat' dir='ltr'><strong>vel</strong></span> <span class='ocrx_word' id='word_1_347' title='bbox 1449 2805 1855 2860; x_wconf 87' lang='lat' dir='ltr'><strong>quinquagesimam</strong></span> <span class='ocrx_word' id='word_1_348' title='bbox 1864 2817 1998 2859; x_wconf 88' lang='lat' dir='ltr'><strong>super</strong></span> 
     </span>
     <span class='ocr_line' id='line_1_59' title="bbox 1128 2862 1996 2919; baseline 0.002 -16"><span class='ocrx_word' id='word_1_349' title='bbox 1128 2862 1370 2919; x_wconf 85' lang='lat' dir='ltr'><strong>legitimam</strong></span> <span class='ocrx_word' id='word_1_350' title='bbox 1412 2865 1627 2918; x_wconf 88' lang='lat' dir='ltr'><strong>pecuniae</strong></span> <span class='ocrx_word' id='word_1_351' title='bbox 1670 2875 1879 2906; x_wconf 87' lang='lat' dir='ltr'><strong>summam</strong></span> <span class='ocrx_word' id='word_1_352' title='bbox 1911 2875 1996 2919; x_wconf 92' lang='lat' dir='ltr'><strong>po-</strong></span> 
     </span>
     <span class='ocr_line' id='line_1_60' title="bbox 1128 2922 1356 2963; baseline 0 0"><span class='ocrx_word' id='word_1_353' title='bbox 1128 2922 1356 2963; x_wconf 84' lang='lat' dir='ltr'><strong>stularent.</strong></span> 
     </span>
    </p>

    <p class='ocr_par' dir='ltr' id='par_1_15' title="bbox 1122 2981 1997 3683">
     <span class='ocr_line' id='line_1_61' title="bbox 1229 2981 1997 3037; baseline 0.001 -14"><span class='ocrx_word' id='word_1_354' title='bbox 1229 2986 1464 3037; x_wconf 82' lang='lat' dir='ltr'><strong>temperata</strong></span> <span class='ocrx_word' id='word_1_355' title='bbox 1514 2981 1628 3037; x_wconf 83' lang='lat' dir='ltr'><strong>apud</strong></span> <span class='ocrx_word' id='word_1_356' title='bbox 1675 2981 1997 3024; x_wconf 63' lang='lat' dir='ltr'><strong>transmarinas</strong></span> 
     </span>
     <span class='ocr_line' id='line_1_62' title="bbox 1122 3040 1997 3095; baseline 0 -15"><span class='ocrx_word' id='word_1_357' title='bbox 1122 3041 1374 3095; x_wconf 79' lang='lat' dir='ltr'><strong>provincias</strong></span> <span class='ocrx_word' id='word_1_358' title='bbox 1409 3041 1617 3095; x_wconf 74' lang='lat' dir='ltr'><strong>frumenti</strong></span> <span class='ocrx_word' id='word_1_359' title='bbox 1645 3040 1885 3081; x_wconf 81' lang='lat' dir='ltr'><strong>subvectio:</strong></span> <span class='ocrx_word' id='word_1_360' title='bbox 1909 3052 1997 3080; x_wconf 89' lang='lat' dir='ltr'><strong>non</strong></span> 
     </span>
     <span class='ocr_line' id='line_1_63' title="bbox 1127 3098 1996 3153; baseline -0.002 -14"><span class='ocrx_word' id='word_1_361' title='bbox 1127 3104 1174 3139; x_wconf 92' lang='lat' dir='ltr'><strong>ut</strong></span> <span class='ocrx_word' id='word_1_362' title='bbox 1223 3099 1464 3153; x_wconf 85' lang='lat' dir='ltr'><strong>provinciis</strong></span> <span class='ocrx_word' id='word_1_363' title='bbox 1512 3104 1658 3152; x_wconf 85' lang='lat' dir='ltr'><strong>patres</strong></span> <span class='ocrx_word' id='word_1_364' title='bbox 1696 3098 1996 3150; x_wconf 86' lang='lat' dir='ltr'><strong>consulerent,</strong></span> 
     </span>
     <span class='ocr_line' id='line_1_64' title="bbox 1127 3155 1996 3210; baseline -0.002 -11"><span class='ocrx_word' id='word_1_365' title='bbox 1127 3157 1205 3199; x_wconf 84' lang='lat' dir='ltr'><strong>sed</strong></span> <span class='ocrx_word' id='word_1_366' title='bbox 1237 3159 1281 3198; x_wconf 92' lang='lat' dir='ltr'><strong>in</strong></span> <span class='ocrx_word' id='word_1_367' title='bbox 1313 3157 1421 3198; x_wconf 91' lang='lat' dir='ltr'><strong>urbe</strong></span> <span class='ocrx_word' id='word_1_368' title='bbox 1463 3156 1671 3198; x_wconf 81' lang='lat' dir='ltr'><strong>frumenti</strong></span> <span class='ocrx_word' id='word_1_369' title='bbox 1702 3157 1890 3210; x_wconf 87' lang='lat' dir='ltr'><strong>pretium</strong></span> <span class='ocrx_word' id='word_1_370' title='bbox 1926 3155 1996 3197; x_wconf 88' lang='lat' dir='ltr'><strong>le-</strong></span> 
     </span>
     <span class='ocr_line' id='line_1_65' title="bbox 1126 3215 1997 3270; baseline -0.001 -13"><span class='ocrx_word' id='word_1_371' title='bbox 1126 3221 1295 3268; x_wconf 86' lang='lat' dir='ltr'><strong>varent,</strong></span> <span class='ocrx_word' id='word_1_372' title='bbox 1324 3227 1457 3256; x_wconf 89' lang='lat' dir='ltr'><strong>onera</strong></span> <span class='ocrx_word' id='word_1_373' title='bbox 1490 3227 1639 3256; x_wconf 89' lang='lat' dir='ltr'><strong>eorum</strong></span> <span class='ocrx_word' id='word_1_374' title='bbox 1671 3216 1744 3270; x_wconf 88' lang='lat' dir='ltr'><strong>qui</strong></span> <span class='ocrx_word' id='word_1_375' title='bbox 1776 3215 1821 3255; x_wconf 91' lang='lat' dir='ltr'><strong>in</strong></span> <span class='ocrx_word' id='word_1_376' title='bbox 1853 3220 1997 3256; x_wconf 90' lang='lat' dir='ltr'><strong>trans-</strong></span> 
     </span>
     <span class='ocr_line' id='line_1_66' title="bbox 1126 3273 1997 3327; baseline 0 -13"><span class='ocrx_word' id='word_1_377' title='bbox 1126 3275 1303 3316; x_wconf 87' lang='lat' dir='ltr'><strong>marinis</strong></span> <span class='ocrx_word' id='word_1_378' title='bbox 1329 3273 1568 3327; x_wconf 85' lang='lat' dir='ltr'><strong>provinciis</strong></span> <span class='ocrx_word' id='word_1_379' title='bbox 1586 3273 1849 3314; x_wconf 83' lang='lat' dir='ltr'><strong>frumentum</strong></span> <span class='ocrx_word' id='word_1_380' title='bbox 1874 3286 1997 3315; x_wconf 90' lang='lat' dir='ltr'><strong>eme-</strong></span> 
     </span>
     <span class='ocr_line' id='line_1_67' title="bbox 1126 3331 1996 3387; baseline 0 -15"><span class='ocrx_word' id='word_1_381' title='bbox 1126 3339 1224 3373; x_wconf 88' lang='lat' dir='ltr'><strong>rent</strong></span> <span class='ocrx_word' id='word_1_382' title='bbox 1245 3333 1514 3387; x_wconf 79' lang='lat' dir='ltr'><strong>Romamque</strong></span> <span class='ocrx_word' id='word_1_383' title='bbox 1544 3331 1856 3385; x_wconf 87' lang='lat' dir='ltr'><strong>subveherent,</strong></span> <span class='ocrx_word' id='word_1_384' title='bbox 1890 3339 1996 3374; x_wconf 81' lang='lat' dir='ltr'><strong>tcm-</strong></span> 
     </span>
     <span class='ocr_line' id='line_1_68' title="bbox 1123 3390 1996 3447; baseline 0 -15"><span class='ocrx_word' id='word_1_385' title='bbox 1123 3398 1282 3447; x_wconf 77' lang='lat' dir='ltr'><strong>perata</strong></span> <span class='ocrx_word' id='word_1_386' title='bbox 1338 3397 1450 3433; x_wconf 85' lang='lat' dir='ltr'><strong>sunt.</strong></span> <span class='ocrx_word' id='word_1_387' title='bbox 1514 3390 1834 3432; x_wconf 86' lang='lat' dir='ltr'><strong>Transmarinas</strong></span> <span class='ocrx_word' id='word_1_388' title='bbox 1891 3403 1996 3444; x_wconf 89' lang='lat' dir='ltr'><strong>pro-</strong></span> 
     </span>
     <span class='ocr_line' id='line_1_69' title="bbox 1129 3448 1997 3503; baseline -0.001 -12"><span class='ocrx_word' id='word_1_389' title='bbox 1129 3450 1297 3491; x_wconf 87' lang='lat' dir='ltr'><strong>vincias</strong></span> <span class='ocrx_word' id='word_1_390' title='bbox 1331 3462 1428 3490; x_wconf 91' lang='lat' dir='ltr'><strong>cum</strong></span> <span class='ocrx_word' id='word_1_391' title='bbox 1478 3448 1606 3502; x_wconf 88' lang='lat' dir='ltr'><strong>dicit,</strong></span> <span class='ocrx_word' id='word_1_392' title='bbox 1655 3449 1848 3491; x_wconf 84' lang='lat' dir='ltr'><strong>Africam</strong></span> <span class='ocrx_word' id='word_1_393' title='bbox 1892 3461 1997 3503; x_wconf 88' lang='lat' dir='ltr'><strong>prae</strong></span> 
     </span>
     <span class='ocr_line' id='line_1_70' title="bbox 1130 3507 1997 3563; baseline -0.001 -13"><span class='ocrx_word' id='word_1_394' title='bbox 1130 3509 1288 3550; x_wconf 85' lang='lat' dir='ltr'><strong>ceteris</strong></span> <span class='ocrx_word' id='word_1_395' title='bbox 1322 3509 1502 3563; x_wconf 89' lang='lat' dir='ltr'><strong>cogitat.</strong></span> <span class='ocrx_word' id='word_1_396' title='bbox 1565 3507 1706 3550; x_wconf 90' lang='lat' dir='ltr'><strong>Unum</strong></span> <span class='ocrx_word' id='word_1_397' title='bbox 1748 3513 1792 3548; x_wconf 87' lang='lat' dir='ltr'><strong>et</strong></span> <span class='ocrx_word' id='word_1_398' title='bbox 1822 3509 1997 3562; x_wconf 89' lang='lat' dir='ltr'><strong>praeci-</strong></span> 
     </span>
     <span class='ocr_line' id='line_1_71' title="bbox 1129 3566 1997 3623; baseline 0 -15"><span class='ocrx_word' id='word_1_399' title='bbox 1129 3579 1261 3621; x_wconf 88' lang='lat' dir='ltr'><strong>puum</strong></span> <span class='ocrx_word' id='word_1_400' title='bbox 1282 3579 1422 3623; x_wconf 85' lang='lat' dir='ltr'><strong>genus</strong></span> <span class='ocrx_word' id='word_1_401' title='bbox 1449 3567 1543 3608; x_wconf 88' lang='lat' dir='ltr'><strong>eius</strong></span> <span class='ocrx_word' id='word_1_402' title='bbox 1563 3566 1874 3608; x_wconf 83' lang='lat' dir='ltr'><strong>moderationis</strong></span> <span class='ocrx_word' id='word_1_403' title='bbox 1905 3572 1997 3609; x_wconf 85' lang='lat' dir='ltr'><strong>sta-</strong></span> 
     </span>
     <span class='ocr_line' id='line_1_72' title="bbox 1128 3624 1994 3683; baseline 0.005 -16"><span class='ocrx_word' id='word_1_404' title='bbox 1128 3627 1208 3668; x_wconf 86' lang='lat' dir='ltr'><strong>tim</strong></span> <span class='ocrx_word' id='word_1_405' title='bbox 1248 3638 1328 3682; x_wconf 83' lang='lat' dir='ltr'><strong>per</strong></span> <span class='ocrx_word' id='word_1_406' title='bbox 1369 3624 1626 3682; x_wconf 86' lang='lat' dir='ltr'><strong>particulam</strong></span> <span class='ocrx_word' id='word_1_407' title='bbox 1658 3633 1697 3668; x_wconf 86' lang='lat' dir='ltr'><strong>et</strong></span> <span class='ocrx_word' id='word_1_408' title='bbox 1737 3625 1994 3683; x_wconf 82' lang='lat' dir='ltr'><strong>explicatur.</strong></span> 
     </span>
    </p>
   </div>
  </div>
 </body>
</html>
