2280 4004
266 218 357 262 348
1051 211 1342 256 ANNALWM
1411 217 1414 221 '
1464 209 1505 214 ”
1753 229 1793 260 a.
1826 229 1869 260 u.
1903 211 2094 262 786—7'.

267 366 382 418 urbi
421 365 726 432 praefuerat.
804 360 974 412 Genus
1009 360 1078 411 illi
1108 360 1366 424 decorum,
1395 359 1565 412 vivida
1605 354 2098 425 senecm3232et,·non

268 458 516 524 permissa
542 452 807 521 provincia
846 451 1193 520 dignationem
1231 450 1515 503 addiderat.
1588 440 1719 503 Exin
1744 448 2102 510 Flacco-sm

269 547 423 614 ponio
453 544 631 611 Syriae
668 548 1002 615 propraetore
1035 542 1275 595 defuncto
1313 542 1594 594 recitantur
1620 542 1856 594 Caesaris
1882 541 2097 616 littemc,

271 637 383 703 quis
435 635 701 685 incusabat
755 621 1027 702 egregium*
1072 648 1326 700 quemque
1377 638 1426 685 et
1480 633 1725 701 >regendis
1780 626 2104 688 exercitulum

231 726 507 780 aidoneum
538 725 762 776 abnuere
798 723 849 774 id
885 738 1080 787 munuS‚
1122 739 1280 790 seque
1313 739 1373 776 ea
1406 724 1784 776 necessitudine
1818 724 1882 776 ad
1915 727 2105 791 preces

272 817 421 885 cogi,
477 830 568 882 per
605 830 730 881 quas
774 814 1115 866 consularium
1155 814 1310 881 aliqui
1355 829 1628 881 capessere
1660 814 2105 882 provincias-adi-
2150 853 2154 857 .

270 911 531 977 gei-·entui,
571 907 755 958 oblitus
793 906 1106 971 Arruntium,
1149 921 1213 958 ue
1250 907 1299 957 in
1325 906 1616 973 Hispaniam
1657 912 1915 975 pergeret,
1959 906 2105 959 dect-

272 1015 403 1052 mum
438 999 536 1051 iam
576 1014 762 1049 annum
798 998 1018 1049 attineri.
1093 997 1232 1050 Obiit
1269 998 1450 1054 eodem
1481 1012 1613 1049 anno
1653 1003 1703 1050 et
1727 999 1929 1050 Marcus
1954 997 2107 1064 Lepi-

273 1091 385 1155 dus,
429 1089 492 1141 de
536 1089 679 1141 cuius
721 1089 1073 1140 moderatione
1114 1093 1264 1154 atque
1300 1088 1547 1154 sapientia
1583 1089 1636 1138 in
1663 1088 1928 1155 prioribus
1951 1087 2107 1139 ⁴libris

211 1182 395 1237 sosatis
448 1180 716 1232 collocavi.
809 1179 986 1246 Neque
1032 1179 1270 1230 nobilitas
1328 1179 1512 1230 diutius
1560 1175 1954 1232 demonstranda
1983 1183 2106 1232 est:

274 1272 456 1338 quippe
498 1271 768 1322 Aemilium
818 1285 983 1337 genus
1035 1270 1306 1323 secundum
1357 1271 1607 1322 bonorum
1639 1270 1874 1335 civium,
1934 1269 2107 1338 etqui

272 1362 450 1414 eadem
491 1361 680 1412 familia
717 1361 967 1427 corruptis
1005 1362 1249 1426 moribuS‚
1276 1361 1475 1412 inlustri
1500 1365 1670 1412 tamen
1706 1360 1913 1412 fortuna
1932 1373 2106 1428 egere.

413 1451 565 1503 Paulo
605 1451 761 1503 Fabio
798 1451 956 1502 Lucio
992 1451 1196 1505 Vitellio
1240 1451 1535 1503 consulibus
1586 1456 1704 1518 post
1756 1451 1964 1519 longum
2019 1454 2195 1504 sta-28

274 1543 502 1595 culorum
541 1543 781 1594 ambit-um
823 1543 933 1594 avis
966 1542 1192 1609 phoenix
1230 1543 1280 1593 in
1322 1547 1607 1611 Aegyptum
1644 1543 1800 1608 venit,
1846 1542 2109 1609 praebuit-
2186 1583 2193 1590 .

211 1646 256 1685 15
274 1650 371 1702 quc
425 1635 684 1687 materiem
736 1634 1048 1687 doctissimis
1096 1635 1450 1703 indigenarum
1509 1640 1559 1686 et
1599 1635 1910 1688 Graecorum
1957 1634 2108 1688 multu

273 1741 426 1793 super
465 1741 527 1777 eo
566 1725 812 1777 miraculo
843 1724 1150 1778 disserendi.
1225 1727 1300 1777 De
1337 1726 1518 1793 quibus
1545 1730 1848 1794 congruunt,
1881 1731 1931 1778 et
1969 1726 2108 1793 plura

274 1817 509 1884 ambigua
561 1817 652 1868 sed
701 1818 910 1884 cognitu
960 1832 1062 1868 non
1102 1817 1352 1881 absurda,
1406 1831 1642 1883 promere
1687 1817 1824 1869 libet.
1898 1817 2108 1870 Sacrum

273 1907 369 1960 soli
406 1908 455 1959 id
497 1908 698 1973 animal,
736 1913 786 1960 et
823 1924 913 1960 ore
955 1925 1016 1960 ac
1057 1907 1296 1960 distinctu
1334 1908 1599 1975 pinnarum
1637 1925 1664 1959 a
1706 1908 1892 1960 ceteris
1929 1908 2108 1960 avibus

276 1999 532 2051 diversum
575 2001 900 2052 consentiunt
938 2000 1021 2066 qui
1064 2001 1274 2052 sormam
1314 2000 1424 2052 eius
1453 2000 1716 2053 effluxere.
1789 2000 1865 2052 De
1899 2014 2110 2054 numero

209 2106 258 2142 20
275 2106 521 2142 annorum
580 2091 722 2143 varia
776 2092 1055 2144 traduntur.
1145 2092 1362 2144 Maxime
1407 2091 1663 2159 vulgatum
1718 2092 2111 2160 quingentorum

273 2182 511 2249 spatium:
572 2188 687 2234 sunt
740 2184 825 2250 qui
871 2183 1178 2235 adseverent
1230 2183 1366 2235 mille
1405 2183 1806 2251 quadringentos
1844 2183 2111 2252 sexaginta

390 2350 433 2389 4.
469 2346 737 2388 exercitabas
768 2347 823 2389 Μ.
919 2349 961 2390 5.
996 2347 1341 2390 οιεοεεεὶιίιιιάἱηε
1372 2348 1428 2390 M.
1497 2348 1540 2390 8.
1578 2347 1639 2390 M.
1674 2348 1728 2390 M.
1812 2350 1880 2392 10.
1907 2348 2021 2391 cone.
2051 2347 2109 2391 M.

277 2408 344 2449 15.
386 2403 431 2447 L.
469 2404 524 2447 M.
598 2419 683 2448 cos.
719 2419 816 2448 cum
849 2406 927 2449 lin.
962 2408 1016 2449 M.
1079 2421 1195 2449 saec.
1231 2406 1304 2449 Or.
1394 2408 1461 2450 15.
1493 2422 1610 2463 qrec.
1646 2407 1702 2449 M.
1802 2407 1870 2451 19.
1905 2408 2113 2462 effinxere

275 2479 298 2506 c
324 2466 440 2507 coni.
467 2462 686 2508 Pichenae
709 2465 986 2520 adoptatum:
1020 2466 1056 2509 M
1079 2468 1269 2522 effluere,
1294 2465 1430 2524 vulgo
1454 2466 1655 2522 definiere
1676 2472 1856 2510 auctore
1875 2466 2109 2520 Beroaldtr.

361 2599 408 2638 in
449 2599 668 2653 prioribus
712 2599 834 2640 libris
876 2601 981 2641 satis
1014 2600 1150 2641 collo-
1237 2602 1412 2643 tandum
1460 2601 1514 2643 de
1558 2602 1704 2657 aliqua
1746 2602 1944 2645 leviore:
2001 2601 2109 2645 illud

273 2657 395 2697 cavi.-
424 2658 480 2698 cf.
504 2662 652 2699 annot.
678 2657 729 2699 ad
753 2657 811 2700 Ill
844 2659 916 2701 35.
943 2658 1153 2701 collocavi

273 2728 388 2757 novo
420 2715 579 2757 dictum
602 2729 678 2770 pro
706 2717 877 2773 vulgari
907 2719 1150 2787 posui:sa-

272 2775 324 2816 tis
357 2778 501 2817 ·iulcm
532 2775 834 2817 eodemmodo
859 2777 1022 2819 obiecti
1053 2779 1151 2820 vice

275 2835 474 2889 fungitur
508 2834 563 2875 lV
598 2835 671 2885 38,
709 2835 778 2876 ubi
812 2837 998 2890 salisque
1030 2839 1149 2894 (nie)

272 2893 431 2933 habere
464 2899 596 2948 atque
631 2896 701 2947 qui
731 2896 836 2936 satis
868 2920 923 2926 —
949 2896 1149 2939 tribuent.

271 2951 335 2993 Eo
370 2953 507 3008 inagis
555 2950 695 2992 minor
724 2954 985 3007 Sejil'ertum
1030 2955 1149 2996 desi-

274 2986 464 3053 derasse⁶
484 3013 590 3053 satis
620 3012 782 3064 iruulta,
831 3014 875 3053 in
916 3027 1000 3068 qua
1035 3027 1145 3055 con-

274 3071 439 3112 iectura
500 3077 567 3113 est
625 3073 911 3128 exaggeratio
969 3074 1146 3115 minime

272 3129 552 3173 Corneliana.
689 3175 692 3177 A

362 3188 466 3242 Cap.
501 3190 572 3233 28.
662 3189 795 3232 Paulo
840 3189 972 3232 Fabio
1016 3190 1148 3233 Lucio

285 3247 482 3289 Vitellio:
527 3251 562 3290 si
600 3262 683 3290 non
718 3249 771 3291 ab
815 3262 963 3291 errore
997 3251 1148 3305 profc-

273 3311 389 3348 ctum
435 3313 501 3347 cst
542 3307 657 3363 quod
692 3308 775 3349 Dio
818 3308 951 3351 LVlll
996 3311 1053 3353 24
1095 3309 1148 3351 de

273 3363 339 3405 his
387 3366 642 3408 ‹onsulibus
689 3367 823 3409 altera
860 3368 1020 3410 'libelii
1068 3369 1147 3410 de-

275 3424 474 3466 ‹·ennalia
508 3426 832 3468 celebrantibus
856 3427 1045 3475 tradidit,
1068 3429 1149 3482 τήι

273 3496 319 3525 τε
357 3500 443 3527 ow
477 3478 643 3542 ἑοριὴν
688 3484 790 3544 ‹iz'ua
835 3490 1030 3532 ἐποίουν
1067 3505 1144 3531 κα(

271 3541 569 3594 ἐκολάζοντο,
620 3526 730 3587 haee
779 3559 919 3600 poena
964 3560 1051 3588 non
1093 3547 1146 3589 de

271 3599 490 3653 supplicio
518 3604 775 3657 accipienda
810 3608 872 3647 est
907 3605 983 3647 sed
1012 3608 1145 3663 eogi-

1238 2661 1351 2702 euim
1400 2660 1572 2703 Tacitus
1624 2674 1710 2702 non
1757 2662 2005 2715 omisisset,
2066 2668 2110 2704 et

1237 2719 1283 2762 L.
1312 2720 1519 2762 Vitellius
1552 2721 1681 2762 etiam
1704 2721 1811 2763 Gaio
1847 2727 1892 2764 et.
1922 2720 2107 2764 Claudio
2189 2726 2194 2732 '

1239 2779 1508 2835 principibus
1544 2780 1680 2834 vixit3
1719 2794 1759 2822 v.
1798 2780 1854 2823 Vl
1883 2782 1956 2824 32.

1326 2839 1419 2880 aris
1446 2839 1663 2895 phoenix.-
1707 2841 1838 2882 etiam
1877 2839 1962 2882 hoc
1992 2850 2106 2882 auno

1238 2899 1310 2938 vix
1356 2898 1477 2940 aliud
1526 2899 1628 2953 quid
1680 2912 1806 2954 quam
1858 2898 2016 2942 caedes
2064 2906 2109 2942 ct

1238 2957 1392 2999 runci-a
1433 2965 1477 2999 et
1517 2958 1660 3000 luctus
1706 2959 1867 3000 civium
1902 2957 2107 3001 tradenda

1238 3029 1334 3056 cum
1359 3024 1521 3067 essent.
1546 3030 1688 3059 rerum
1712 3019 1899 3072 scriptor
1919 3017 2108 3060 libenter

1235 3074 1434 3116 subsistit
1454 3078 1495 3117 in
1523 3083 1701 3118 natiuae
1723 3075 1932 3118 miraculo
1952 3088 2107 3132 quam-

1236 3134 1301 3174 vis
1335 3134 1536 3177 fabuloso
1569 3135 1621 3177 ad
1651 3136 1840 3177 antimum
1876 3147 1999 3176 suum
2033 3147 2106 3178 re-

1236 3193 1469 3235 creandum
1505 3200 1549 3236 et
1584 3195 1824 3251 legentium
1858 3195 2106 3237 satietatem

1236 3253 1500 3296 evitandam.
1566 3254 1630 3295 Dc
1663 3253 1883 3308 phoenice
1906 3253 2105 3296 Herodo-

1235 3317 1302 3352 tus
1335 3310 1373 3353 ΙΙ
1405 3312 1485 3363 73,
1534 3312 1797 3367 Pomponius
1831 3311 1941 3355 Mela
1972 3312 2029 3354 ΙΙΙ
2059 3313 2103 3356 8.

1234 3370 1318 3411 Dio
1353 3370 1483 3412 LVlll
1516 3373 1586 3424 27,
1623 3371 1790 3413 Plinius
1821 3371 1871 3413 Ν.
1906 3371 1957 3412 lt.
1992 3371 2027 3412 X
2060 3373 2101 3416 2.

1234 3430 1408 3471 Solinus
1443 3445 1480 3472 c.
1505 3432 1578 3483 33,
1613 3433 1741 3473 etiam
1780 3431 2027 3472 Lactantius
2060 3430 2102 3470 in

1234 3490 1423 3531 carmine
1491 3491 1540 3530 «le
1593 3490 1816 3532 Phoenice.
1885 3504 1888 3507 ⁴
1938 3488 2103 3529 Plinius

1233 3555 1411 3590 auctore
1468 3563 1570 3591 usus
1614 3548 1819 3590 Cornelio
1868 3546 2102 3589 Valeriano

1232 3607 1348 3650 hunc
1379 3608 1641 3663 phoenicem
1674 3610 1717 3651 in
1739 3607 1988 3662 Aegyptum
2023 3610 2102 3663 (ex
