2280 4004
199 810 222 852 5

236 280 324 335 ies

1019 281 1310 330 ANNALIVM

1808 302 1848 337 a.
1881 289 1925 335 u.-
1959 281 2060 337 w&

238 440 538 501 quamquam
587 427 675 484 alii
722 431 890 483 mitius
943 430 1276 483 censuissent.
1350 430 1468 484 Mox
1505 430 1730 496 Scauro,
1788 430 1879 498 'qui
1908 426 2064 485 matu

237 541 302 579 ex
338 541 396 578 ea
437 529 708 592 genuerat,
762 523 931 573 datum
971 527 1036 573 'ne
1071 522 1210 574 bona
1243 521 1636 588 publicarentur.
1706 512 1831 572 Tum
1868 509 2067 575 demum

238 615 434 683 aperuit
467 615 696 667 Tiberiiis
733 618 1046 680 compertum
1077 614 1175 691 sibi
1210 613 1360 665 etiam
1398 620 1464 665 ex
1488 613 1646 665 Publii
1670 613 1871 677 'Quirini
1903 611 2068 667 servis

208 713 439 759 'veneno
478 719 591 758 eum
633 720 661 755 a
698 704 886 771 Lepida
926 686 1152 770 petitum]
1875 722 1879 727 1

378 798 663 850 Inlustrium
689 797 926 849 domuum
959 796 1176 848 adversa
1202 795 1417 859 (etenim
1453 795 1587 847 haud
1625 795 1829 847 multum
1862 795 2068 848 distanti
2084 797 2154 846 24

237 893 466 955 tempore
490 882 745 954 Calpurnii
768 888 1018 952 Pisonem,
1052 887 1257 939 Aemilii
1282 887 1520 953 Lepidam
1549 888 1847 953 amiserant)
1884 887 2067 940 solatio

236 980 427 1032 adfecit
455 980 694 1031 Decimus
724 980 926 1033 Silanus
955 980 1127 1031 Iuniae
1158 979 1378 1031 familiae
1417 979 1663 1030 redditus

784 1073 845 1123 Ut
886 1071 1055 1122 valida
1098 1071 1217 1122 divo
1256 1071 1487 1138 Augusto
1544 1071 1596 1121 in
1654 1080 1762 1123 rem
1815 1068 2067 1138 publicam

235 1072 412 1141 paucis
447 1076 689 1138 repet-am.

1740 979 1922 1031 Casum
1953 979 2068 1031 eius

236 1163 468 1228 fortuna,
531 1163 599 1214 ita
640 1163 776 1214 domi
820 1163 1120 1229 inprospera
1172 1162 1262 1214 fuit
1320 1162 1385 1214 ob
1427 1161 1787 1228 impudicitiam
1825 1162 1959 1214 filiae
2001 1177 2064 1213 ac

234 1345 444 1416 punivit.

174 1255 417 1321 loneptiS,
457 1269 580 1321 quas
617 1254 742 1305 urbe
781 1254 971 1320 depulit
1007 1253 1366 1321 adulterosque
1406 1268 1578 1305 earum
1627 1258 1788 1305 morte
1825 1258 1910 1305 aut
1948 1252 2069 1320 fuga

519 1347 644 1401 Nam
684 1346 877 1412 culpam
921 1346 1054 1397 inter
1091 1346 1231 1397 viros
1283 1361 1343 1396 ac
1383 1345 1598 1396 feminas
1630 1338 1884 1412 vulgatam
1923 1343 2070 1412 gravi

235 1437 442 1490 nomine
478 1437 731 1489 laesarum
765 1437 1070 1506 religionum
1112 1452 1172 1487 ac
1205 1435 1426 1488 violatae
1451 1436 1727 1487 maiestatis
1750 1431 2069 1502 appellando,

236 1529 555 1582 clementiam
602 1529 851 1581 maiorum
901 1539 1122 1595 suasque
1167 1529 1276 1594 ipse
1326 1527 1469 1596 leges
1518 1526 1925 1595 egrediebatur.·
1969 1524 2071 1580 Sed

237 1620 452 1674 aliorum
487 1621 668 1686 exitus,
708 1619 857 1673 simul
885 1625 1056 1672 cetera
1094 1620 1228 1671 illius
1268 1619 1466 1685 aetatis,
1505 1618 1818 1683 memorabo,
1860 1617 1904 1669 si
1938 1614 2074 1669 effe-

174 1713 332 1764 tsctis
386 1713 438 1762 in
495 1727 625 1778 quae
696 1711 916 1775 tetendi,
993 1711 1164 1776 plures
1221 1709 1285 1761 ad
1346 1725 1494 1761 curas
1550 1709 1705 1761 vitam
1760 1708 2070 1775 produxero.

236 1803 474 1855 Decimus
525 1802 725 1856 Silanus
787 1802 838 1853 in
884 1801 1020 1868 nepti
1061 1800 1278 1869 Augusti
1336 1799 1557 1864 adulter,
1618 1814 1918 1866 quamquam
1965 1811 2071 1849 non

351 1974 393 2016 3.
430 1986 553 2029 conp.
587 1972 643 2015 M.
736 1972 782 2013 Ρ.
817 1971 871 2014 Μ.

233 2032 290 2076 At
321 2034 434 2074 enim
467 2036 578 2088 (non
611 2033 655 2073 in
690 2031 957 2087 parenthesi,
991 2036 1038 2072 ut
1070 2034 1215 2071 narrat
1248 2028 1540 2085 Waltherus).

227 2093 331 2151 pud.
358 2093 413 2136 M.
482 2092 549 2135 15.
586 2091 702 2134 tendi
734 2092 797 2133 M:
833 2092 1023 2133 correxit
1046 2089 1299 2142 Ernestius3
1332 2088 1499 2130 intendi
1530 2087 1750 2129 Heinsius.
1820 2085 1887 2131 16.
1924 2085 1980 2127 D.
2013 2085 2072 2128 M.

322 2244 427 2304 Cap.
480 2250 551 2292 24.
628 2250 675 2290 in
723 2260 813 2290 rem.
862 2248 1114 2305 publicam.-

233 2314 334 2364 apte
370 2309 637 2363 comparavit
678 2308 930 2350 Waltherus
960 2308 1111 2361 Eurip.

235 2367 307 2412 Or.
342 2369 453 2411 5332
499 2363 592 2424 ἐγώ
630 2368 678 2411 δὲ
712 2364 849 2411 τᾶλλα
880 2369 1114 2425 μακάριος

233 2429 406 2486 πέφυκ’
443 2429 576 2485 ἀνήρ’,
601 2421 730 2480 πλὴν
760 2431 805 2474 ἐς
831 2431 1112 2485 θυγατέρας.

235 2486 363 2529 Conf.
411 2486 469 2528 VI
501 2487 582 2530 49:
632 2487 802 2541 altaque
845 2488 891 2528 in
939 2486 1116 2527 eundem

234 2547 423 2587 dolorem
455 2553 617 2587 „anesca
639 2554 678 2588 et
704 2540 964 2588 miseranda.
1017 2544 1114 2586 XIII

238 2606 320 2648 14:
355 2619 408 2646 ne
441 2607 640 2659 cuiusque
677 2607 786 2661 lacti
819 2607 864 2647 in
892 2604 1114 2660 praeteri-

233 2670 320 2706 tum
351 2664 708 2720 interr·09aret·m·.

318 2750 438 2804 filiae
470 2765 523 2793 ac
555 2753 717 2808 neptis.-
751 2752 924 2806 utrique
957 2762 1114 2791 nomen

232 2809 386 2852 Iuliae.
450 2811 516 2852 De
557 2813 722 2853 maiore
767 2808 953 2852 relatum
990 2807 1007 2851 l
1042 2809 1112 2861 53,

235 2869 289 2911 de
321 2870 515 2922 minore,
549 2884 661 2926 quae
697 2869 785 2912 filia
815 2870 1038 2926 Agrippae
1072 2874 1116 2910 et

234 2927 375 2970 Iuliae
410 2935 453 2970 et
484 2942 608 2971 soror
639 2931 925 2986 Agrippinae,
962 2927 1019 2969 IV
1042 2928 1111 2970 71.

235 2987 303 3031 De
348 2993 532 3044 uimque
576 2988 740 3030 Plinius
785 2988 947 3031 V1146
982 2988 1110 3043 (45):

235 3046 494 3090 adulterium
527 3048 646 3102 filiae
679 3056 718 3089 ct
751 3046 933 3089 consilia
959 3046 1113 3102 parri-

236 3107 359 3149 cidae
386 3106 535 3163 palam
564 3110 710 3164 facta:
740 3134 794 3139 -
828 3105 947 3148 aliud
978 3107 1113 3160 neptis

235 3165 507 3209 adulterium.
629 3167 754 3209 simul
809 3173 954 3208 cetera
1000 3163 1113 3205 illius

235 3227 390 3268 aetatis
422 3226 687 3269 memorabo.-
724 3227 777 3269 dc
813 3221 878 3267 his
898 3222 1043 3267 verbis
1070 3224 1111 3263 in

235 3285 464 3328 Prooemio
499 3286 660 3328 ‹lic-uun
702 3292 781 3328 est.

327 3374 473 3415 Marci,
518 3373 663 3415 Silani
710 3377 847 3429 fretus
895 3369 1115 3427 potentia:

235 3434 438 3486 sperabat
455 3433 553 3474 exul
571 3439 767 3474 senatum
785 3432 1114 3487 principemque

234 3492 440 3544 precibus
503 3494 591 3532 suis
655 3493 943 3533 obsecuturos
1002 3500 1114 3537 esse,

236 3549 352 3603 quod
367 3550 556 3591 Marcum
570 3551 763 3591 Silanum
783 3553 957 3592 fratrem
977 3547 1115 3605 gratia

237 3611 442 3663 prosequi
487 3617 728 3662 euperent3
771 3611 855 3652 hoc
893 3614 958 3650 est
1000 3603 1110 3649 illud

234 3669 369 3724 fretus
424 3669 618 3725 potentia
683 3668 743 3711 M.
798 3669 954 3712 Silani.
1027 3663 1111 3709 Sed

965 1972 1005 2014 5.
1042 1970 1195 2012 etenim
1226 1970 1475 2011 Mercerus:
1522 1966 1561 2010 M
1593 1963 1800 2025 adenim„
1830 1946 2073 2035 Beroaldus

1617 2029 1657 2070 7.
1694 2027 1752 2070 D.
1786 2020 1841 2070 Μ.
1918 2022 1963 2070 9.
1997 2038 2070 2067 m-

1198 2247 1396 2302 potentia
1428 2245 1613 2287 alicuius
1633 2243 1859 2299 deprecari
1883 2243 2074 2301 aliquem

1198 2308 1350 2349 Latine
1384 2317 1471 2346 non
1504 2304 1711 2346 dicimus:
1756 2311 1855 2346 nam
1896 2303 1951 2345 ad
1993 2303 2075 2345 de-

1198 2365 1462 2420 precandum
1495 2365 1692 2418 potentia
1726 2376 1814 2404 non
1847 2375 1956 2417 opus
1989 2367 2071 2414 est,

1198 2426 1273 2467 sed
1330 2422 1559 2466 voluntate
1615 2429 1658 2464 et
1708 2421 1906 2464 audacia.
1974 2420 2074 2463 Iure

1198 2486 1333 2542 igitur
1362 2481 1700 2538 Bezzenberger
1742 2482 1788 2522 in
1827 2480 1895 2522 his
1926 2480 2074 2523 verbis

1198 2544 1393 2595 offendit,
1427 2541 1505 2584 sed
1526 2541 1641 2597 quod
1663 2541 1890 2582 substituit
1918 2540 2074 2596 pratris

1197 2606 1333 2658 fretus
1360 2602 1555 2658 potentia
1590 2595 1705 2642 male
1736 2605 1884 2652 sonat,
1929 2611 2075 2654 neque

1198 2675 1307 2717 opus
1360 2666 1425 2703 est
1467 2660 1621 2715 fratris
1670 2658 1906 2701 vocabulo.
1968 2657 2074 2700 Nam

1198 2721 1425 2763 Decimum
1469 2720 1662 2774 Silanum
1714 2719 1846 2760 Marci
1898 2717 2074 2760 fratrem

1198 2794 1296 2822 esse
1331 2781 1504 2822 interim
1538 2777 1678 2821 lector
1720 2783 1877 2832 sponte
1921 2776 2074 2829 credit,

1198 2853 1299 2881 mox
1331 2840 1555 2882 luculente
1588 2837 1749 2892 accipit
1770 2834 1904 2880 illatis
1929 2835 2075 2879 verbis

1196 2902 1337 2954 frater
1354 2900 1457 2941 eius.
1481 2898 1756 2952 Quapropter
1768 2904 1928 2939 nomen
1945 2897 2074 2951 fram,

1200 2958 1240 3000 h.
1264 2973 1301 3001 e.
1326 2961 1477 3013 fretus,
1496 2958 1682 3000 obscure
1702 2958 1910 3012 scriptum
1932 2961 2076 2997 trans-

1198 3019 1283 3059 isse
1316 3019 1360 3058 in
1392 3019 1545 3073 fratris
1581 3015 1691 3072 (st)
1725 3010 1944 3058 existimo.

1287 3075 1390 3131 Cap.
1426 3077 1496 3119 25.
1554 3088 1679 3131 quam
1702 3076 1847 3118 senior
1862 3073 2077 3129 Λυρκείας

1192 3144 1287 3192 post
1322 3135 1456 3177 Iulias
1490 3137 1735 3190 royationes
1757 3159 1812 3166 —-
1839 3138 2074 3175 sanxerat.-

1199 3195 1334 3236 Iulias
1368 3195 1614 3250 rogationes
1657 3194 1763 3236 dicit
1802 3197 1909 3249 quas
1940 3191 2076 3238 lulius

1199 3253 1359 3295 Caesar
1393 3267 1431 3295 a.
1468 3254 1553 3297 708
1586 3253 1797 3307 pertulit:
1829 3251 1913 3293 Dio
1947 3249 2076 3292 XLIII

1197 3313 1269 3356 25.
1319 3311 1430 3354 Gell.
1486 3312 1521 3354 ll
1580 3314 1646 3355 15.
1714 3313 1776 3354 De
1819 3309 2075 3352 mar-itandis

1199 3373 1417 3413 ordinibus
1456 3372 1599 3427 legem
1618 3373 1842 3427 Augustus
1866 3368 2072 3411 sancien-

1199 3432 1292 3473 dam
1343 3436 1386 3472 et
1442 3432 1724 3485 asperandam
1775 3429 1972 3478 curavit,
2030 3431 2073 3467 et

1199 3493 1380 3545 primum
1411 3490 1584 3545 quidem
1623 3497 1669 3531 nt
1700 3488 1873 3531 videtur
1893 3498 1931 3527 a.
1961 3484 2071 3527 736:

1200 3551 1282 3592 Dio
1326 3550 1441 3591 enim
1490 3549 1582 3590 LIV
1620 3549 1672 3591 16
1712 3549 1755 3586 in
1806 3544 1933 3586 huius
1970 3544 2071 3584 anni

1198 3611 1438 3652 actisinter
1455 3613 1624 3651 cetera:
1657 3614 1754 3654 τοῖς
1784 3619 1832 3660 ιε
1863 3602 2073 3661 ἀγάμοις

1198 3673 1275 3711 καὶ
1322 3675 1419 3716 ταῖς
1461 3665 1714 3724 ἀνάνδροις
1744 3663 1977 3723 βὰρὑτερα
2017 3659 2070 3707 τὰ

2092 1315 2106 1369 i
