2280 4004
202 268 229 300 a
259 254 308 299 Ο.
340 256 412 302 65.
826 255 989 301 LIBER
1020 259 1115 305 XV.
1178 259 1285 302 Cn.
1320 261 1511 303 55-58.

1945 267 2034 310 285

201 413 269 453 ne
303 413 332 450 a
368 398 552 450 femina
590 400 966 461 spernerentur,
991 396 1294 460 pervicere,
1333 399 1454 462 quin
1493 383 1693 452 obiecta
1735 400 2030 468 denegaret.

203 488 288 540 Sic
345 487 532 554 primus
585 486 894 552 quaestionis
953 485 1064 536 dies
1121 492 1451 553 contemptus,
1527 490 1735 542 Postero
1800 506 1910 542 cum
1969 493 2033 544 ad

206 578 413 631 eosdem
454 577 705 628 cruciatus
757 576 1101 632 retraheretur
1149 579 1431 643 gestamine
1482 580 1637 637 sellae
1677 586 1819 643 (nam
1862 582 2034 635 disso-

204 669 320 722 lutis
345 668 580 723 membris
603 667 841 719 insistere
872 667 1153 732 nequibat),
1195 668 1365 719 vinclo
1409 671 1618 733 fasciae,
1661 686 1807 736 quam
1838 673 2032 737 pectori

205 759 511 822 detraxerat,
551 759 602 808 in
639 758 842 808 modum
880 758 1046 823 laquei
1085 758 1147 808 ad
1189 774 1360 809 arcum
1399 760 1555 811 sellae
1588 762 1822 813 restricto
1849 763 2076 823 indidits

204 851 484 914 cervicem,
523 855 572 901 et
614 850 843 914 corporis
883 850 1109 914 pondere
1156 851 1365 901 connisa
1418 856 1618 902 tenuem
1671 856 1770 902 iam
1806 854 2033 918 spiritum

207 942 472 1008 expressit,
514 942 733 995 clariore
771 942 1000 1007 exemplo
1039 942 1272 995 libertina
1314 942 1494 993 mulier
1531 944 1581 995 in
1622 949 1758 996 tanta
1799 947 2033 1000 necessi—-

202 1038 304 1090 tate
342 1033 536 1085 alienos
575 1048 635 1082 ac
671 1047 828 1098 prope
868 1033 1074 1099 ignotos
1111 1033 1448 1100 protegendo,
1487 1049 1597 1085 cum
1624 1035 1833 1101 ingenui
1855 1041 1904 1086 et
1932 1037 2030 1087 viri

204 1098 483 1190 et⁴equites
535 1124 747 1174 Romani
799 1128 1165 1189 senatoresque
1217 1125 1389 1174 intacti
1449 1126 1710 1175 tormentis
1762 1127 2024 1179 carissima

203 1229 408 1267 suorum
465 1214 678 1279 quisque
727 1214 995 1281 pignorum
1042 1215 1332 1279 proderent.
1406 1216 1519 1269 Non
1573 1217 1703 1268 enim
1741 1218 2035 1268 omittebant
2053 1237 2100 1271 m

202 1305 434 1358 Lucanus
493 1318 693 1369 quoque
749 1309 798 1354 et
848 1304 1081 1357 Senecio·
1119 1309 1168 1354 et
1219 1305 1518 1365 Quintianus
1565 1306 1752 1370 passim
1794 1308 2032 1358 conscios

205 1395 392 1459 edere,
432 1395 595 1460 magis
633 1395 897 1460 magisque
930 1395 1112 1460 pavido
1151 1395 1385 1459 Nerone,
1444 1410 1743 1461 quamquam
1795 1397 2035 1462 multipli-

118 1491 189 1541 58
205 1485 330 1537 catis
372 1486 600 1537 excubiis
632 1491 791 1536 semet
818 1485 1112 1550 saepsisset.
1174 1486 1304 1546 Quin
1331 1491 1380 1536 et
1405 1485 1598 1550 urbem,
1638 1501 1730 1551 per
1752 1487 2033 1553 manipulos

205 1576 465 1641 occupatis
517 1576 814 1639 moenibus,
870 1576 1070 1626 insesso
1122 1577 1270 1627 etiam
1319 1577 1446 1627 mari
1488 1582 1536 1627 et
1571 1593 1748 1641 amne,
1800 1578 1937 1637 velut
1982 1579 2034 1629 in

208 1666 488 1720 custodiam
536 1667 689 1718 dedit.
765 1666 1153 1732 Volitabantque
1209 1682 1300 1732 per
1353 1666 1495 1731 fora,
1535 1683 1626 1732 per
1664 1667 1874 1731 doinOS,
1914 1683 2098 1729 ruram

186 1771 404 1824 ,quoque
429 1763 479 1809 et
504 1758 728 1824 proxima
766 1758 1171 1823 municipiorum,
1213 1758 1407 1823 pedites
1444 1759 1755 1824 equitesque,
1797 1759 2030 1824 permixti

205 1848 494 1913 Germanis,
550 1850 728 1915 quibus
777 1849 963 1899 fidebat
1014 1850 1247 1915 princeps
1289 1849 1431 1914 quasi
1471 1849 1710 1906 externis.
1786 1850 2033 1907 Continua

203 1939 322 1995 hinc
370 1945 419 1992 et
457 1941 625 1992 vincta
675 1940 877 2007 agmina
925 1939 1055 1990 trahi
1107 1955 1167 1990 ac
1220 1940 1416 1991 foribus
1467 1940 1730 1991 hortorum
1774 1940 2030 1993 adiacere.

203 2030 369 2096 Atque
408 2032 495 2082 ubi
532 2031 799 2084 dicendam
837 2031 900 2082 ad
925 2045 1128 2082 causam
1152 2031 1464 2095 introissent,
1504 2031 1739 2082 laetatum
1765 2046 1881 2083 esse
1910 2047 2034 2099 erga

320 2233 362 2274 2.
399 2232 627 2286 questionis
659 2230 738 2273 Ma.
832 2235 874 2274 4.
907 2234 1058 2287 fascae
1091 2230 1178 2272 Ma:
1213 2231 1246 2273 G
1275 2233 1456 2286 fasciae.
1549 2232 1591 2274 6.
1626 2232 1776 2273 conisa
1812 2229 1890 2273 Ma.
1988 2232 2030 2273 7.

205 2291 398 2347 expremit
428 2289 510 2333 Ma.
631 2291 672 2335 9.
708 2293 762 2334 It.
797 2289 877 2333 Ma.
999 2291 1174 2333 intactis
1206 2290 1297 2345 Ma,
1343 2293 1389 2331 in
1428 2292 1558 2333 tantis
1590 2289 1623 2332 G
1657 2295 1700 2331 et
1732 2289 2032 2332 Oxonienses:

201 2350 356 2391 intacti
385 2349 509 2392 ACF.
613 2350 840 2392 carissima
878 2349 956 2392 Ma.
1066 2351 1134 2394 10.
1166 2353 1392 2406 piynorum
1424 2350 1489 2392 Ma
1523 2356 1566 2392 et
1599 2351 1750 2402 ceteri,
1779 2351 1968 2406 piynora
1999 2349 2033 2390 B

201 2408 423 2451 referente
457 2409 681 2451 Oberlino.
764 2412 830 2452 11.
870 2410 1148 2464 quintilianus
1181 2408 1296 2452 GMa.
1393 2411 1459 2451 12.
1495 2422 1648 2463 quanq.
1686 2407 1762 2450 Ma.
1862 2410 1929 2451 13.
1963 2421 2035 2449 sc-

198 2468 330 2524 pissct
361 2468 440 2520 Ma,
473 2470 666 2524 sepsisset
699 2467 747 2510 G.
874 2471 940 2510 14.
974 2469 1101 2510 uelud
1129 2468 1208 2510 Ma.
1317 2468 1384 2510 18.
1417 2470 1567 2510 uincta
1600 2467 1714 2520 GMa,
1749 2480 1836 2509 non
1868 2469 2035 2522 iuncta,

206 2532 251 2568 ut
283 2527 473 2569 editores
507 2533 608 2569 ante
642 2527 865 2570 Orellium.
949 2528 1016 2571 19.
1051 2527 1231 2570 latatum
1253 2526 1333 2570 Ma.
1400 2541 1486 2569 csse
1520 2530 1730 2569 insertum
1766 2528 1818 2568 ab
1850 2527 2033 2569 editore.

203 2693 352 2735 vitatis
392 2692 629 2734 'l'acitinae.
750 2706 838 2734 non
879 2693 1074 2745 verbera,

202 2765 292 2793 non
320 2752 466 2807 iqncs:
512 2752 638 2808 ignes
682 2752 884 2808 intellige
915 2753 1075 2794 ferrum

204 2812 308 2866 igne
356 2810 545 2852 candens
591 2810 825 2852 admotum.
891 2810 957 2852 Cf.
991 2812 1074 2854 Dio

205 2868 318 2911 thl
348 2869 418 2912 27.
541 2876 825 2925 contemptus:
875 2871 928 2911 ad
960 2870 1075 2911 diem

1160 2693 1353 2745 invidia,
1398 2693 1559 2748 quippe
1601 2691 1753 2733 confisi
1787 2692 2036 2735 hominihus

1162 2754 1371 2805 externis,
1403 2765 1518 2794 nunc
1550 2751 1737 2792 electum
1773 2758 1851 2793 est.
1907 2751 2034 2794 Conf.

1162 2826 1198 2854 c.
1248 2812 1329 2854 37:
1388 2811 1568 2852 inditum
1618 2811 1870 2866 imperatori
1913 2812 2036 2866 [lam-

1161 2884 1310 2912 meum.

205 2928 461 2970 translatum
498 2934 563 2970 est
595 2929 710 2983 quod
741 2929 794 2970 de
827 2928 1075 2970 hominibus

207 3001 260 3030 eo
293 2987 363 3030 die
396 2988 714 3043 inquirentibus
749 2988 1025 3044 intelligitur.

299 3047 499 3091 Lucanus
528 3060 687 3102 quoque
716 3074 770 3080 —
789 3048 1072 3100 Quintianus:

206 3107 251 3148 hi
286 3112 372 3148 tres
405 3112 506 3148 ante
540 3109 867 3149 nonnisi‘unum
891 3108 1075 3162 quisque

207 3167 429 3208 conscium
464 3165 719 3218 ediderant,
753 3166 899 3220 plures
931 3172 1074 3207 autem

206 3223 370 3269 Natalis
402 3230 445 3265 et
475 3225 728 3267 Scaevinus.
792 3225 884 3267 lloc
933 3227 1076 3279 respi-

208 3284 328 3324 ciens
359 3283 510 3325 scribit
554 3285 637 3325 iani
683 3285 814 3326 etiam
855 3284 1076 3325 Lucanum

209 3348 252 3384 et
271 3343 560 3385 Senecionem
595 3349 638 3384 et
660 3343 939 3395 Quintianum
967 3357 1075 3399 pas-

206 3403 286 3444 sim
317 3400 370 3442 de
403 3401 639 3444 coniuratis
672 3402 898 3445 confessos
931 3415 1044 3444 esse.

296 3458 399 3515 Gap.
434 3459 504 3502 58.
566 3461 911 3516 volitabantque:
957 3460 1073 3503 conf.

208 3523 356 3562 annot.
399 3517 451 3559 ad
493 3516 510 3559 1
542 3518 611 3561 59.
728 3521 954 3576 princeps.-
990 3533 1074 3562 non

209 3590 372 3632 ponere
404 3576 545 3620 voluit
576 3589 733 3620 nomen
767 3578 966 3632 NeroniS‚
999 3578 1077 3622 sed

209 3636 419 3692 principis
452 3634 712 3684 vocabulum
757 3649 854 3680 cum
894 3637 1076 3694 quadam

1225 2930 1372 2970 vincta
1394 2929 1596 2984 aymina:
1630 2941 1735 2970 vera
1760 2933 1825 2970 est
1845 2927 2031 2971 Medicei

1161 2988 1259 3030 libri
1293 2990 1532 3043 scriptura:
1575 2987 1746 3029 scilicet
1779 2989 1850 3042 qui
1885 2989 2033 3042 suspi-

1162 3049 1291 3089 cione
1325 3049 1517 3089 criminis
1545 3046 1842 3099 trahebantur,
1876 3047 2035 3089 vinclis

1162 3108 1330 3148 onerati
1365 3107 1660 3157 ducebantur3
1706 3107 1886 3148 Sueton.
1933 3105 2033 3148 Ner.

1161 3166 1243 3210 36:
1285 3167 1502 3206 coniurati
1534 3179 1555 3205 c
1588 3164 1770 3206 vinculis
1800 3164 2035 3220 triplicium

1163 3233 1415 3267 catenarum
1448 3225 1594 3266 discere
1631 3237 1818 3266 causam.

1227 3284 1431 3326 laetatum
1462 3298 1549 3326 csse
1582 3297 1686 3339 erya
1707 3285 1952 3325 coniuratos
1980 3307 2034 3315 -—

1161 3343 1287 3384 simul
1307 3344 1512 3385 inissent:
1543 3355 1701 3398 magna
1720 3341 1915 3384 variandi
1939 3353 2035 3383 ser-

1163 3403 1302 3443 monis
1334 3407 1426 3444 arte
1454 3402 1535 3443 tria
1558 3407 1889 3456 componuntur,
1923 3412 2035 3454 quae

1163 3462 1206 3505 in
1241 3461 1402 3503 crimen
1437 3460 1741 3511 trahebantur,
1775 3466 1818 3501 et
1850 3459 2034 3512 primum

1161 3519 1334 3575 quidem
1390 3533 1467 3575 per
1529 3518 1789 3560 infinitivum
1846 3516 2033 3563 subiecti

1162 3590 1289 3634 quem
1328 3584 1489 3621 vocant
1536 3577 1760 3635 (laetatum
1801 3589 1890 3621 csse
1930 3588 2036 3632 erga

1162 3637 1444 3695 coniuratos),
1477 3634 1660 3681 alterum
1690 3634 1857 3680 duobus
1887 3635 2032 3678 nomi-
