2280 4004
255 289 346 336 898
1014 290 1220 339 ANNALI
1226 292 1304 340 vltl
1828 311 1868 346 a.
1891 295 1946 346 a.
1979 293 2081 348 ⁶781.

258 434 441 502 cipium
480 434 693 488 incessit
746 438 910 487 tracto
962 434 1018 485 'iu
1066 450 1326 487 carcerem
1377 435 1593 490 inlustri
1626 435 1794 506 equite
1831 440 2079 507 Mne,

254 528 384 579 Titio
421 527 640 591 Sabino,
681 526 746 578 ob
782 526 1053 578 amicitiam
1093 526 1409 579 Germanici:
1463 543 1630 596 neque
1667 531 1804 583 enim
1843 532 2084 588 omiserat

256 619 525 688 coniugem
564 618 858 685 liberosque
894 608 1017 670 eius*
1038 611 1323 684 percolere,
1366 624 1592 673 sectator
1626 621 1781 686 donzi,
1820 634 1997 676 comes
2031 624 2083 678 in

252 709 486 777 publico,
544 715 660 776 post
696 715 771 761 tot
806 710 1018 762 clientes
1053 725 1213 776 unus,
1280 725 1444 780 eoque
1484 712 1614 778 apud
1649 713 1819 766 bonos
1852 713 2084 767 laudatus

215 805 308 854 set
359 802 534 871 gravis
590 800 796 868 iniquis.
897 802 1041 856 Hunc
1099 802 1323 857 Latinius
1373 803 1619 870 Latiaris,
1674 805 1886 857 Porcius
1937 798 2080 871 Cato,

250 892 455 945 Petitius
495 893 683 959 Ruqu‚
733 894 935 946 Marcus
971 894 1156 961 Opsius
1203 899 1440 962 praetura
1489 895 1648 948 functi
1697 896 2082 965 adgrediuntur,

253 984 493 1052 cupidine
534 985 856 1051 consulatuS,
916 986 980 1037 ad
1020 999 1167 1052 quem
1207 1001 1311 1037 non
1351 987 1449 1038 nisi
1489 1002 1581 1054 per
1616 989 1853 1041 Seianum
1889 989 2056 1044 aditus
2069 1008 2084 1057 ς

250 1089 417 1142 neque
452 1075 623 1129 Seiani
659 1076 892 1128 voluntas
939 1077 1038 1128 nisi
1077 1077 1275 1130 scelere
1313 1077 1667 1144 quaerebatur.
1741 1080 2082 1147 Compositum

252 1167 383 1219 inter
419 1168 559 1235 ipsos
593 1173 648 1220 ut
684 1168 917 1234 LatiariS‚
959 1170 1042 1236 qui
1082 1170 1288 1222 modico
1321 1185 1416 1222 usu
1453 1171 1694 1225 Sabinum
1735 1172 2080 1242 contingebat,

190 1271 239 1310 ro
253 1263 472 1311 strueret
509 1259 707 1325 dolum,
761 1260 916 1311 ceteri
956 1265 1113 1313 testes
1151 1261 1423 1327 adessent,
1479 1262 1669 1315 deinde
1704 1263 2083 1316 accusationem

251 1351 551 1418 inciperent.
625 1351 783 1419 Igitur
815 1353 1030 1404 Latiaris
1066 1352 1239 1404 iacere
1271 1353 1507 1405 fortuitos
1543 1354 1756 1420 primum
1799 1366 2082 1422 sermones,

250 1456 370 1493 mox
401 1442 615 1494 laudare
641 1443 993 1507 constantiam,
1024 1443 1159 1509 quod
1187 1458 1308 1508 non,
1342 1449 1396 1494 ut
1423 1445 1598 1510 ceteri,
1637 1445 1868 1498 florentis
1905 1445 2085 1500 domus

251 1535 446 1588 amicus
495 1533 748 1587 adflictam
799 1521 1144 1598 deseruisset3
1208 1535 1356 1587 simul
1403 1536 1602 1588 honora
1656 1536 1721 1588 de
1758 1536 2082 1603 Germanico,

249 1625 583 1694 Agrippinam
625 1627 903 1692 miseranS,
962 1626 1263 1679 disserebat.
1336 1628 1398 1680 Et
1436 1632 1703 1694 postquam
1741 1624 1985 1695 Sabinus,
2031 1634 2086 1683 ut

187 1722 366 1771 nsunt
401 1717 579 1770 molles
619 1718 671 1768 in
717 1718 1003 1771 calamitate
1038 1718 1322 1771 mortalium
1369 1719 1550 1785 animi,
1612 1719 1792 1772 effudit
1826 1720 2081 1782 lacrimas,

250 1809 412 1861 iunxit
441 1814 664 1876 questuS,
691 1810 958 1862 audentius
994 1810 1092 1861 iam
1127 1814 1307 1862 onerat
1331 1810 1586 1876 Seianum,
1615 1811 1879 1864 saevitiam
1898 1826 2086 1879 super-

250 1900 385 1955 biam
424 1915 540 1967 spes
581 1900 706 1953 eiuS.
800 1901 876 1953 Ne
929 1901 981 1952 in
1019 1901 1273 1953 Tiberium
1321 1901 1523 1968 quidem
1573 1901 1810 1954 convicio
1848 1902 2114 1962 abstinet.-

251 1993 392 2059 lique
429 2006 720 2057 sermoneS,
781 1998 1033 2059 tamquam
1070 1993 1223 2044 vetita
1273 1994 1629 2059 miscuissent,
1684 1994 1907 2060 speciem
1944 1988 2086 2046 artae

253 2083 508 2136 amicitiae
548 2084 736 2135 secere.
824 2086 902 2135 Ac
950 2084 1048 2135 iam
1090 2084 1220 2136 ultro
1259 2084 1476 2138 Sabinus
1523 2099 1772 2152 quaerere
1814 2085 2083 2151 Latiarem,

188 2175 501 2228 noventitare
540 2176 769 2241 domum,
832 2175 1039 2228 dolores
1076 2191 1198 2228 suos
1238 2177 1380 2243 quasi
1423 2177 1486 2227 ad
1527 2176 1823 2228 fidissimum
1862 2177 2082 2231 deferre.

253 2267 549 2321 Consultant
588 2283 716 2334 quos
754 2269 1061 2333 memoravi,
1106 2283 1323 2334 quonam
1366 2268 1518 2321 modo
1558 2285 1617 2320 ea
1655 2268 1871 2335 plurium
1911 2268 2171 2328 auditu69

251 2359 619 2428 acciperentur.
694 2360 820 2412 Nam
861 2360 978 2411 loco
1016 2361 1068 2411 in
1109 2375 1256 2426 quem
1296 2359 1554 2423 coibatur,
1614 2358 1869 2414 servanda
1903 2358 2086 2418 solitu-

369 2535 410 2577 5.
440 2535 605 2590 portius
637 2535 692 2577 M.
786 2535 827 2577 6.
866 2535 926 2576 M.
962 2535 1014 2577 M.
1113 2535 1179 2577 15.
1214 2534 1344 2577 moles
1375 2533 1430 2576 M.
1527 2532 1593 2576 16.
1629 2539 1829 2588 quaestus
1861 2531 1917 2580 M.
2015 2533 2082 2579 19.

249 2598 393 2653 fecere
424 2594 615 2637 Faernus
650 2601 693 2635 et
723 2594 942 2635 Muretus:
974 2597 1124 2650 facere
1156 2594 1209 2635 M.
1317 2595 1388 2637 22.
1421 2591 1671 2634 solitudines
1700 2592 1755 2635 Μ.

1211 2751 1358 2807 nisse).
1452 2755 1539 2791 tres
1567 2755 1817 2790 senatores.-
1853 2747 1938 2790 hoc
1965 2747 2086 2790 addit

1211 2809 1263 2853 ad
1286 2808 1549 2865 pingendam
1570 2807 1878 2864 indignitatem
1902 2808 2082 2862 incepti.

349 2752 450 2794 Titio
484 2752 670 2795 Sabino:
713 2753 902 2795 narratio
935 2764 1123 2805 praepa-

251 2817 343 2854 rata
376 2818 443 2854 est
476 2826 513 2855 c.
553 2812 605 2855 18
638 2818 682 2854 ct
717 2812 784 2855 19.
838 2811 1004 2856 Plinius
1023 2810 1122 2855 vul

253 2872 307 2914 61
329 2872 458 2928 (4o):
491 2872 566 2913 sed
595 2885 721 2927 super
743 2873 889 2914 omnia
906 2872 953 2912 in
977 2877 1122 2913 nostro

252 2944 356 2973 aevo
389 2932 499 2974 actis
525 2930 674 2986 populi
699 2931 886 2973 Romani
916 2937 1125 2982 testatum,

251 2989 390 3046 Appio
425 2989 550 3032 Iunio
586 2997 625 3031 et
658 2988 802 3031 Publio
827 2989 936 3032 Silio
969 3003 1126 3032 consu-

251 3049 360 3092 libus
380 3063 474 3092 cum
492 3048 907 3092 artimadverteretur
926 3063 978 3089 ex
994 3062 1128 3090 causa

257 3107 440 3153 Neronis
483 3108 732 3153 Germanici
770 3109 852 3163 filii
895 3108 942 3149 in
981 3107 1129 3149 Titium

252 3169 462 3212 Sabinum
493 3176 532 3210 et
562 3168 741 3212 servitia
773 3169 883 3218 eius,
917 3167 1043 3209 unius
1077 3181 1129 3208 ea:

254 3228 317 3271 his
371 3241 522 3270 canem
571 3241 650 3270 nec
697 3241 725 3268 a
779 3241 959 3271 carcere
1011 3226 1128 3280 utiq-2·

248 3288 459 3343 potuisse,
505 3301 584 3330 nec
622 3301 651 3328 a
691 3301 871 3343 corpore
903 3286 1127 3328 recessisse

253 3347 410 3390 abiecti·
428 3347 475 3389 in.
497 3347 702 3402 yradibus
733 3347 981 3403 gemitoriis,
1006 3358 1126 3386 niae-

253 3415 338 3448 stos
370 3407 560 3448 edentem
592 3405 780 3448 ululatus
803 3412 888 3447 cet.
947 3405 1013 3447 Cf.
1043 3403 1127 3447 Dio

255 3465 390 3512 Lvul
421 3465 452 3508 1.
573 3465 796 3520 percolere
817 3480 831 3506 .·
870 3479 950 3521 per
998 3477 1127 3519 prae-

254 3526 415 3579 positio
474 3536 561 3567 rcm
616 3527 910 3567 continuatam
968 3524 1128 3565 iudicat

257 3583 574 3638 (fortwc'tkrend
604 3597 655 3625 zu
685 3585 931 3640 vei-ehren).

343 3641 447 3694 Cap.
481 3642 552 3686 69.
604 3649 732 3684 metus
752 3649 974 3684 -erant:
1011 3640 1054 3683 h.
1086 3655 1124 3683 e.

258 3700 562 3742 metuebantur
614 3700 735 3756 (man
776 3701 891 3743 hatte
940 3700 1126 3753 Besory-

1322 2869 1490 2923 quando
1544 2874 1708 2909 ’παιδία
1760 2892 1816 2900 -
1866 2866 2085 2922 difficilius

1211 2928 1471 2969 reticentur.-
1516 2927 1774 2981 scripturam
1807 2924 1950 2968 adhuc
1981 2925 2084 2968 vul-

1214 2993 1357 3043 gatam
1393 2994 1552 3042 quanto
1587 2987 1659 3041 qui
1693 2991 1950 3042 sequuntur,
1981 2990 2084 3027 ante

1214 3047 1369 3088 diutius
1401 3046 1654 3089 adverbium
1686 3052 1806 3087 tanto
1835 3044 1990 3086 volunt
2013 3045 2084 3085 iu..

1214 3105 1373 3160 telligi.
1437 3105 1522 3149 Sed
1568 3105 1604 3146 is
1654 3110 1719 3147 est
1769 3105 1814 3146 in
1847 3102 1930 3145 hac
1961 3109 2084 3158 parte

1214 3164 1348 3206 'faciti
1384 3176 1514 3216 usus,
1558 3169 1605 3204 ut
1650 3168 1749 3217 post
1779 3169 1936 3217 quanto
1975 3174 2084 3217 sup..

1215 3224 1423 3278 presserit
1456 3230 1590 3275 tanto,
1627 3236 1713 3264 non
1747 3227 1914 3274 contra,
1946 3227 1994 3263 ut
2026 3222 2084 3264 li..

1213 3282 1366 3339 quebit
1399 3282 1666 3337 comparanti
1703 3281 1903 3336 exempla
1923 3280 2082 3325 adlfi?

1215 3342 1425 3396 excripta.

1301 3415 1426 3457 eqens
1458 3401 1682 3444 adversum
1720 3400 1937 3457 proximos
1977 3409 2083 3439 cori-

1212 3462 1427 3503 versatio:
1458 3474 1544 3503 una
1578 3466 1621 3503 et
1651 3473 1755 3503 vera
1784 3456 1973 3511 corrupti
1994 3454 2080 3496 loci

1214 3521 1472 3563 restituendi
1521 3522 1592 3562 via
1648 3519 1699 3561 ud
1764 3517 1927 3559 hiatum
1987 3515 2083 3556 sive

1216 3580 1433 3623 defectum
1456 3580 1587 3630 ducit,
1622 3574 1965 3633 quodomnium
1995 3585 2082 3617 uon

1215 3640 1450 3695 agnovisse
1484 3644 1527 3680 ct
1558 3634 1887 3680 Doederliuium
1918 3633 2080 3675 miror:

1212 3697 1334 3740 nulla
1367 3697 1480 3738 enim
1514 3709 1567 3737 ex
1599 3693 1782 3738 vocibus
1816 3704 1926 3748 quae
1969 3691 2078 3736 reli-
