2280 4004
302 295 390 355 {dd

999 294 1005 299 ’
1026 296 1038 300 W
1064 291 1355 347 ANNALFVU

1871 313 1911 344 a.
1938 295 1991 344 ’ὺῖ
2017 266 2131 347 8⁵1st

299 447 489 515 tantur,
517 444 810 501 'advertere
866 444 1115 511 quosdam
1161 444 1297 495 cultu
1332 449 1548 497 externo*
1580 444 1636 496 in
1672 441 2132 498 sedibus'seuamss'

299 559 407 595 rum
419 561 432 606 3
470 546 519 592 et
556 539 758 605 quinam
798 537 966 588 forent
988 537 1289 604 rogitantes,
1319 541 1583 604 postquam
1621 535 1921 606 audiverant
1952 543 2130 588 aarum

301 630 526 698 gentium
576 628 763 695 legatis
800 627 853 678 id
889 627 1101 680 honoris
1141 627 1341 693 datum,
1399 641 1528 695 quae
1575 627 1760 679 virtute
1806 632 1864 679 *et
1904 627 2126 680 amicitia

299 722 525 773 Romana
563 719 965 787 praecellerent,

262 807 582 867 sGermanos
634 824 751 863 esse
790 803 1102 876 exclamant,-

302 904 588 956 considunt.

1012 710 1191 775 'nullos‘
1229 719 1515 772 mortalium
1551 719 1704 772 armis
1744 723 1829 771 aut
1872 719 1973 772 fide
2009 724 2129 772 ante
2210 710 2214 715 ⁴

1165 810 1632 879 degrediunturque>
1675 816 1725 863 et
1771 811 1907 863 inter
1932 815 2130 878 ,patres

640 911 642 914 ’
678 904 825 966 Quod
864 904 1077 956 comiter
1113 921 1142 956 a
1176 903 1458 956 visentibus
1497 908 1790 970 exceptum,
1848 903 1999 969 quasi
2027 902 2129 953 im-

299 999 443 1061 petus
492 994 682 1060 antiqui
737 999 788 1046 et
838 995 974 1046 bona
1028 983 1381 1047 aemulatione.

301 1085 480 1136 ambos
532 1084 766 1151 donavit,
819 1086 1010 1138 Frisios
1068 1086 1324 1138 decedere
1383 1086 1522 1154 agris
1577 1087 1739 1139 iussit.

1471 995 1608 1047 Nero
1660 995 1864 1046 civitate
1900 995 2128 1047 Roma-na

1826 1085 2001 1153 Atque
2027 1085 2131 1137 illis

301 1176 688 1242 aspernantibus
724 1177 985 1229 auxiliaris
1021 1191 1176 1244 eques
1229 1183 1439 1244 repente
1479 1178 1737 1230 immissus
1770 1177 2128 1230 necessitatem

239 1283 286 1320 ιο
302 1268 477 1332 attulit,
522 1267 680 1334 captis
719 1269 952 1320 caesisve
990 1268 1074 1334 qui
1109 1267 1434 1333 pervicacius
1470 1268 1779 1320 restiterant.

439 1358 661 1411 Eosdem
706 1372 861 1426 agros
899 1358 1175 1409 Amsivarii
1216 1362 1567 1425 occupavere,
1607 1358 1826 1410 validior
1859 1363 1991 1426 gens
2024 1361 2215 1412 non55

300 1447 453 1499 modo
507 1463 598 1499 sua
648 1448 819 1513 eopia,
895 1449 988 1499 sed
1036 1448 1374 1500 adiacentium
1427 1447 1727 1514 populorum
1781 1448 2130 1515 miseratione,

303 1539 419 1604 quia
457 1538 588 1604 pulsi
626 1554 654 1590 a
695 1538 913 1590 Chaucis
962 1544 1011 1590 et
1061 1538 1201 1590 sedis
1256 1539 1434 1605 inopes
1470 1544 1626 1590 tutum
1661 1539 1864 1591 exilium
1899 1540 2140 1593 orabant-s

300 1629 595 1696 Aderatque
631 1630 695 1684 iis
740 1631 908 1683 clarus
945 1645 1037 1697 per
1084 1630 1198 1683 illas
1235 1626 1416 1699 gentes
1455 1634 1506 1683 et
1557 1630 1708 1683 nobis
1746 1645 1949 1699 quoque
1982 1629 2134 1699 fidu&-

420 1778 589 1832 ‘).·fore
620 1775 710 1819 Μ3.
744 1776 777 1818 G
803 1779 962 1833 forent.

301 1895 558 1937 emulatione
588 1895 668 1938 Μ3.
825 1898 891 1940 10.
926 1897 1087 1939 cesisue
1117 1896 1198 1941 Μ3.

304 1957 372 2004 14.
406 1955 471 1998 his
502 1953 697 1998 ACGMa.

394 2084 780 2140 degrediunturque
812 2090 851 2126 et
881 2084 996 2126 inter
1024 2092 1173 2141 patres

306 2144 556 2185 considunt.-
609 2143 807 2199 degressi
855 2149 955 2186 sunt
1005 2146 1050 2186 in
1098 2158 1181 2189 or-‚

301 2204 544 2257 ellestram,
594 2202 740 2245 locum
772 2203 1048 2246 senatoribus
1081 2205 1174 2246 dis-

301 2269 481 2305 cretum.
554 2261 749 2304 Eandem
790 2276 880 2305 rem
923 2265 966 2304 in
1001 2262 1174 2305 Claudii

300 2336 458 2364 aevum
503 2321 689 2363 contulit
731 2322 967 2364 Suetonius
1012 2337 1048 2365 c.
1091 2323 1172 2367 25:

304 2383 618 2424 Germanorum
662 2381 814 2436 leyatis
862 2383 909 2423 in
952 2382 1177 2424 orchestra

300 2442 448 2483 sedere
475 2440 671 2497 permisit
715 2441 987 2497 simplicitate
1029 2455 1176 2484 eorum

303 2508 342 2542 et
368 2501 531 2554 fiducia
561 2507 711 2552 motus,
746 2501 856 2554 quod
875 2502 922 2542 in
943 2501 1177 2558 popularia

303 2562 372 2615 (in
406 2573 585 2601 caveam
619 2559 796 2616 populi)
846 2560 1040 2614 deducti,
1083 2575 1178 2602 cum

302 2619 703 2660 animadvertissent
733 2618 915 2660 Parthos
947 2627 986 2661 et
1017 2619 1176 2661 Arme-

302 2679 398 2719 nios
433 2678 581 2719 sedere
622 2677 669 2717 in
713 2685 891 2731 senatu,
940 2678 999 2719 ad
1030 2679 1178 2720 eadem

301 2738 400 2778 toea
431 2743 578 2793 sponte
610 2737 892 2790 transierant,
925 2737 1062 2778 nihilo
1097 2738 1174 2779 de-

302 2797 506 2839 teriorem
546 2797 744 2837 virtutem
785 2804 859 2839 aut
891 2797 1177 2839 conditionem

302 2869 424 2898 suam
442 2855 760 2912 praedicantes.
814 2856 1025 2898 Suetonio
1052 2869 1176 2898 eom-

303 2928 433 2956 mune
475 2916 702 2969 utriusque
761 2916 971 2969 principis
1016 2928 1175 2957 nomen

303 2974 471 3030 gentile
505 2973 751 3031 (Claudius)
786 2975 928 3016 fraudi
960 2975 1065 3016 fuit:
1093 2974 1175 3016 Ta-

304 3036 439 3075 citum
475 3033 617 3085 enim,
672 3034 743 3087 qui
795 3033 906 3074 hanc
952 3046 1042 3075 rem
1090 3040 1176 3075 tam

305 3098 511 3135 accurate
547 3093 750 3146 exposuit
796 3106 939 3148 neque
973 3094 1177 3134 occasio-

303 3166 404 3195 nem
440 3164 551 3208 quae
586 3150 758 3209 legatos
801 3152 904 3194 illos
948 3152 992 3193 in
1027 3152 1177 3194 urbem

306 3212 443 3264 duxit,
464 3211 634 3253 referre
662 3212 970 3265 praetermisit,
1008 3224 1177 3254 errasse

304 3273 433 3313 statui
468 3271 635 3325 nequit.

390 3329 495 3384 Cap.
522 3331 593 3372 55.
651 3330 916 3371 Amsivarii:
950 3342 1047 3371 cum
1080 3327 1176 3371 h.l.

306 3393 347 3430 in
394 3391 559 3443 optimo
606 3389 717 3431 libro
772 3388 1032 3441 Amsibarii,
1078 3401 1178 3429 mox

307 3453 369 3503 (c.
394 3449 473 3505 56)
502 3447 786 3504 Ampsivariis
811 3455 854 3489 et
880 3449 1178 3504 Ampsivario-

307 3522 401 3549 rum
431 3510 641 3561 scriptum
669 3507 941 3560 exhibeatur,
976 3507 1178 3562 equidem

309 3568 456 3608 iuncta
505 3567 732 3621 utriusque
784 3568 1024 3620 seriptmae
1078 3566 1180 3607 dote

310 3638 469 3684 nomen
497 3626 731 3667 Amsivarii
752 3623 1078 3678 procudendum
1099 3638 1183 3679 pu-

314 3685 418 3724 tavi.
449 3673 539 3731 01⁴¹
575 3690 721 3726 annot.
745 3684 796 3725 ad
824 3684 921 3726 118.
969 3685 1185 3727 Ammiani

1055 1779 1097 1820 3.
1133 1778 1286 1834 leqatis
1319 1777 1377 1821 G.
1408 1776 1475 1820 Ma
1497 1777 1650 1834 layum,
1683 1777 1761 1820 sed
1791 1790 1862 1819 um
1891 1777 1936 1820 in
1966 1788 2131 1822 rasura.

302 1837 342 1879 5.
379 1836 764 1891 cleyrediunturque
799 1835 878 1888 Μ3,
914 1837 1292 1892 digrediunturque
1326 1837 1373 1880 G.

1462 1844 1612 1894 partes
1643 1835 1738 1879 Μ3.
1766 1843 1915 1894 patres
1947 1836 1996 1880 G.
2090 1837 2131 1880 7.

1353 1899 1421 1940 11.
1456 1897 1680 1941 amsibarii
1711 1896 1794 1950 Μ3,
1827 1896 2053 1954 artsybarii
2082 1895 2133 1940 G.

1262 2085 1362 2140 (XX
1398 2086 1476 2142 10)
1506 2084 1727 2138 Attuarii,
1758 2097 2021 2143 quamquam
2053 2099 2134 2130 co-

1262 2144 1382 2188 dices
1414 2146 1529 2187 inter
1550 2145 1860 2200 Ampsivarios,
1879 2146 2136 2201 Amuarios,

1260 2203 1484 2246 Attuarios
1515 2203 1742 2257 fluctuant,
1776 2204 1862 2247 huc
1893 2205 2006 2248 nihil
2030 2219 2136 2262 per-

1261 2264 1419 2306 tinent.
1483 2263 1636 2319 Neque
1681 2263 1906 2306 Strabonis
1940 2263 2019 2307 vn
2053 2267 2076 2308 1
2109 2267 2138 2310 3

1263 2328 1307 2365 et
1337 2325 1366 2367 4
1406 2337 1449 2378 p.
1483 2323 1566 2366 291
1610 2317 1932 2383 Καμψιανοὺς
1973 2323 2137 2381 (altero

1262 2383 1361 2424 loeo
1395 2384 1695 2425 inconstanter
1718 2380 1957 2444 ’Ἀμιρανοι
1984 2379 2135 2446 vulg.)

1263 2442 1350 2484 huc
1383 2454 1545 2484 vocare
1578 2443 1733 2484 ausim.

1349 2516 1448 2543 mox
1486 2501 1651 2544 Tiberio
1683 2515 1737 2543 ac
1765 2501 2022 2545 Germanico
2055 2497 2136 2546 du-

1263 2561 1405 2602 cibus.-
1437 2566 1585 2602 orator
1616 2561 1700 2602 duo
1725 2565 1922 2616 tempora
1954 2574 2136 2617 compo-

1262 2622 1340 2672 nit,
1374 2621 1493 2674 prius
1523 2620 1670 2662 verbis
1702 2621 1890 2663 vinctum
1919 2635 1965 2663 se
1993 2619 2136 2674 rebel-

1263 2678 1377 2720 lione
1407 2679 1629 2720 Cherusca
1660 2679 1776 2720 iussu
1797 2679 1986 2721 Arminii
2015 2682 2135 2736 refe-

1262 2751 1378 2790 rens,
1405 2737 1589 2779 alterum
1623 2738 1786 2779 Tiberio
1805 2752 1860 2781 ac
1878 2738 2136 2782 Germanico

1263 2797 1438 2839 ducibus
1474 2797 1688 2853 stipendia
1709 2798 1937 2852 meruisse,
1970 2799 2016 2840 in
2049 2811 2136 2855 quo

1263 2858 1479 2899 sermonis
1501 2862 1658 2898 tenore
1672 2854 1934 2903 ασύνδετον
1954 2848 2133 2912 merto,

1266 2916 1524 2958 Germanico
1559 2916 1758 2968 ducibus,
1791 2908 1908 2972 quod
1943 2915 2136 2960 Orellius

1264 2975 1375 3017 duce
1427 2975 1626 3017 Medieeo
1679 2978 1900 3030 reposuit,
1956 2975 2135 3018 tolerari

1264 3035 1440 3089 nequit,
1486 3034 1529 3075 id
1574 3035 1688 3090 quod
1734 3037 1856 3077 recte
1905 3042 2136 3078 senserunt

1265 3099 1466 3135 aueto1es
1489 3094 1782 3149 interpolatae
1799 3094 2041 3148 scripturae
2064 3092 2136 3137 Ti-

1264 3153 1380 3194 herio
1412 3159 1451 3194 et
1485 3153 1624 3195 Germ.
1660 3153 1850 3196 ducibus.
1899 3150 1996 3212 Ego
2027 3166 2135 3197 vero

1263 3211 1598 3266 praeferendum
1649 3214 1801 3267 putavi
1861 3210 2024 3255 Tiberio
2082 3225 2138 3255 ac

1267 3272 1540 3325 Germanice,
1561 3272 1675 3313 unde
1696 3273 1988 3327 corruptionis
2009 3275 2134 3329 origo

1264 3331 1422 3373 melius
1442 3304 1718 3386 perspicitur.
1772 3331 1944 3386 Quippe
1971 3333 2014 3373 in
2045 3331 2133 3388 ἄρ-

1259 3391 1448 3449 χετύπῳ
1471 3390 1507 3432 Α
1527 3391 1730 3444 absorpta
1750 3395 1816 3433 est
1840 3404 1918 3445 per
1945 3390 2132 3431 litteram

1266 3450 1301 3490 0
1333 3451 1531 3504 proxime
1563 3451 1834 3505 superiorem
1856 3449 2077 3506 (Tiberio),
2100 3447 2135 3488 C

1267 3509 1443 3550 delituit
1458 3516 1559 3552 ante
1581 3509 1918 3565 subsequentem
1943 3507 1978 3550 G
1999 3507 2133 3564 (Ger-

1266 3570 1474 3626 manico).

1358 3635 1559 3683 quantam
1586 3634 1755 3684 partem
1781 3650 1834 3657 -—
1869 3627 2133 3677 transmitte-

1270 3694 1447 3729 rentur.-
1468 3687 1572 3728 dicit
1592 3689 1755 3728 tantum
1771 3685 1863 3741 agri
1884 3697 2132 3740 superesse,
