2280 4004
270 279 362 326 aoo
1051 282 1342 330 ANNALIVM
1840 303 1880 337 a.
1910 300 1956 339 a.
1990 289 2097 346 781.

271 424 385 477 dam
421 424 845 494 regrediebantur
883 430 1303 497 ostentabantque
1339 445 1397 484 se
1433 443 1660 500 rursum,
1717 435 1769 487 id
1804 435 1971 504 ipsum
1996 450 2097 506 pa-

267 521 446 569 ventes
494 518 628 583 quod
672 518 971 571 timuissent.
1063 504 1222 582 Quem
1274 523 1405 575 enim
1457 523 1591 577 diem
1643 541 1859 580 vacuum
1910 542 2094 595 poena,

267 606 354 657 ubi
392 607 525 658 inter
565 622 713 659 sacra
754 614 803 660 et
837 615 986 676 vota,
1013 608 1138 679 'quo
1188 618 1415 681 tempore
1454 616 1627 669 verbis
1680 618 1830 672 etiam
1867 621 2098 686 profanis

268 696 511 749 abstineri
549 712 660 750 mos
699 705 864 766 esset,
903 702 1075 754 vincla
1113 707 1162 755 et
1199 703 1410 771 laqueus
1446 705 1784 760 inducantur?
1850 710 1964 764 Non
1997 710 2098 765 im-

229 787 564 855 sprudentem
591 790 844 844 Tiberium
876 797 1063 847 tantam
1100 795 1343 848 invidiam
1380 797 1577 851 adisse:
1614 800 1894 866 quaesitum
1930 802 2097 854 medi-

264 884 521 947 tatum-que
562 896 627 934 ne
671 883 791 949 quid
831 884 1078 951 impedire
1131 888 1369 941 credatur
1405 904 1505 956 quo
1555 891 1719 944 minus
1765 895 1888 944 novi
1926 893 2097 962 magi-

262 975 467 1038 stratus,
508 988 606 1039 quo
645 975 798 1027 modo
839 976 1047 1030 delubra
1089 984 1138 1031 et
1165 979 1359 1046 altaria,
1397 981 1474 1033 sic
1513 997 1774 1037 carcerem
1807 984 2090 1039 recludant.

262 1061 478 1117 Secutae
518 1065 726 1132 insuper
762 1067 960 1121 litterae
999 1076 1172 1138 grates
1215 1073 1415 1140 agentis
1455 1074 1589 1141 quod
1625 1075 1881 1130 hominem
1920 1076 2093 1131 infen-

261 1169 370 1207 sum
403 1155 479 1208 rei
518 1156 752 1223 publicae
802 1160 1148 1228 punIvissent,
1214 1163 1416 1215 adiecto
1470 1165 1719 1232 trepidam
1766 1166 1864 1220 sibi
1916 1167 2088 1233 vitam,

198 1252 525 1314 rosuspectas
577 1249 897 1303 inimicorum
947 1252 1186 1319 insidiaS,
1244 1254 1380 1307 nullo
1425 1257 1719 1310 nominatim
1758 1258 2090 1325 compellat03

258 1354 424 1406 neque
462 1345 629 1392 tamen
667 1341 990 1394 dubitabatur
1029 1345 1081 1395 in
1118 1346 1372 1398 Neronem
1426 1352 1474 1398 et
1509 1348 1842 1416 Agrippinam
1878 1349 2089 1404 intendi.

397 1431 459 1484 Ni
493 1433 615 1483 mihi
647 1433 949 1486 destinatum
984 1435 1117 1488 foret
1151 1452 1295 1489 suum
1320 1453 1550 1506 quaeque
1574 1440 1626 1490 in
1659 1456 1842 1492 annum
1874 1442 2089 1507 referre,
2105 1446 2171 1495 71

258 1522 442 1574 avebat
475 1526 670 1577 animus
702 1526 865 1578 antire
892 1528 1158 1594 statimque
1195 1545 1482 1583 memorare
1505 1532 1685 1597 exituS,
1714 1547 1841 1598 quos
1864 1533 2091 1585 Latinius

259 1618 409 1680 atque
451 1616 635 1682 Opsius
677 1618 936 1685 ceterique
972 1620 1151 1688 flagitii
1189 1621 1298 1673 eius
1341 1627 1634 1689 repertores
1673 1623 1926 1690 habuere,
1985 1639 2090 1677 non

197 1713 243 1753 ¹⁵
257 1706 410 1758 modo
450 1714 716 1775 postquam
753 1709 906 1763 Gaius
936 1712 1127 1764 Caesar
1160 1727 1330 1764 rerum
1366 1713 1554 1779 potitus
1590 1716 1684 1779 est,
1724 1715 1816 1767 sed
1847 1715 2088 1769 incolumi

255 1796 488 1863 Tiberi03
540 1801 623 1866 qui
664 1802 914 1854 scelerum
954 1804 1214 1855 ministros
1251 1809 1305 1854 ut
1350 1805 1572 1870 perverti
1610 1807 1672 1857 ab
1712 1806 1825 1859 aliis
1861 1805 2084 1872 nolebat,

252 1888 320 1940 ita
348 1889 644 1958 plerumque
669 1894 897 1960 satiatuS,
932 1900 981 1947 et
1004 1895 1187 1948 oblatis
1216 1896 1267 1946 in
1301 1896 1515 1948 eandem
1543 1912 1748 1964 operam
1773 1897 2083 1963 recentibuS,

250 1986 454 2034 veteres
490 1988 538 2034 et
565 1999 880 2052 praegraves
912 1987 1120 2039 adflixit.
1185 1989 1370 2040 Verum
1399 1988 1492 2040 has
1520 1994 1669 2056 atque
1705 1989 1830 2041 alias
1866 1988 2085 2043 sontium

250 2087 443 2139 poenas
499 2075 551 2125 in
599 2081 828 2143 tempore
874 2078 1149 2131 trademus.
1242 2079 1363 2131 Tum
1412 2079 1610 2132 censuit
1646 2080 1856 2132 Asinius
1891 2079 2083 2145 Gallim,

187 2178 236 2217 πο
253 2165 395 2218 cuius
433 2165 709 2219 liberorum
741 2167 1025 2235 Agrippina
1063 2154 1335 2224 matertera
1373 2177 1505 2237 erat,
1559 2172 1828 2237 petendum
1874 2188 1904 2224 a
1940 2172 2088 2239 prin-

954 2322 995 2363 5.
1025 2322 1280 2377 prudentem
1312 2323 1376 2375 M,
1410 2323 1468 2364 im
1502 2323 1666 2366 excidit
1705 2324 1750 2364 in
1782 2335 1936 2366 versus
1969 2323 2082 2366 fine:

1269 2381 1311 2424 9.
1345 2382 1504 2425 adiecti
1528 2382 1589 2424 M:
1623 2382 1790 2424 adiecto
1821 2383 2080 2437 Beroaldus.

1227 2441 1293 2483 15.
1331 2440 1378 2483 C'.
1406 2442 1460 2484 M.
1525 2441 1728 2484 incolomi
1758 2441 1814 2485 M.
1880 2442 1947 2486 16.
1981 2442 2081 2486 not-

375 2321 412 2361 1.
447 2320 773 2374 reqrediebatur
804 2321 858 2362 M.

183 2401 185 2403 ·
248 2379 382 2420 tacite
416 2380 607 2421 correxit
637 2379 888 2422 Rhenanus.
953 2380 1111 2423 adisset
1142 2381 1196 2424 M.

247 2439 434 2481 fortasse
464 2437 549 2480 fuit
580 2440 772 2482 adiectis.
841 2440 909 2484 10.
947 2454 1069 2498 conp.
1104 2441 1156 2483 M.

247 2496 362 2546 lebat
393 2498 447 2540 M.

1206 2622 1380 2670 reperta
1437 2617 1594 2670 priscis
1642 2616 1789 2659 verbis
1841 2618 2079 2676 obtegere3

1205 2688 1246 2718 v·
1280 2674 1495 2788 lgapi9÷1.
1556 2734 1751 2777 Latinius
1783 2743 1909 2791 atque
1927 2735 2077 2792 Opsius

334 2627 454 2668 quem
494 2615 606 2655 enim
645 2614 755 2655 diem
797 2637 852 2645 --
897 2627 1120 2657 carcerem

246 2672 498 2714 recludant.-
543 2673 586 2713 hi
621 2679 719 2713 sunt
751 2678 931 2727 questus
965 2675 1119 2728 optimi

248 2733 461 2787 cuiusque
503 2731 651 2773 clauso
693 2738 871 2786 pectore
916 2746 1118 2787 prorum-

246 2804 350 2846 pere
382 2792 599 2843 nitenteS,
648 2792 726 2834 sed
756 2791 811 2833 ob
844 2794 1117 2835 atrocitatem

247 2857 490 2905 temporum
547 2852 659 2892 intro
719 2852 923 2905 repressi.
993 2852 1117 2904 Quod

245 2910 297 2951 ad
317 2910 498 2952 formam
519 2912 732 2952 sermonis
756 2911 925 2964 attinet,
959 2911 1116 2953 similis

246 2975 312 3010 est
351 2969 475 3011 locus
515 2969 574 3011 111
608 2970 691 3012 37:
741 2969 824 3011 huc
860 2972 1002 3027 potius
1043 2973 1116 3013 in-

246 3029 452 3080 tenderet,
487 3029 595 3069 diem
617 3029 1001 3083 aedificationibus,
1032 3044 1115 3070 no-

244 3095 351 3130 ctem
383 3088 587 3130 conviviis
629 3088 845 3142 traheret,
891 3095 974 3131 cet.
1018 3089 1116 3130 Xlll

243 3148 327 3191 43:
374 3162 451 3190 cur
488 3149 600 3189 enim
631 3148 842 3189 neminem
874 3149 1007 3190 alium
1039 3149 1114 3190 de-

243 3206 419 3259 lectum,
466 3208 538 3262 qui
577 3213 660 3249 cet.
721 3206 771 3248 H.
805 3207 934 3252 121:
979 3222 1114 3264 prae-

242 3281 418 3322 9ravem
459 3282 503 3308 se
546 3267 711 3308 Neroni
746 3268 880 3322 fuisse
913 3273 996 3310 cet.
1062 3267 1113 3310 H.

242 3326 301 3368 IV
335 3326 415 3369 62:
450 3327 574 3381 quale
606 3326 714 3368 illud
745 3326 863 3367 iter?
910 3329 1001 3382 quis
1032 3327 1117 3368 dux

242 3385 373 3426 viae?
416 3391 499 3426 cet.
564 3386 629 3427 De
674 3399 721 3427 re
766 3385 881 3428 conf.
935 3387 1114 3428 Sueton.

243 3444 383 3485 Tiber.
403 3444 486 3486 61:
519 3444 662 3487 nullus
690 3457 722 3486 η
742 3459 884 3501 poena
902 3446 1117 3487 hominum

245 3505 423 3544 cessavit
458 3504 566 3555 dies,
608 3519 661 3544 ue
695 3505 918 3561 reliyiosus
952 3505 1116 3560 quidem

244 3569 284 3602 et
315 3577 454 3603 sacer.

324 3621 535 3662 hominem
553 3621 767 3675 insensum
793 3625 859 3664 rei
885 3624 1111 3680 publicae.-

246 3681 466 3736 proprinm
522 3679 693 3721 Tiberio
747 3683 915 3723 scelera
978 3695 1115 3737 nuper

1204 2795 1440 2849 ceterique.-
1474 2792 1690 2835 Latinium
1711 2808 1737 2836 a
1750 2793 1924 2838 Tiberio
1944 2809 2077 2838 ever..

1203 2866 1297 2895 sum
1356 2859 1568 2895 memorat
1622 2853 1679 2895 Vl
1720 2853 1762 2897 4.
1828 2854 2076 2910 Imperante

1204 2911 1326 2965 Gaio,
1362 2912 1484 2954 cuius
1503 2925 1573 2955 res
1594 2912 1782 2955 a'l'acito
1807 2916 2077 2970 compositae

1202 2971 1543 3025 interciderunt,
1586 2973 1722 3015 ceteri
1761 2975 1904 3027 puniti
1946 2980 2074 3017 suut:

1202 3030 1418 3072 Latinium
1482 3032 1598 3073 enim
1658 3032 1846 3075 luendae
1905 3046 2074 3088 poenae

1196 3093 1382 3145 primum
1414 3091 1551 3132 fuisse
1578 3104 1632 3132 ex
1658 3091 1714 3132 Vl
1737 3092 1768 3134 4
1787 3098 2072 3146 compertum.

1288 3151 1335 3190 in
1367 3156 1579 3205 tempore:
1612 3149 1654 3191 h.
1679 3163 1718 3192 e.
1754 3162 1834 3191 suo
1858 3157 2070 3207 tempore.

1202 3209 1334 3252 158:
1379 3209 1426 3249 in
1473 3216 1658 3264 tempore
1690 3210 1948 3253 memorabo.
2016 3211 2072 3257 Vl

1200 3271 1282 3313 22:
1323 3268 1594 3324 praedictum
1636 3269 1820 3312 Neronis
1850 3271 2074 3327 imperium

1200 3329 1246 3369 in
1279 3333 1464 3383 tempore
1496 3328 1816 3370 memorabitur.
1878 3329 1956 3372 XII
1986 3330 2070 3373 50:

1199 3388 1246 3428 in
1292 3393 1479 3443 tempore
1520 3387 1816 3430 rebellaturos.
1878 3386 1977 3430 Xlll
2012 3389 2068 3430 7:

1201 3452 1451 3502 exortusque
1470 3448 1516 3488 in
1537 3454 1721 3503 tempore
1738 3447 1942 3488 aem-ulus.
1964 3445 2067 3488 inde

1195 3520 1353 3562 parum
1386 3507 1431 3546 in
1462 3514 1646 3563 tempore
1679 3506 1696 3546 Ῑ
1733 3506 1798 3548 19.

1287 3571 1520 3607 matertera
1553 3573 1674 3606 erat:
1722 3563 1928 3617 Vipsania
1961 3562 2065 3604 olim

1200 3624 1388 3677 Tiberio,
1423 3631 1511 3666 tum
1531 3625 1684 3666 Asinio
1709 3622 1832 3664 Gallo
1856 3623 1921 3676 (v.
1945 3620 1963 3663 1
1987 3623 2062 3680 12)

1199 3689 1348 3737 nupta,
1382 3683 1470 3724 filia
1502 3684 1556 3725 M.
1595 3681 1792 3737 Vipsanii
1824 3681 2062 3737 Agrippae,
