<?xml version="1.0" encoding="UTF-8"?>
<!DOCTYPE html PUBLIC "-//W3C//DTD XHTML 1.0 Transitional//EN"
    "http://www.w3.org/TR/xhtml1/DTD/xhtml1-transitional.dtd">
<html xmlns="http://www.w3.org/1999/xhtml" xml:lang="en" lang="en">
 <head>
  <title>
</title>
<meta http-equiv="Content-Type" content="text/html;charset=utf-8" />
  <meta name='ocr-system' content='tesseract 3.04.00' />
  <meta name='ocr-capabilities' content='ocr_page ocr_carea ocr_par ocr_line ocrx_word'/>
</head>
<body>
  <div class='ocr_page' id='page_1' title='image "./operaadcodicesan01taciuoft_0550.png"; bbox 0 0 2280 4004; ppageno 0'>
   <div class='ocr_carea' id='block_1_1' title="bbox 262 277 1304 327">
    <p class='ocr_par' dir='ltr' id='par_1_1' title="bbox 262 277 1304 327">
     <span class='ocr_line' id='line_1_1' title="bbox 262 277 1304 327; baseline -0.002 -1"><span class='ocrx_word' id='word_1_1' title='bbox 262 278 353 327; x_wconf 78' lang='lat' dir='ltr'>loo</span> <span class='ocrx_word' id='word_1_2' title='bbox 1011 277 1304 326; x_wconf 71' lang='lat' dir='ltr'>ANNAMVM</span> 
     </span>
    </p>
   </div>
   <div class='ocr_carea' id='block_1_2' title="bbox 1749 278 2090 332">
    <p class='ocr_par' dir='ltr' id='par_1_2' title="bbox 1749 278 2090 332">
     <span class='ocr_line' id='line_1_2' title="bbox 1749 278 2090 332; baseline 0.009 -4"><span class='ocrx_word' id='word_1_3' title='bbox 1749 295 1791 328; x_wconf 82' lang='lat' dir='ltr'>a.</span> <span class='ocrx_word' id='word_1_4' title='bbox 1821 295 1868 330; x_wconf 87' lang='lat' dir='ltr'>u.</span> <span class='ocrx_word' id='word_1_5' title='bbox 1897 278 2090 332; x_wconf 55' lang='lat' dir='ltr'>eoo-47.</span> 
     </span>
    </p>
   </div>
   <div class='ocr_carea' id='block_1_3' title="bbox 196 421 2180 1867">
    <p class='ocr_par' dir='ltr' id='par_1_3' title="bbox 196 421 2180 1867">
     <span class='ocr_line' id='line_1_3' title="bbox 259 421 2089 496; baseline 0.003 -20"><span class='ocrx_word' id='word_1_6' title='bbox 259 425 435 492; x_wconf 89' lang='lat' dir='ltr'>peiora</span> <span class='ocrx_word' id='word_1_7' title='bbox 469 424 729 492; x_wconf 80' lang='lat' dir='ltr'><strong>legissent.</strong></span> <span class='ocrx_word' id='word_1_8' title='bbox 795 421 989 489; x_wconf 82' lang='lat' dir='ltr'>Quippe</span> <span class='ocrx_word' id='word_1_9' title='bbox 1014 421 1307 491; x_wconf 81' lang='lat' dir='ltr'>Byzantium</span> <span class='ocrx_word' id='word_1_10' title='bbox 1337 423 1491 476; x_wconf 89' lang='lat' dir='ltr'>fertili</span> <span class='ocrx_word' id='word_1_11' title='bbox 1526 423 1657 492; x_wconf 89' lang='lat' dir='ltr'>so10,</span> <span class='ocrx_word' id='word_1_12' title='bbox 1691 425 1913 479; x_wconf 79' lang='lat' dir='ltr'>fecundo</span> <span class='ocrx_word' id='word_1_13' title='bbox 1942 423 2089 496; x_wconf 76' lang='lat' dir='ltr'>mari,</span> 
     </span>
     <span class='ocr_line' id='line_1_4' title="bbox 262 514 2094 585; baseline 0.003 -19"><span class='ocrx_word' id='word_1_14' title='bbox 262 517 377 583; x_wconf 90' lang='lat' dir='ltr'>quia</span> <span class='ocrx_word' id='word_1_15' title='bbox 410 516 488 567; x_wconf 87' lang='lat' dir='ltr'>vis</span> <span class='ocrx_word' id='word_1_16' title='bbox 514 515 744 581; x_wconf 87' lang='lat' dir='ltr'>piscium,</span> <span class='ocrx_word' id='word_1_17' title='bbox 784 514 1079 567; x_wconf 91' lang='lat' dir='ltr'>immensum</span> <span class='ocrx_word' id='word_1_18' title='bbox 1102 516 1262 568; x_wconf 89' lang='lat' dir='ltr'>Ponto</span> <span class='ocrx_word' id='word_1_19' title='bbox 1288 531 1554 584; x_wconf 91' lang='lat' dir='ltr'>erumpens</span> <span class='ocrx_word' id='word_1_20' title='bbox 1589 521 1639 569; x_wconf 90' lang='lat' dir='ltr'>et</span> <span class='ocrx_word' id='word_1_21' title='bbox 1669 516 1890 585; x_wconf 85' lang='lat' dir='ltr'>obliquis</span> <span class='ocrx_word' id='word_1_22' title='bbox 1919 518 2094 572; x_wconf 78' lang='lat' dir='ltr'>subter</span> 
     </span>
     <span class='ocr_line' id='line_1_5' title="bbox 260 605 2092 671; baseline 0.003 -14"><span class='ocrx_word' id='word_1_23' title='bbox 260 606 424 657; x_wconf 86' lang='lat' dir='ltr'>undas</span> <span class='ocrx_word' id='word_1_24' title='bbox 463 605 602 659; x_wconf 85' lang='lat' dir='ltr'>saxis</span> <span class='ocrx_word' id='word_1_25' title='bbox 642 606 915 671; x_wconf 86' lang='lat' dir='ltr'>exterrita,</span> <span class='ocrx_word' id='word_1_26' title='bbox 977 607 1166 659; x_wconf 90' lang='lat' dir='ltr'>omisso</span> <span class='ocrx_word' id='word_1_27' title='bbox 1223 607 1430 660; x_wconf 88' lang='lat' dir='ltr'>alterius</span> <span class='ocrx_word' id='word_1_28' title='bbox 1486 608 1652 661; x_wconf 87' lang='lat' dir='ltr'>litoris</span> <span class='ocrx_word' id='word_1_29' title='bbox 1704 610 1838 662; x_wconf 88' lang='lat' dir='ltr'>flexu</span> <span class='ocrx_word' id='word_1_30' title='bbox 1886 609 1982 663; x_wconf 90' lang='lat' dir='ltr'>hos</span> <span class='ocrx_word' id='word_1_31' title='bbox 2027 609 2092 663; x_wconf 87' lang='lat' dir='ltr'>ad</span> 
     </span>
     <span class='ocr_line' id='line_1_6' title="bbox 258 696 2095 772; baseline 0.004 -25"><span class='ocrx_word' id='word_1_32' title='bbox 258 701 435 763; x_wconf 92' lang='lat' dir='ltr'>portus</span> <span class='ocrx_word' id='word_1_33' title='bbox 488 696 731 748; x_wconf 84' lang='lat' dir='ltr'>defertur.</span> <span class='ocrx_word' id='word_1_34' title='bbox 806 698 950 749; x_wconf 86' lang='lat' dir='ltr'><strong>Unde</strong></span> <span class='ocrx_word' id='word_1_35' title='bbox 999 698 1169 772; x_wconf 74' lang='lat' dir='ltr'>primo</span> <span class='ocrx_word' id='word_1_36' title='bbox 1229 699 1522 765; x_wconf 82' lang='lat' dir='ltr'>quaestuosi</span> <span class='ocrx_word' id='word_1_37' title='bbox 1569 705 1619 752; x_wconf 87' lang='lat' dir='ltr'>et</span> <span class='ocrx_word' id='word_1_38' title='bbox 1668 700 1920 768; x_wconf 87' lang='lat' dir='ltr'>opulenti3</span> <span class='ocrx_word' id='word_1_39' title='bbox 1977 705 2095 769; x_wconf 88' lang='lat' dir='ltr'>post</span> 
     </span>
     <span class='ocr_line' id='line_1_7' title="bbox 222 788 2098 859; baseline 0.002 -16"><span class='ocrx_word' id='word_1_40' title='bbox 222 788 608 855; x_wconf 80' lang='lat' dir='ltr'>smagnitudine</span> <span class='ocrx_word' id='word_1_41' title='bbox 650 803 859 840; x_wconf 91' lang='lat' dir='ltr'>onerum</span> <span class='ocrx_word' id='word_1_42' title='bbox 894 795 1111 857; x_wconf 84' lang='lat' dir='ltr'>urgente</span> <span class='ocrx_word' id='word_1_43' title='bbox 1148 789 1297 842; x_wconf 88' lang='lat' dir='ltr'>finem</span> <span class='ocrx_word' id='word_1_44' title='bbox 1334 796 1418 842; x_wconf 89' lang='lat' dir='ltr'>aut</span> <span class='ocrx_word' id='word_1_45' title='bbox 1474 792 1674 844; x_wconf 91' lang='lat' dir='ltr'>modum</span> <span class='ocrx_word' id='word_1_46' title='bbox 1716 793 1958 859; x_wconf 87' lang='lat' dir='ltr'>orabant,</span> <span class='ocrx_word' id='word_1_47' title='bbox 1999 792 2098 846; x_wconf 85' lang='lat' dir='ltr'>ad-</span> 
     </span>
     <span class='ocr_line' id='line_1_8' title="bbox 260 880 2092 949; baseline 0.004 -19"><span class='ocrx_word' id='word_1_48' title='bbox 260 880 452 932; x_wconf 88' lang='lat' dir='ltr'><strong>nitente</strong></span> <span class='ocrx_word' id='word_1_49' title='bbox 479 880 726 947; x_wconf 86' lang='lat' dir='ltr'>principe,</span> <span class='ocrx_word' id='word_1_50' title='bbox 762 881 846 947; x_wconf 89' lang='lat' dir='ltr'>qui</span> <span class='ocrx_word' id='word_1_51' title='bbox 875 881 1091 933; x_wconf 90' lang='lat' dir='ltr'>Thracio</span> <span class='ocrx_word' id='word_1_52' title='bbox 1116 881 1518 949; x_wconf 86' lang='lat' dir='ltr'>Bosporanoque</span> <span class='ocrx_word' id='word_1_53' title='bbox 1544 883 1678 935; x_wconf 92' lang='lat' dir='ltr'>bello</span> <span class='ocrx_word' id='word_1_54' title='bbox 1709 898 1894 937; x_wconf 89' lang='lat' dir='ltr'>recens</span> <span class='ocrx_word' id='word_1_55' title='bbox 1923 884 2092 938; x_wconf 83' lang='lat' dir='ltr'>fessos</span> 
     </span>
     <span class='ocr_line' id='line_1_9' title="bbox 259 972 2023 1042; baseline 0.003 -19"><span class='ocrx_word' id='word_1_56' title='bbox 259 972 611 1039; x_wconf 89' lang='lat' dir='ltr'>iuvandosque</span> <span class='ocrx_word' id='word_1_57' title='bbox 649 973 855 1025; x_wconf 87' lang='lat' dir='ltr'>rettulit.</span> <span class='ocrx_word' id='word_1_58' title='bbox 931 974 1002 1025; x_wconf 87' lang='lat' dir='ltr'>lta</span> <span class='ocrx_word' id='word_1_59' title='bbox 1040 974 1226 1025; x_wconf 85' lang='lat' dir='ltr'>tributa</span> <span class='ocrx_word' id='word_1_60' title='bbox 1266 974 1318 1024; x_wconf 91' lang='lat' dir='ltr'>in</span> <span class='ocrx_word' id='word_1_61' title='bbox 1356 974 1750 1042; x_wconf 89' lang='lat' dir='ltr'>quinquennium</span> <span class='ocrx_word' id='word_1_62' title='bbox 1789 976 2023 1029; x_wconf 86' lang='lat' dir='ltr'>remissa.</span> 
     </span>
     <span class='ocr_line' id='line_1_10' title="bbox 398 1065 2180 1122; baseline 0 -4"><span class='ocrx_word' id='word_1_63' title='bbox 398 1066 571 1118; x_wconf 88' lang='lat' dir='ltr'>Marco</span> <span class='ocrx_word' id='word_1_64' title='bbox 599 1065 781 1118; x_wconf 90' lang='lat' dir='ltr'>Asinio</span> <span class='ocrx_word' id='word_1_65' title='bbox 822 1066 995 1118; x_wconf 90' lang='lat' dir='ltr'>Marco</span> <span class='ocrx_word' id='word_1_66' title='bbox 1023 1066 1191 1118; x_wconf 92' lang='lat' dir='ltr'>Acilio</span> <span class='ocrx_word' id='word_1_67' title='bbox 1233 1067 1527 1119; x_wconf 89' lang='lat' dir='ltr'>consulibus</span> <span class='ocrx_word' id='word_1_68' title='bbox 1561 1068 1887 1121; x_wconf 84' lang='lat' dir='ltr'>mutationem</span> <span class='ocrx_word' id='word_1_69' title='bbox 1922 1083 2093 1122; x_wconf 87' lang='lat' dir='ltr'>rerum</span> <span class='ocrx_word' id='word_1_70' title='bbox 2107 1068 2180 1118; x_wconf 80' lang='lat'>64</span> 
     </span>
     <span class='ocr_line' id='line_1_11' title="bbox 260 1150 2092 1228; baseline 0.003 -22"><span class='ocrx_word' id='word_1_71' title='bbox 260 1155 314 1206; x_wconf 93' lang='lat' dir='ltr'>in</span> <span class='ocrx_word' id='word_1_72' title='bbox 345 1156 568 1208; x_wconf 89' lang='lat' dir='ltr'>deterius</span> <span class='ocrx_word' id='word_1_73' title='bbox 608 1156 844 1223; x_wconf 90' lang='lat' dir='ltr'>portendi</span> <span class='ocrx_word' id='word_1_74' title='bbox 882 1156 1138 1224; x_wconf 85' lang='lat' dir='ltr'>cognitum</span> <span class='ocrx_word' id='word_1_75' title='bbox 1179 1162 1255 1208; x_wconf 88' lang='lat' dir='ltr'>est</span> <span class='ocrx_word' id='word_1_76' title='bbox 1289 1157 1484 1209; x_wconf 85' lang='lat' dir='ltr'>crebris</span> <span class='ocrx_word' id='word_1_77' title='bbox 1508 1158 1776 1227; x_wconf 85' lang='lat' dir='ltr'>prodigiis.</span> <span class='ocrx_word' id='word_1_78' title='bbox 1834 1159 1991 1228; x_wconf 86' lang='lat' dir='ltr'>Signa</span> <span class='ocrx_word' id='word_1_79' title='bbox 2030 1150 2092 1211; x_wconf 82' lang='lat' dir='ltr'>ac</span> 
     </span>
     <span class='ocr_line' id='line_1_12' title="bbox 198 1248 2096 1318; baseline 0.002 -19"><span class='ocrx_word' id='word_1_80' title='bbox 198 1264 245 1306; x_wconf 80' lang='lat'>10</span> <span class='ocrx_word' id='word_1_81' title='bbox 260 1248 478 1300; x_wconf 90' lang='lat' dir='ltr'>tentoria</span> <span class='ocrx_word' id='word_1_82' title='bbox 515 1248 724 1300; x_wconf 85' lang='lat' dir='ltr'>militum</span> <span class='ocrx_word' id='word_1_83' title='bbox 763 1248 884 1316; x_wconf 84' lang='lat' dir='ltr'>igne</span> <span class='ocrx_word' id='word_1_84' title='bbox 922 1248 1129 1301; x_wconf 86' lang='lat' dir='ltr'>caelesti</span> <span class='ocrx_word' id='word_1_85' title='bbox 1171 1264 1363 1301; x_wconf 89' lang='lat' dir='ltr'>arsere.</span> <span class='ocrx_word' id='word_1_86' title='bbox 1437 1249 1662 1318; x_wconf 87' lang='lat' dir='ltr'>Fastigio</span> <span class='ocrx_word' id='word_1_87' title='bbox 1696 1249 1931 1318; x_wconf 87' lang='lat' dir='ltr'>Capitolii</span> <span class='ocrx_word' id='word_1_88' title='bbox 1968 1265 2096 1303; x_wconf 80' lang='lat' dir='ltr'>exa-</span> 
     </span>
     <span class='ocr_line' id='line_1_13' title="bbox 258 1339 2092 1407; baseline 0.001 -16"><span class='ocrx_word' id='word_1_89' title='bbox 258 1355 374 1392; x_wconf 89' lang='lat' dir='ltr'>men</span> <span class='ocrx_word' id='word_1_90' title='bbox 413 1340 577 1407; x_wconf 91' lang='lat' dir='ltr'>apium</span> <span class='ocrx_word' id='word_1_91' title='bbox 617 1339 821 1392; x_wconf 86' lang='lat' dir='ltr'>insedit.</span> <span class='ocrx_word' id='word_1_92' title='bbox 888 1339 1146 1391; x_wconf 70' lang='lat' dir='ltr'>rBiformes</span> <span class='ocrx_word' id='word_1_93' title='bbox 1185 1339 1442 1391; x_wconf 91' lang='lat' dir='ltr'>hominum</span> <span class='ocrx_word' id='word_1_94' title='bbox 1476 1346 1668 1407; x_wconf 76' lang='lat' dir='ltr'>partUS,</span> <span class='ocrx_word' id='word_1_95' title='bbox 1708 1345 1758 1393; x_wconf 89' lang='lat' dir='ltr'>et</span> <span class='ocrx_word' id='word_1_96' title='bbox 1795 1341 1902 1393; x_wconf 89' lang='lat' dir='ltr'>suis</span> <span class='ocrx_word' id='word_1_97' title='bbox 1939 1341 2092 1394; x_wconf 77' lang='lat' dir='ltr'>fetum</span> 
     </span>
     <span class='ocr_line' id='line_1_14' title="bbox 260 1430 2097 1499; baseline 0 -15"><span class='ocrx_word' id='word_1_98' title='bbox 260 1433 480 1498; x_wconf 84' lang='lat' dir='ltr'>editum,</span> <span class='ocrx_word' id='word_1_99' title='bbox 542 1432 622 1483; x_wconf 91' lang='lat' dir='ltr'>cui</span> <span class='ocrx_word' id='word_1_100' title='bbox 664 1430 958 1498; x_wconf 89' lang='lat' dir='ltr'>accipitrum</span> <span class='ocrx_word' id='word_1_101' title='bbox 994 1446 1193 1499; x_wconf 83' lang='lat' dir='ltr'>ungues</span> <span class='ocrx_word' id='word_1_102' title='bbox 1243 1430 1486 1483; x_wconf 89' lang='lat' dir='ltr'>inessent.</span> <span class='ocrx_word' id='word_1_103' title='bbox 1560 1431 1930 1484; x_wconf 86' lang='lat' dir='ltr'>Numerabatur</span> <span class='ocrx_word' id='word_1_104' title='bbox 1962 1431 2097 1484; x_wconf 84' lang='lat' dir='ltr'>inter</span> 
     </span>
     <span class='ocr_line' id='line_1_15' title="bbox 259 1522 2093 1590; baseline -0.001 -15"><span class='ocrx_word' id='word_1_105' title='bbox 259 1529 457 1576; x_wconf 90' lang='lat' dir='ltr'>ostenta</span> <span class='ocrx_word' id='word_1_106' title='bbox 500 1523 784 1575; x_wconf 89' lang='lat' dir='ltr'>deminutus</span> <span class='ocrx_word' id='word_1_107' title='bbox 824 1522 1046 1574; x_wconf 89' lang='lat' dir='ltr'>omnium</span> <span class='ocrx_word' id='word_1_108' title='bbox 1081 1522 1467 1590; x_wconf 86' lang='lat' dir='ltr'>magistratuum</span> <span class='ocrx_word' id='word_1_109' title='bbox 1506 1537 1765 1589; x_wconf 84' lang='lat' dir='ltr'>numeruS,</span> <span class='ocrx_word' id='word_1_110' title='bbox 1804 1527 2093 1590; x_wconf 88' lang='lat' dir='ltr'>quaestore,</span> 
     </span>
     <span class='ocr_line' id='line_1_16' title="bbox 261 1613 2099 1682; baseline -0.001 -14"><span class='ocrx_word' id='word_1_111' title='bbox 261 1616 444 1681; x_wconf 90' lang='lat' dir='ltr'>aedili,</span> <span class='ocrx_word' id='word_1_112' title='bbox 512 1615 715 1667; x_wconf 90' lang='lat' dir='ltr'>tribuno</span> <span class='ocrx_word' id='word_1_113' title='bbox 771 1631 832 1668; x_wconf 92' lang='lat' dir='ltr'>ac</span> <span class='ocrx_word' id='word_1_114' title='bbox 869 1618 1107 1682; x_wconf 92' lang='lat' dir='ltr'>praetore</span> <span class='ocrx_word' id='word_1_115' title='bbox 1162 1619 1213 1666; x_wconf 84' lang='lat' dir='ltr'>et</span> <span class='ocrx_word' id='word_1_116' title='bbox 1252 1613 1462 1667; x_wconf 92' lang='lat' dir='ltr'>consule</span> <span class='ocrx_word' id='word_1_117' title='bbox 1496 1629 1690 1681; x_wconf 87' lang='lat' dir='ltr'>paucos</span> <span class='ocrx_word' id='word_1_118' title='bbox 1725 1614 1858 1667; x_wconf 89' lang='lat' dir='ltr'>intra</span> <span class='ocrx_word' id='word_1_119' title='bbox 1894 1628 2099 1667; x_wconf 84' lang='lat' dir='ltr'>menses</span> 
     </span>
     <span class='ocr_line' id='line_1_17' title="bbox 196 1705 2096 1774; baseline 0 -18"><span class='ocrx_word' id='word_1_120' title='bbox 196 1714 242 1757; x_wconf 73' lang='lat' dir='ltr'>is</span> <span class='ocrx_word' id='word_1_121' title='bbox 263 1707 534 1759; x_wconf 86' lang='lat' dir='ltr'>defunctis.</span> <span class='ocrx_word' id='word_1_122' title='bbox 609 1706 710 1760; x_wconf 90' lang='lat' dir='ltr'>Sed</span> <span class='ocrx_word' id='word_1_123' title='bbox 739 1706 792 1757; x_wconf 91' lang='lat' dir='ltr'>in</span> <span class='ocrx_word' id='word_1_124' title='bbox 822 1706 1098 1773; x_wconf 89' lang='lat' dir='ltr'>praecipuo</span> <span class='ocrx_word' id='word_1_125' title='bbox 1120 1721 1314 1773; x_wconf 91' lang='lat' dir='ltr'>pavore</span> <span class='ocrx_word' id='word_1_126' title='bbox 1344 1705 1645 1774; x_wconf 87' lang='lat' dir='ltr'>Agrippina,</span> <span class='ocrx_word' id='word_1_127' title='bbox 1674 1721 1856 1759; x_wconf 86' lang='lat' dir='ltr'>vocem</span> <span class='ocrx_word' id='word_1_128' title='bbox 1882 1705 2096 1771; x_wconf 85' lang='lat' dir='ltr'>Claudii,</span> 
     </span>
     <span class='ocr_line' id='line_1_18' title="bbox 264 1796 2097 1867; baseline -0.002 -17"><span class='ocrx_word' id='word_1_129' title='bbox 264 1815 411 1867; x_wconf 90' lang='lat' dir='ltr'>quam</span> <span class='ocrx_word' id='word_1_130' title='bbox 439 1798 741 1851; x_wconf 89' lang='lat' dir='ltr'>temulentus</span> <span class='ocrx_word' id='word_1_131' title='bbox 768 1798 978 1863; x_wconf 89' lang='lat' dir='ltr'>iecerat,</span> <span class='ocrx_word' id='word_1_132' title='bbox 1013 1797 1166 1850; x_wconf 85' lang='lat' dir='ltr'>fatale</span> <span class='ocrx_word' id='word_1_133' title='bbox 1191 1797 1288 1849; x_wconf 93' lang='lat' dir='ltr'>sibi</span> <span class='ocrx_word' id='word_1_134' title='bbox 1320 1802 1374 1848; x_wconf 93' lang='lat' dir='ltr'>ut</span> <span class='ocrx_word' id='word_1_135' title='bbox 1406 1796 1679 1865; x_wconf 88' lang='lat' dir='ltr'>coniugum</span> <span class='ocrx_word' id='word_1_136' title='bbox 1708 1796 1899 1866; x_wconf 85' lang='lat' dir='ltr'>flagitia</span> <span class='ocrx_word' id='word_1_137' title='bbox 1923 1796 2097 1862; x_wconf 84' lang='lat' dir='ltr'>ferret,</span> 
     </span>
    </p>
   </div>
   <div class='ocr_carea' id='block_1_4' title="bbox 262 1935 802 2054">
    <p class='ocr_par' dir='ltr' id='par_1_4' title="bbox 262 1935 802 2054">
     <span class='ocr_line' id='line_1_19' title="bbox 386 1935 802 1980; baseline -0.002 0"><span class='ocrx_word' id='word_1_138' title='bbox 386 1939 424 1980; x_wconf 92' lang='lat'>1.</span> <span class='ocrx_word' id='word_1_139' title='bbox 461 1936 690 1979; x_wconf 82' lang='lat' dir='ltr'>bizantium</span> <span class='ocrx_word' id='word_1_140' title='bbox 720 1935 802 1979; x_wconf 72' lang='lat' dir='ltr'>Ma.</span> 
     </span>
     <span class='ocr_line' id='line_1_20' title="bbox 262 2002 593 2054; baseline 0 -17"><span class='ocrx_word' id='word_1_141' title='bbox 262 2002 404 2039; x_wconf 88' lang='lat' dir='ltr'>tremo</span> <span class='ocrx_word' id='word_1_142' title='bbox 437 2002 593 2054; x_wconf 86' lang='lat' dir='ltr'>versu)</span> 
     </span>
    </p>
   </div>
   <div class='ocr_carea' id='block_1_5' title="bbox 261 2055 617 2099">
    <p class='ocr_par' dir='ltr' id='par_1_5' title="bbox 261 2055 617 2099">
     <span class='ocr_line' id='line_1_21' title="bbox 261 2055 617 2099; baseline 0 0"><span class='ocrx_word' id='word_1_143' title='bbox 261 2057 304 2099; x_wconf 88' lang='lat'>6.</span> <span class='ocrx_word' id='word_1_144' title='bbox 340 2056 502 2098; x_wconf 76' lang='lat' dir='ltr'>threcia</span> <span class='ocrx_word' id='word_1_145' title='bbox 535 2055 617 2099; x_wconf 69' lang='lat' dir='ltr'>Ma.</span> 
     </span>
    </p>
   </div>
   <div class='ocr_carea' id='block_1_6' title="bbox 263 1934 2104 2232">
    <p class='ocr_par' dir='ltr' id='par_1_6' title="bbox 625 1934 2100 2054">
     <span class='ocr_line' id='line_1_22' title="bbox 881 1934 2100 1994; baseline -0.003 -13"><span class='ocrx_word' id='word_1_146' title='bbox 881 1939 923 1982; x_wconf 82' lang='lat'>2.</span> <span class='ocrx_word' id='word_1_147' title='bbox 955 1938 1205 1979; x_wconf 86' lang='lat' dir='ltr'>immensum</span> <span class='ocrx_word' id='word_1_148' title='bbox 1237 1937 1370 1979; x_wconf 88' lang='lat' dir='ltr'>Ponto</span> <span class='ocrx_word' id='word_1_149' title='bbox 1404 1936 1567 1979; x_wconf 86' lang='lat' dir='ltr'>editor:</span> <span class='ocrx_word' id='word_1_150' title='bbox 1599 1934 1668 1979; x_wconf 82' lang='lat' dir='ltr'>Ma</span> <span class='ocrx_word' id='word_1_151' title='bbox 1697 1935 1746 1978; x_wconf 86' lang='lat' dir='ltr'>in</span> <span class='ocrx_word' id='word_1_152' title='bbox 1775 1943 1889 1979; x_wconf 78' lang='lat' dir='ltr'>meta</span> <span class='ocrx_word' id='word_1_153' title='bbox 1919 1936 1986 1994; x_wconf 87' lang='lat' dir='ltr'>(in</span> <span class='ocrx_word' id='word_1_154' title='bbox 2018 1948 2100 1978; x_wconf 85' lang='lat' dir='ltr'>ex-</span> 
     </span>
     <span class='ocr_line' id='line_1_23' title="bbox 625 1994 2100 2054; baseline 0 -16"><span class='ocrx_word' id='word_1_155' title='bbox 625 1997 784 2054; x_wconf 75' lang='lat' dir='ltr'>pontii,</span> <span class='ocrx_word' id='word_1_156' title='bbox 821 1995 855 2038; x_wconf 90' lang='lat' dir='ltr'><strong>G</strong></span> <span class='ocrx_word' id='word_1_157' title='bbox 884 1997 931 2038; x_wconf 87' lang='lat' dir='ltr'>in</span> <span class='ocrx_word' id='word_1_158' title='bbox 960 2003 1224 2054; x_wconf 74' lang='lat' dir='ltr'>metaponttl.</span> <span class='ocrx_word' id='word_1_159' title='bbox 1314 2000 1357 2039; x_wconf 82' lang='lat'>4.</span> <span class='ocrx_word' id='word_1_160' title='bbox 1393 1997 1606 2051; x_wconf 84' lang='lat' dir='ltr'>quaestosi</span> <span class='ocrx_word' id='word_1_161' title='bbox 1637 1994 1731 2039; x_wconf 68' lang='lat' dir='ltr'>Ma:</span> <span class='ocrx_word' id='word_1_162' title='bbox 1767 1994 1814 2038; x_wconf 34' lang='lat' dir='ltr'>&gt;G</span> <span class='ocrx_word' id='word_1_163' title='bbox 1845 1996 2100 2051; x_wconf 72' lang='lat' dir='ltr'>quaestuosi.</span> 
     </span>
    </p>

    <p class='ocr_par' dir='ltr' id='par_1_7' title="bbox 263 2053 2104 2232">
     <span class='ocr_line' id='line_1_24' title="bbox 711 2053 2102 2112; baseline -0.001 -14"><span class='ocrx_word' id='word_1_164' title='bbox 711 2055 906 2112; x_wconf 82' lang='lat' dir='ltr'>bosphor.</span> <span class='ocrx_word' id='word_1_165' title='bbox 938 2055 1018 2099; x_wconf 71' lang='lat' dir='ltr'>Ma.</span> <span class='ocrx_word' id='word_1_166' title='bbox 1101 2058 1237 2111; x_wconf 80' lang='lat' dir='ltr'>fessus</span> <span class='ocrx_word' id='word_1_167' title='bbox 1268 2053 1362 2098; x_wconf 67' lang='lat' dir='ltr'>Ma:</span> <span class='ocrx_word' id='word_1_168' title='bbox 1396 2054 1430 2098; x_wconf 89' lang='lat' dir='ltr'>G</span> <span class='ocrx_word' id='word_1_169' title='bbox 1459 2058 1607 2111; x_wconf 79' lang='lat' dir='ltr'>fessos.</span> <span class='ocrx_word' id='word_1_170' title='bbox 1678 2055 1723 2099; x_wconf 92' lang='grc'>8.</span> <span class='ocrx_word' id='word_1_171' title='bbox 1755 2055 1972 2098; x_wconf 81' lang='lat' dir='ltr'>masilinio</span> <span class='ocrx_word' id='word_1_172' title='bbox 2004 2067 2102 2096; x_wconf 76' lang='lat' dir='ltr'>ma-</span> 
     </span>
     <span class='ocr_line' id='line_1_25' title="bbox 264 2113 2100 2171; baseline -0.001 -14"><span class='ocrx_word' id='word_1_173' title='bbox 264 2115 363 2159; x_wconf 88' lang='lat' dir='ltr'>cilio</span> <span class='ocrx_word' id='word_1_174' title='bbox 398 2130 482 2158; x_wconf 89' lang='lat' dir='ltr'>cos.</span> <span class='ocrx_word' id='word_1_175' title='bbox 520 2129 617 2158; x_wconf 92' lang='lat' dir='ltr'>cum</span> <span class='ocrx_word' id='word_1_176' title='bbox 649 2115 728 2158; x_wconf 90' lang='lat' dir='ltr'>lin.</span> <span class='ocrx_word' id='word_1_177' title='bbox 764 2114 853 2158; x_wconf 69' lang='lat' dir='ltr'>Ma:</span> <span class='ocrx_word' id='word_1_178' title='bbox 890 2116 967 2158; x_wconf 85' lang='lat' dir='ltr'>.M.</span> <span class='ocrx_word' id='word_1_179' title='bbox 999 2115 1186 2158; x_wconf 81' lang='lat' dir='ltr'>Asillino</span> <span class='ocrx_word' id='word_1_180' title='bbox 1223 2115 1301 2158; x_wconf 88' lang='lat' dir='ltr'>.M.</span> <span class='ocrx_word' id='word_1_181' title='bbox 1335 2114 1490 2158; x_wconf 86' lang='lat' dir='ltr'>accilio</span> <span class='ocrx_word' id='word_1_182' title='bbox 1524 2113 1766 2158; x_wconf 81' lang='lat' dir='ltr'>consulibus</span> <span class='ocrx_word' id='word_1_183' title='bbox 1797 2117 1900 2170; x_wconf 85' lang='lat' dir='ltr'>(per</span> <span class='ocrx_word' id='word_1_184' title='bbox 1931 2118 2100 2171; x_wconf 85' lang='lat' dir='ltr'>comp.)</span> 
     </span>
     <span class='ocr_line' id='line_1_26' title="bbox 263 2173 2104 2232; baseline -0.001 -15"><span class='ocrx_word' id='word_1_185' title='bbox 263 2175 311 2217; x_wconf 87' lang='lat' dir='ltr'>G.</span> <span class='ocrx_word' id='word_1_186' title='bbox 381 2177 450 2220; x_wconf 88' lang='grc'>10.</span> <span class='ocrx_word' id='word_1_187' title='bbox 492 2177 591 2232; x_wconf 76' lang='lat' dir='ltr'>ique</span> <span class='ocrx_word' id='word_1_188' title='bbox 624 2174 703 2229; x_wconf 74' lang='lat' dir='ltr'>Ma,</span> <span class='ocrx_word' id='word_1_189' title='bbox 738 2188 826 2217; x_wconf 92' lang='lat' dir='ltr'>non</span> <span class='ocrx_word' id='word_1_190' title='bbox 858 2175 967 2231; x_wconf 72' lang='lat' dir='ltr'>iyni.</span> <span class='ocrx_word' id='word_1_191' title='bbox 1035 2177 1104 2218; x_wconf 89' lang='lat'>11.</span> <span class='ocrx_word' id='word_1_192' title='bbox 1135 2182 1319 2232; x_wconf 83' lang='lat' dir='ltr'>paratus</span> <span class='ocrx_word' id='word_1_193' title='bbox 1351 2173 1439 2217; x_wconf 71' lang='lat' dir='ltr'>Ma:</span> <span class='ocrx_word' id='word_1_194' title='bbox 1478 2175 1512 2218; x_wconf 91' lang='lat' dir='ltr'>G</span> <span class='ocrx_word' id='word_1_195' title='bbox 1537 2182 1705 2232; x_wconf 87' lang='lat' dir='ltr'>partus.</span> <span class='ocrx_word' id='word_1_196' title='bbox 1801 2176 1870 2219; x_wconf 84' lang='lat'>12.</span> <span class='ocrx_word' id='word_1_197' title='bbox 1902 2174 2104 2218; x_wconf 70' lang='lat' dir='ltr'>edidimus</span> 
     </span>
    </p>
   </div>
   <div class='ocr_carea' id='block_1_7' title="bbox 263 2231 1793 2293">
    <p class='ocr_par' dir='ltr' id='par_1_8' title="bbox 263 2231 1793 2293">
     <span class='ocr_line' id='line_1_27' title="bbox 263 2231 1793 2293; baseline -0.001 -15"><span class='ocrx_word' id='word_1_198' title='bbox 263 2234 345 2278; x_wconf 69' lang='lat' dir='ltr'>Ma.</span> <span class='ocrx_word' id='word_1_199' title='bbox 444 2237 511 2279; x_wconf 84' lang='lat'>13.</span> <span class='ocrx_word' id='word_1_200' title='bbox 544 2236 843 2293; x_wconf 76' lang='lat' dir='ltr'>maqistratum</span> <span class='ocrx_word' id='word_1_201' title='bbox 867 2233 948 2278; x_wconf 70' lang='lat' dir='ltr'>Ma.</span> <span class='ocrx_word' id='word_1_202' title='bbox 1044 2242 1236 2291; x_wconf 80' lang='lat' dir='ltr'>questore</span> <span class='ocrx_word' id='word_1_203' title='bbox 1268 2233 1350 2277; x_wconf 74' lang='lat' dir='ltr'>Ma.</span> <span class='ocrx_word' id='word_1_204' title='bbox 1448 2237 1515 2278; x_wconf 91' lang='grc'>14.</span> <span class='ocrx_word' id='word_1_205' title='bbox 1550 2234 1684 2277; x_wconf 81' lang='lat' dir='ltr'>aelidi</span> <span class='ocrx_word' id='word_1_206' title='bbox 1711 2231 1793 2277; x_wconf 69' lang='lat' dir='ltr'>Ma.</span> 
     </span>
    </p>
   </div>
   <div class='ocr_carea' id='block_1_8' title="bbox 262 2365 1142 3732">
    <p class='ocr_par' dir='ltr' id='par_1_9' title="bbox 262 2365 1142 3732">
     <span class='ocr_line' id='line_1_28' title="bbox 349 2365 1140 2423; baseline -0.003 -15"><span class='ocrx_word' id='word_1_207' title='bbox 349 2367 413 2408; x_wconf 78' lang='lat' dir='ltr'>vis</span> <span class='ocrx_word' id='word_1_208' title='bbox 466 2367 649 2423; x_wconf 78' lang='lat' dir='ltr'>piscium</span> <span class='ocrx_word' id='word_1_209' title='bbox 703 2367 951 2408; x_wconf 88' lang='lat' dir='ltr'>immensum</span> <span class='ocrx_word' id='word_1_210' title='bbox 1007 2365 1140 2407; x_wconf 86' lang='lat' dir='ltr'>Ponto</span> 
     </span>
     <span class='ocr_line' id='line_1_29' title="bbox 262 2425 1141 2482; baseline 0 -15"><span class='ocrx_word' id='word_1_211' title='bbox 262 2439 511 2482; x_wconf 82' lang='lat' dir='ltr'>erumpens:</span> <span class='ocrx_word' id='word_1_212' title='bbox 545 2440 599 2469; x_wconf 83' lang='lat' dir='ltr'>ex</span> <span class='ocrx_word' id='word_1_213' title='bbox 631 2425 700 2468; x_wconf 90' lang='lat' dir='ltr'>his</span> <span class='ocrx_word' id='word_1_214' title='bbox 732 2439 757 2468; x_wconf 85' lang='lat' dir='ltr'>a</span> <span class='ocrx_word' id='word_1_215' title='bbox 788 2440 858 2468; x_wconf 88' lang='lat' dir='ltr'>me</span> <span class='ocrx_word' id='word_1_216' title='bbox 900 2425 1141 2468; x_wconf 89' lang='lat' dir='ltr'>emendatis</span> 
     </span>
     <span class='ocr_line' id='line_1_30' title="bbox 263 2484 1141 2541; baseline 0 -15"><span class='ocrx_word' id='word_1_217' title='bbox 263 2487 480 2541; x_wconf 85' lang='lat' dir='ltr'>quomodo</span> <span class='ocrx_word' id='word_1_218' title='bbox 528 2491 733 2540; x_wconf 86' lang='lat' dir='ltr'>corrupta</span> <span class='ocrx_word' id='word_1_219' title='bbox 776 2484 976 2528; x_wconf 89' lang='lat' dir='ltr'>codicum</span> <span class='ocrx_word' id='word_1_220' title='bbox 1028 2486 1141 2527; x_wconf 88' lang='lat' dir='ltr'>scri-</span> 
     </span>
     <span class='ocr_line' id='line_1_31' title="bbox 263 2544 1142 2599; baseline 0 -14"><span class='ocrx_word' id='word_1_221' title='bbox 263 2551 389 2599; x_wconf 86' lang='lat' dir='ltr'>ptura</span> <span class='ocrx_word' id='word_1_222' title='bbox 435 2546 645 2599; x_wconf 90' lang='lat' dir='ltr'>prodierit</span> <span class='ocrx_word' id='word_1_223' title='bbox 698 2558 786 2586; x_wconf 89' lang='lat' dir='ltr'>non</span> <span class='ocrx_word' id='word_1_224' title='bbox 841 2544 1024 2586; x_wconf 84' lang='lat' dir='ltr'>difficile</span> <span class='ocrx_word' id='word_1_225' title='bbox 1076 2549 1142 2586; x_wconf 82' lang='lat' dir='ltr'>est</span> 
     </span>
     <span class='ocr_line' id='line_1_32' title="bbox 264 2603 1140 2661; baseline -0.002 -15"><span class='ocrx_word' id='word_1_226' title='bbox 264 2605 318 2646; x_wconf 88' lang='lat' dir='ltr'>ad</span> <span class='ocrx_word' id='word_1_227' title='bbox 350 2604 706 2661; x_wconf 85' lang='lat' dir='ltr'>intelligendum.</span> <span class='ocrx_word' id='word_1_228' title='bbox 769 2604 878 2646; x_wconf 87' lang='lat' dir='ltr'>Nam</span> <span class='ocrx_word' id='word_1_229' title='bbox 917 2606 961 2645; x_wconf 93' lang='lat' dir='ltr'>in</span> <span class='ocrx_word' id='word_1_230' title='bbox 998 2603 1140 2660; x_wconf 73' lang='grc' dir='ltr'><em>ἄρχε-</em></span> 
     </span>
     <span class='ocr_line' id='line_1_33' title="bbox 264 2661 1141 2722; baseline -0.005 -15"><span class='ocrx_word' id='word_1_231' title='bbox 264 2665 394 2722; x_wconf 79' lang='grc' dir='ltr'>τὺπῳ</span> <span class='ocrx_word' id='word_1_232' title='bbox 417 2677 513 2705; x_wconf 90' lang='lat' dir='ltr'>cum</span> <span class='ocrx_word' id='word_1_233' title='bbox 538 2670 655 2705; x_wconf 84' lang='lat' dir='ltr'>esset</span> <span class='ocrx_word' id='word_1_234' title='bbox 678 2666 966 2719; x_wconf 75' lang='grc' dir='ltr'>ΐηιέεᾶροηιο,</span> <span class='ocrx_word' id='word_1_235' title='bbox 995 2661 1141 2704; x_wconf 86' lang='lat' dir='ltr'>scriba</span> 
     </span>
     <span class='ocr_line' id='line_1_34' title="bbox 264 2722 1139 2776; baseline -0.001 -13"><span class='ocrx_word' id='word_1_236' title='bbox 264 2724 488 2765; x_wconf 85' lang='lat' dir='ltr'>recentior</span> <span class='ocrx_word' id='word_1_237' title='bbox 521 2723 700 2765; x_wconf 81' lang='lat' dir='ltr'>Italicae</span> <span class='ocrx_word' id='word_1_238' title='bbox 734 2722 853 2764; x_wconf 90' lang='lat' dir='ltr'>urbis</span> <span class='ocrx_word' id='word_1_239' title='bbox 900 2722 1139 2776; x_wconf 83' lang='lat' dir='ltr'>Metaponti</span> 
     </span>
     <span class='ocr_line' id='line_1_35' title="bbox 265 2780 1138 2838; baseline -0.003 -14"><span class='ocrx_word' id='word_1_240' title='bbox 265 2782 378 2824; x_wconf 87' lang='lat' dir='ltr'>male</span> <span class='ocrx_word' id='word_1_241' title='bbox 410 2795 577 2824; x_wconf 89' lang='lat' dir='ltr'>memor</span> <span class='ocrx_word' id='word_1_242' title='bbox 606 2783 654 2824; x_wconf 88' lang='lat' dir='ltr'>in</span> <span class='ocrx_word' id='word_1_243' title='bbox 683 2782 977 2838; x_wconf 82' lang='lat' dir='ltr'>Metapontum</span> <span class='ocrx_word' id='word_1_244' title='bbox 1004 2780 1138 2834; x_wconf 88' lang='lat' dir='ltr'>dedit,</span> 
     </span>
     <span class='ocr_line' id='line_1_36' title="bbox 266 2840 1138 2897; baseline -0.001 -14"><span class='ocrx_word' id='word_1_245' title='bbox 266 2844 562 2884; x_wconf 84' lang='lat' dir='ltr'>accusativum</span> <span class='ocrx_word' id='word_1_246' title='bbox 598 2854 674 2897; x_wconf 85' lang='lat' dir='ltr'>pro</span> <span class='ocrx_word' id='word_1_247' title='bbox 708 2842 902 2884; x_wconf 88' lang='lat' dir='ltr'>ablativo</span> <span class='ocrx_word' id='word_1_248' title='bbox 932 2840 986 2882; x_wconf 91' lang='lat' dir='ltr'>ob</span> <span class='ocrx_word' id='word_1_249' title='bbox 1006 2852 1138 2895; x_wconf 86' lang='lat' dir='ltr'>prae-</span> 
     </span>
     <span class='ocr_line' id='line_1_37' title="bbox 266 2900 1139 2956; baseline 0 -14"><span class='ocrx_word' id='word_1_250' title='bbox 266 2903 530 2956; x_wconf 87' lang='lat' dir='ltr'>positionem</span> <span class='ocrx_word' id='word_1_251' title='bbox 565 2902 613 2942; x_wconf 88' lang='lat' dir='ltr'>in</span> <span class='ocrx_word' id='word_1_252' title='bbox 651 2901 765 2943; x_wconf 88' lang='lat' dir='ltr'>male</span> <span class='ocrx_word' id='word_1_253' title='bbox 810 2900 1027 2943; x_wconf 89' lang='lat' dir='ltr'>revulsam</span> <span class='ocrx_word' id='word_1_254' title='bbox 1063 2912 1139 2942; x_wconf 85' lang='lat' dir='ltr'>re-</span> 
     </span>
     <span class='ocr_line' id='line_1_38' title="bbox 266 2961 1140 3015; baseline -0.001 -14"><span class='ocrx_word' id='word_1_255' title='bbox 266 2961 485 3015; x_wconf 90' lang='lat' dir='ltr'>ponendo.</span> <span class='ocrx_word' id='word_1_256' title='bbox 541 2961 796 3003; x_wconf 85' lang='lat' dir='ltr'>Immensum</span> <span class='ocrx_word' id='word_1_257' title='bbox 830 2966 896 3002; x_wconf 85' lang='lat' dir='ltr'>est</span> <span class='ocrx_word' id='word_1_258' title='bbox 929 2961 1140 3001; x_wconf 87' lang='lat' dir='ltr'>immensa</span> 
     </span>
     <span class='ocr_line' id='line_1_39' title="bbox 264 3018 1137 3071; baseline -0.002 -10"><span class='ocrx_word' id='word_1_259' title='bbox 264 3020 544 3062; x_wconf 87' lang='lat' dir='ltr'>multitudine</span> <span class='ocrx_word' id='word_1_260' title='bbox 577 3020 650 3062; x_wconf 89' lang='lat' dir='ltr'>vel</span> <span class='ocrx_word' id='word_1_261' title='bbox 680 3021 776 3062; x_wconf 91' lang='lat' dir='ltr'>sine</span> <span class='ocrx_word' id='word_1_262' title='bbox 807 3019 935 3060; x_wconf 91' lang='lat' dir='ltr'>modo</span> <span class='ocrx_word' id='word_1_263' title='bbox 971 3025 1013 3060; x_wconf 90' lang='lat' dir='ltr'>et</span> <span class='ocrx_word' id='word_1_264' title='bbox 1036 3018 1137 3071; x_wconf 83' lang='lat' dir='ltr'>fine,</span> 
     </span>
     <span class='ocr_line' id='line_1_40' title="bbox 264 3078 1138 3130; baseline -0.001 -8"><span class='ocrx_word' id='word_1_265' title='bbox 264 3093 353 3122; x_wconf 86' lang='lat' dir='ltr'>vox</span> <span class='ocrx_word' id='word_1_266' title='bbox 385 3080 531 3122; x_wconf 86' lang='lat' dir='ltr'>Tacito</span> <span class='ocrx_word' id='word_1_267' title='bbox 565 3080 792 3121; x_wconf 81' lang='lat' dir='ltr'>adamata:</span> <span class='ocrx_word' id='word_1_268' title='bbox 823 3078 882 3120; x_wconf 85' lang='grc' dir='ltr'>ΙΙΙ</span> <span class='ocrx_word' id='word_1_269' title='bbox 914 3079 972 3122; x_wconf 85' lang='grc'>30</span> <span class='ocrx_word' id='word_1_270' title='bbox 1000 3083 1044 3119; x_wconf 86' lang='lat' dir='ltr'>et</span> <span class='ocrx_word' id='word_1_271' title='bbox 1067 3078 1138 3130; x_wconf 78' lang='lat'>52,</span> 
     </span>
     <span class='ocr_line' id='line_1_41' title="bbox 265 3137 1140 3191; baseline -0.005 -11"><span class='ocrx_word' id='word_1_272' title='bbox 265 3138 325 3181; x_wconf 87' lang='lat' dir='ltr'>lv</span> <span class='ocrx_word' id='word_1_273' title='bbox 361 3141 415 3183; x_wconf 84' lang='lat'>27</span> <span class='ocrx_word' id='word_1_274' title='bbox 452 3145 496 3181; x_wconf 90' lang='lat' dir='ltr'>et</span> <span class='ocrx_word' id='word_1_275' title='bbox 525 3139 598 3191; x_wconf 84' lang='lat'>40,</span> <span class='ocrx_word' id='word_1_276' title='bbox 636 3138 692 3180; x_wconf 81' lang='lat' dir='ltr'>VI</span> <span class='ocrx_word' id='word_1_277' title='bbox 712 3139 785 3182; x_wconf 88' lang='lat'>37.</span> <span class='ocrx_word' id='word_1_278' title='bbox 838 3138 951 3180; x_wconf 88' lang='lat' dir='ltr'>Male</span> <span class='ocrx_word' id='word_1_279' title='bbox 973 3137 1140 3179; x_wconf 82' lang='lat' dir='ltr'>faciunt</span> 
     </span>
     <span class='ocr_line' id='line_1_42' title="bbox 267 3197 1140 3255; baseline -0.003 -15"><span class='ocrx_word' id='word_1_280' title='bbox 267 3199 339 3254; x_wconf 89' lang='lat' dir='ltr'>qui</span> <span class='ocrx_word' id='word_1_281' title='bbox 374 3199 555 3241; x_wconf 85' lang='lat' dir='ltr'>formam</span> <span class='ocrx_word' id='word_1_282' title='bbox 581 3198 760 3240; x_wconf 84' lang='lat' dir='ltr'>Pontum</span> <span class='ocrx_word' id='word_1_283' title='bbox 779 3197 955 3255; x_wconf 85' lang='lat' dir='ltr'>Virgilii</span> <span class='ocrx_word' id='word_1_284' title='bbox 987 3209 1140 3239; x_wconf 83' lang='lat' dir='ltr'>exem-</span> 
     </span>
     <span class='ocr_line' id='line_1_43' title="bbox 266 3256 1138 3314; baseline -0.002 -15"><span class='ocrx_word' id='word_1_285' title='bbox 266 3258 340 3312; x_wconf 88' lang='lat' dir='ltr'>plo</span> <span class='ocrx_word' id='word_1_286' title='bbox 374 3258 508 3313; x_wconf 87' lang='lat' dir='ltr'>(Aen.</span> <span class='ocrx_word' id='word_1_287' title='bbox 544 3258 561 3299; x_wconf 88' lang='lat'>1</span> <span class='ocrx_word' id='word_1_288' title='bbox 594 3257 682 3300; x_wconf 86' lang='lat'>584</span> <span class='ocrx_word' id='word_1_289' title='bbox 714 3271 934 3314; x_wconf 86' lang='lat' dir='ltr'>erumpere</span> <span class='ocrx_word' id='word_1_290' title='bbox 964 3256 1138 3313; x_wconf 86' lang='lat' dir='ltr'>nubem)</span> 
     </span>
     <span class='ocr_line' id='line_1_44' title="bbox 269 3315 1140 3372; baseline -0.002 -13"><span class='ocrx_word' id='word_1_291' title='bbox 269 3323 311 3359; x_wconf 89' lang='lat' dir='ltr'>ct</span> <span class='ocrx_word' id='word_1_292' title='bbox 347 3317 511 3359; x_wconf 86' lang='lat' dir='ltr'>Valerii</span> <span class='ocrx_word' id='word_1_293' title='bbox 530 3316 678 3358; x_wconf 87' lang='lat' dir='ltr'>Flacci</span> <span class='ocrx_word' id='word_1_294' title='bbox 710 3317 772 3372; x_wconf 88' lang='lat' dir='ltr'>(V</span> <span class='ocrx_word' id='word_1_295' title='bbox 797 3316 884 3360; x_wconf 77' lang='lat'>466</span> <span class='ocrx_word' id='word_1_296' title='bbox 914 3315 1140 3358; x_wconf 84' lang='lat' dir='ltr'>nebulam-</span> 
     </span>
     <span class='ocr_line' id='line_1_45' title="bbox 271 3376 1141 3433; baseline -0.002 -15"><span class='ocrx_word' id='word_1_297' title='bbox 271 3391 348 3431; x_wconf 85' lang='lat' dir='ltr'>que</span> <span class='ocrx_word' id='word_1_298' title='bbox 384 3378 566 3433; x_wconf 83' lang='lat' dir='ltr'>erumpit</span> <span class='ocrx_word' id='word_1_299' title='bbox 599 3376 750 3433; x_wconf 83' lang='lat' dir='ltr'>Iason)</span> <span class='ocrx_word' id='word_1_300' title='bbox 795 3382 1007 3418; x_wconf 88' lang='lat' dir='ltr'>conantur</span> <span class='ocrx_word' id='word_1_301' title='bbox 1039 3377 1141 3417; x_wconf 88' lang='lat' dir='ltr'>vin-</span> 
     </span>
     <span class='ocr_line' id='line_1_46' title="bbox 269 3435 1141 3491; baseline -0.001 -15"><span class='ocrx_word' id='word_1_302' title='bbox 269 3435 440 3478; x_wconf 86' lang='lat' dir='ltr'>dicare:</span> <span class='ocrx_word' id='word_1_303' title='bbox 475 3449 571 3478; x_wconf 89' lang='lat' dir='ltr'>nam</span> <span class='ocrx_word' id='word_1_304' title='bbox 604 3436 648 3477; x_wconf 90' lang='lat' dir='ltr'>in</span> <span class='ocrx_word' id='word_1_305' title='bbox 683 3436 750 3478; x_wconf 88' lang='lat' dir='ltr'>his</span> <span class='ocrx_word' id='word_1_306' title='bbox 784 3435 892 3477; x_wconf 87' lang='lat' dir='ltr'>locis</span> <span class='ocrx_word' id='word_1_307' title='bbox 920 3448 1141 3491; x_wconf 88' lang='lat' dir='ltr'>erumpere</span> 
     </span>
     <span class='ocr_line' id='line_1_47' title="bbox 268 3495 1139 3537; baseline -0.002 -1"><span class='ocrx_word' id='word_1_308' title='bbox 268 3496 328 3536; x_wconf 89' lang='lat' dir='ltr'>ita</span> <span class='ocrx_word' id='word_1_309' title='bbox 380 3495 542 3536; x_wconf 91' lang='lat' dir='ltr'>dictum</span> <span class='ocrx_word' id='word_1_310' title='bbox 586 3501 652 3536; x_wconf 92' lang='lat' dir='ltr'>est</span> <span class='ocrx_word' id='word_1_311' title='bbox 694 3501 741 3536; x_wconf 91' lang='lat' dir='ltr'>ut</span> <span class='ocrx_word' id='word_1_312' title='bbox 784 3508 854 3537; x_wconf 89' lang='lat' dir='ltr'>res</span> <span class='ocrx_word' id='word_1_313' title='bbox 887 3496 1139 3537; x_wconf 87' lang='lat' dir='ltr'>accusativo</span> 
     </span>
     <span class='ocr_line' id='line_1_48' title="bbox 266 3554 1140 3611; baseline 0 -17"><span class='ocrx_word' id='word_1_314' title='bbox 266 3554 416 3595; x_wconf 85' lang='lat' dir='ltr'>iuncta</span> <span class='ocrx_word' id='word_1_315' title='bbox 462 3554 662 3596; x_wconf 87' lang='lat' dir='ltr'>deleatur</span> <span class='ocrx_word' id='word_1_316' title='bbox 711 3555 993 3611; x_wconf 71' lang='lat' dir='ltr'>(zer-reissen,</span> <span class='ocrx_word' id='word_1_317' title='bbox 1041 3568 1140 3595; x_wconf 80' lang='lat' dir='ltr'>zer-</span> 
     </span>
     <span class='ocr_line' id='line_1_49' title="bbox 266 3610 1141 3669; baseline -0.001 -16"><span class='ocrx_word' id='word_1_318' title='bbox 266 3616 514 3669; x_wconf 73' lang='lat' dir='ltr'>sprenqen).</span> <span class='ocrx_word' id='word_1_319' title='bbox 581 3612 752 3664; x_wconf 89' lang='lat' dir='ltr'>Quanto</span> <span class='ocrx_word' id='word_1_320' title='bbox 815 3613 974 3655; x_wconf 88' lang='lat' dir='ltr'>melius</span> <span class='ocrx_word' id='word_1_321' title='bbox 1037 3610 1141 3669; x_wconf 89' lang='lat' dir='ltr'>quid</span> 
     </span>
     <span class='ocr_line' id='line_1_50' title="bbox 266 3670 1140 3732; baseline 0.001 -18"><span class='ocrx_word' id='word_1_322' title='bbox 266 3670 483 3732; x_wconf 80' lang='lat' dir='ltr'>pedestris</span> <span class='ocrx_word' id='word_1_323' title='bbox 531 3674 746 3717; x_wconf 83' lang='lat' dir='ltr'>sermonis</span> <span class='ocrx_word' id='word_1_324' title='bbox 791 3673 996 3730; x_wconf 85' lang='lat' dir='ltr'>scriptori</span> <span class='ocrx_word' id='word_1_325' title='bbox 1029 3684 1140 3715; x_wconf 80' lang='lat' dir='ltr'>con-</span> 
     </span>
    </p>
   </div>
   <div class='ocr_carea' id='block_1_9' title="bbox 1222 2360 2103 3714">
    <p class='ocr_par' dir='ltr' id='par_1_10' title="bbox 1223 2360 2103 3000">
     <span class='ocr_line' id='line_1_51' title="bbox 1225 2360 2103 2417; baseline -0.003 -11"><span class='ocrx_word' id='word_1_326' title='bbox 1225 2365 1376 2407; x_wconf 87' lang='lat' dir='ltr'>veniat</span> <span class='ocrx_word' id='word_1_327' title='bbox 1438 2363 1631 2406; x_wconf 86' lang='lat' dir='ltr'>ostendit</span> <span class='ocrx_word' id='word_1_328' title='bbox 1690 2362 1924 2406; x_wconf 80' lang='lat' dir='ltr'>Sallustius</span> <span class='ocrx_word' id='word_1_329' title='bbox 1988 2360 2103 2417; x_wconf 84' lang='lat' dir='ltr'>apud</span> 
     </span>
     <span class='ocr_line' id='line_1_52' title="bbox 1227 2421 2102 2477; baseline -0.003 -11"><span class='ocrx_word' id='word_1_330' title='bbox 1227 2423 1517 2467; x_wconf 88' lang='lat' dir='ltr'>Scholiastam</span> <span class='ocrx_word' id='word_1_331' title='bbox 1534 2422 1755 2465; x_wconf 87' lang='lat' dir='ltr'>Iuvenalis</span> <span class='ocrx_word' id='word_1_332' title='bbox 1776 2421 1836 2464; x_wconf 88' lang='lat' dir='ltr'>lv</span> <span class='ocrx_word' id='word_1_333' title='bbox 1853 2421 1938 2466; x_wconf 80' lang='lat'>42:</span> <span class='ocrx_word' id='word_1_334' title='bbox 1959 2422 2102 2477; x_wconf 80' lang='lat' dir='ltr'>itaque</span> 
     </span>
     <span class='ocr_line' id='line_1_53' title="bbox 1229 2481 2100 2540; baseline -0.005 -14"><span class='ocrx_word' id='word_1_335' title='bbox 1229 2491 1472 2540; x_wconf 85' lang='lat' dir='ltr'>tempestate</span> <span class='ocrx_word' id='word_1_336' title='bbox 1505 2485 1687 2540; x_wconf 82' lang='lat' dir='ltr'>piscium</span> <span class='ocrx_word' id='word_1_337' title='bbox 1704 2483 1768 2524; x_wconf 81' lang='lat' dir='ltr'>vis</span> <span class='ocrx_word' id='word_1_338' title='bbox 1791 2481 1925 2524; x_wconf 82' lang='lat' dir='ltr'>Ponto</span> <span class='ocrx_word' id='word_1_339' title='bbox 1947 2481 2100 2537; x_wconf 79' lang='lat' dir='ltr'>erupit.</span> 
     </span>
     <span class='ocr_line' id='line_1_54' title="bbox 1226 2541 2100 2597; baseline -0.003 -12"><span class='ocrx_word' id='word_1_340' title='bbox 1226 2544 1365 2585; x_wconf 88' lang='lat' dir='ltr'>Vetus</span> <span class='ocrx_word' id='word_1_341' title='bbox 1411 2543 1544 2585; x_wconf 90' lang='lat' dir='ltr'>lectio</span> <span class='ocrx_word' id='word_1_342' title='bbox 1591 2548 1657 2584; x_wconf 90' lang='lat' dir='ltr'>est</span> <span class='ocrx_word' id='word_1_343' title='bbox 1697 2543 1745 2583; x_wconf 91' lang='lat' dir='ltr'>in</span> <span class='ocrx_word' id='word_1_344' title='bbox 1792 2541 2100 2597; x_wconf 80' lang='lat' dir='ltr'>Metapontum,</span> 
     </span>
     <span class='ocr_line' id='line_1_55' title="bbox 1224 2599 2101 2654; baseline -0.005 -11"><span class='ocrx_word' id='word_1_345' title='bbox 1224 2603 1341 2643; x_wconf 86' lang='lat' dir='ltr'>unde</span> <span class='ocrx_word' id='word_1_346' title='bbox 1363 2601 1600 2643; x_wconf 89' lang='lat' dir='ltr'>Rhenanus</span> <span class='ocrx_word' id='word_1_347' title='bbox 1636 2602 1683 2643; x_wconf 90' lang='lat' dir='ltr'>in</span> <span class='ocrx_word' id='word_1_348' title='bbox 1709 2600 1902 2651; x_wconf 84' lang='lat' dir='ltr'>Pontum,</span> <span class='ocrx_word' id='word_1_349' title='bbox 1926 2599 2101 2654; x_wconf 79' lang='lat' dir='ltr'>Lipsius</span> 
     </span>
     <span class='ocr_line' id='line_1_56' title="bbox 1223 2658 2101 2713; baseline -0.003 -11"><span class='ocrx_word' id='word_1_350' title='bbox 1223 2662 1456 2702; x_wconf 79' lang='lat' dir='ltr'>innumera</span> <span class='ocrx_word' id='word_1_351' title='bbox 1484 2661 1675 2713; x_wconf 82' lang='lat' dir='ltr'>Pontum,</span> <span class='ocrx_word' id='word_1_352' title='bbox 1708 2658 1934 2701; x_wconf 87' lang='lat' dir='ltr'>Broterius</span> <span class='ocrx_word' id='word_1_353' title='bbox 1965 2659 2101 2700; x_wconf 79' lang='lat' dir='ltr'>innu-</span> 
     </span>
     <span class='ocr_line' id='line_1_57' title="bbox 1223 2717 2099 2773; baseline -0.005 -11"><span class='ocrx_word' id='word_1_354' title='bbox 1223 2734 1345 2762; x_wconf 84' lang='lat' dir='ltr'>mera</span> <span class='ocrx_word' id='word_1_355' title='bbox 1377 2719 1510 2761; x_wconf 88' lang='lat' dir='ltr'>Ponto</span> <span class='ocrx_word' id='word_1_356' title='bbox 1544 2719 1667 2761; x_wconf 81' lang='lat' dir='ltr'>fecit.</span> <span class='ocrx_word' id='word_1_357' title='bbox 1717 2717 1842 2761; x_wconf 87' lang='lat' dir='ltr'>Nunc</span> <span class='ocrx_word' id='word_1_358' title='bbox 1867 2723 2099 2773; x_wconf 83' lang='lat' dir='ltr'>utrumque</span> 
     </span>
     <span class='ocr_line' id='line_1_58' title="bbox 1224 2776 2099 2834; baseline -0.003 -13"><span class='ocrx_word' id='word_1_359' title='bbox 1224 2780 1327 2822; x_wconf 92' lang='lat' dir='ltr'>litus</span> <span class='ocrx_word' id='word_1_360' title='bbox 1359 2778 1555 2834; x_wconf 85' lang='lat' dir='ltr'>piscibus</span> <span class='ocrx_word' id='word_1_361' title='bbox 1586 2777 1791 2821; x_wconf 83' lang='lat' dir='ltr'>abundat.</span> <span class='ocrx_word' id='word_1_362' title='bbox 1917 2776 2099 2820; x_wconf 73' lang='lat' dir='ltr'>Thracio</span> 
     </span>
     <span class='ocr_line' id='line_1_59' title="bbox 1225 2835 2100 2896; baseline -0.003 -15"><span class='ocrx_word' id='word_1_363' title='bbox 1225 2840 1557 2896; x_wconf 85' lang='lat' dir='ltr'>Bosporanoque</span> <span class='ocrx_word' id='word_1_364' title='bbox 1596 2838 1731 2880; x_wconf 78' lang='lat' dir='ltr'>bello:</span> <span class='ocrx_word' id='word_1_365' title='bbox 1775 2841 1876 2879; x_wconf 79' lang='lat' dir='ltr'>sunt</span> <span class='ocrx_word' id='word_1_366' title='bbox 1923 2835 2042 2878; x_wconf 82' lang='lat' dir='ltr'>bella</span> <span class='ocrx_word' id='word_1_367' title='bbox 2074 2849 2100 2878; x_wconf 82' lang='lat' dir='ltr'>a</span> 
     </span>
     <span class='ocr_line' id='line_1_60' title="bbox 1223 2893 2099 2950; baseline -0.005 -9"><span class='ocrx_word' id='word_1_368' title='bbox 1223 2899 1371 2941; x_wconf 85' lang='lat' dir='ltr'>Tacito</span> <span class='ocrx_word' id='word_1_369' title='bbox 1403 2904 1577 2940; x_wconf 88' lang='lat' dir='ltr'>narrata</span> <span class='ocrx_word' id='word_1_370' title='bbox 1596 2898 1654 2940; x_wconf 93' lang='lat' dir='ltr'>lV</span> <span class='ocrx_word' id='word_1_371' title='bbox 1683 2896 1758 2950; x_wconf 85' lang='lat'>46,</span> <span class='ocrx_word' id='word_1_372' title='bbox 1791 2894 1868 2940; x_wconf 87' lang='lat' dir='ltr'>XII</span> <span class='ocrx_word' id='word_1_373' title='bbox 1902 2896 1971 2940; x_wconf 87' lang='grc'>15.</span> <span class='ocrx_word' id='word_1_374' title='bbox 2032 2893 2099 2937; x_wconf 84' lang='lat' dir='ltr'>De</span> 
     </span>
     <span class='ocr_line' id='line_1_61' title="bbox 1223 2953 2097 3000; baseline -0.002 0"><span class='ocrx_word' id='word_1_375' title='bbox 1223 2959 1362 3000; x_wconf 84' lang='lat' dir='ltr'>forma</span> <span class='ocrx_word' id='word_1_376' title='bbox 1392 2958 1573 2999; x_wconf 78' lang='lat' dir='ltr'>Thracio</span> <span class='ocrx_word' id='word_1_377' title='bbox 1606 2957 1663 2999; x_wconf 82' lang='lat' dir='ltr'>cf.</span> <span class='ocrx_word' id='word_1_378' title='bbox 1693 2962 1841 2999; x_wconf 88' lang='lat' dir='ltr'>annot.</span> <span class='ocrx_word' id='word_1_379' title='bbox 1874 2954 1927 2997; x_wconf 82' lang='lat' dir='ltr'>ad</span> <span class='ocrx_word' id='word_1_380' title='bbox 1956 2953 1995 2997; x_wconf 86' lang='lat'>11</span> <span class='ocrx_word' id='word_1_381' title='bbox 2025 2954 2097 2998; x_wconf 79' lang='lat'>54.</span> 
     </span>
    </p>

    <p class='ocr_par' dir='ltr' id='par_1_11' title="bbox 1222 3012 2099 3714">
     <span class='ocr_line' id='line_1_62' title="bbox 1303 3012 2099 3071; baseline -0.006 -12"><span class='ocrx_word' id='word_1_382' title='bbox 1303 3016 1407 3071; x_wconf 85' lang='lat' dir='ltr'>Cap.</span> <span class='ocrx_word' id='word_1_383' title='bbox 1442 3017 1514 3059; x_wconf 88' lang='grc'><strong>64.</strong></span> <span class='ocrx_word' id='word_1_384' title='bbox 1579 3017 1640 3059; x_wconf 84' lang='grc' dir='ltr'><strong>Μ.</strong></span> <span class='ocrx_word' id='word_1_385' title='bbox 1668 3015 1820 3058; x_wconf 83' lang='lat' dir='ltr'>Asinio</span> <span class='ocrx_word' id='word_1_386' title='bbox 1841 3013 1903 3057; x_wconf 93' lang='lat' dir='ltr'>M.</span> <span class='ocrx_word' id='word_1_387' title='bbox 1928 3012 2099 3056; x_wconf 78' lang='lat' dir='ltr'>Acilio:</span> 
     </span>
     <span class='ocr_line' id='line_1_63' title="bbox 1222 3072 2098 3119; baseline -0.006 -1"><span class='ocrx_word' id='word_1_388' title='bbox 1222 3077 1268 3118; x_wconf 91' lang='lat' dir='ltr'>in</span> <span class='ocrx_word' id='word_1_389' title='bbox 1300 3076 1413 3119; x_wconf 90' lang='lat' dir='ltr'>libro</span> <span class='ocrx_word' id='word_1_390' title='bbox 1438 3074 1504 3117; x_wconf 79' lang='lat' dir='ltr'>Ma</span> <span class='ocrx_word' id='word_1_391' title='bbox 1531 3089 1585 3117; x_wconf 84' lang='lat' dir='ltr'>ex</span> <span class='ocrx_word' id='word_1_392' title='bbox 1619 3075 1757 3117; x_wconf 86' lang='lat' dir='ltr'>altero</span> <span class='ocrx_word' id='word_1_393' title='bbox 1781 3074 1958 3116; x_wconf 85' lang='lat' dir='ltr'>nomine</span> <span class='ocrx_word' id='word_1_394' title='bbox 1986 3072 2098 3114; x_wconf 82' lang='lat' dir='ltr'>duae</span> 
     </span>
     <span class='ocr_line' id='line_1_64' title="bbox 1224 3134 2099 3189; baseline -0.003 -12"><span class='ocrx_word' id='word_1_395' title='bbox 1224 3135 1397 3178; x_wconf 87' lang='lat' dir='ltr'>litterae</span> <span class='ocrx_word' id='word_1_396' title='bbox 1431 3135 1566 3189; x_wconf 83' lang='lat' dir='ltr'>priori</span> <span class='ocrx_word' id='word_1_397' title='bbox 1599 3134 1818 3177; x_wconf 81' lang='lat' dir='ltr'>admixtae</span> <span class='ocrx_word' id='word_1_398' title='bbox 1848 3137 1971 3186; x_wconf 76' lang='lat' dir='ltr'>sunit,</span> <span class='ocrx_word' id='word_1_399' title='bbox 2019 3145 2099 3174; x_wconf 86' lang='lat' dir='ltr'>ce-</span> 
     </span>
     <span class='ocr_line' id='line_1_65' title="bbox 1223 3190 2099 3238; baseline -0.005 -2"><span class='ocrx_word' id='word_1_400' title='bbox 1223 3201 1318 3238; x_wconf 82' lang='lat' dir='ltr'>tera</span> <span class='ocrx_word' id='word_1_401' title='bbox 1363 3200 1484 3237; x_wconf 87' lang='lat' dir='ltr'>recte</span> <span class='ocrx_word' id='word_1_402' title='bbox 1532 3207 1580 3236; x_wconf 90' lang='lat' dir='ltr'>se</span> <span class='ocrx_word' id='word_1_403' title='bbox 1629 3193 1805 3236; x_wconf 88' lang='lat' dir='ltr'>habent.</span> <span class='ocrx_word' id='word_1_404' title='bbox 1867 3191 1972 3234; x_wconf 87' lang='lat' dir='ltr'>Nam</span> <span class='ocrx_word' id='word_1_405' title='bbox 2018 3190 2099 3232; x_wconf 82' lang='lat' dir='ltr'>illa</span> 
     </span>
     <span class='ocr_line' id='line_1_66' title="bbox 1222 3248 2098 3297; baseline -0.008 0"><span class='ocrx_word' id='word_1_406' title='bbox 1222 3255 1439 3297; x_wconf 83' lang='lat' dir='ltr'>masilinio</span> <span class='ocrx_word' id='word_1_407' title='bbox 1482 3253 1655 3296; x_wconf 81' lang='lat' dir='ltr'>macilio</span> <span class='ocrx_word' id='word_1_408' title='bbox 1698 3254 1761 3295; x_wconf 91' lang='lat' dir='ltr'>sic</span> <span class='ocrx_word' id='word_1_409' title='bbox 1801 3250 1984 3294; x_wconf 79' lang='lat' dir='ltr'>dissolvi</span> <span class='ocrx_word' id='word_1_410' title='bbox 2016 3248 2098 3291; x_wconf 85' lang='lat' dir='ltr'>de-</span> 
     </span>
     <span class='ocr_line' id='line_1_67' title="bbox 1223 3308 2094 3369; baseline -0.007 -13"><span class='ocrx_word' id='word_1_411' title='bbox 1223 3314 1359 3357; x_wconf 90' lang='lat' dir='ltr'>bent:</span> <span class='ocrx_word' id='word_1_412' title='bbox 1421 3314 1482 3356; x_wconf 90' lang='lat' dir='ltr'>M.</span> <span class='ocrx_word' id='word_1_413' title='bbox 1531 3312 1764 3369; x_wconf 74' lang='lat' dir='ltr'>Asi[lt]nio</span> <span class='ocrx_word' id='word_1_414' title='bbox 1827 3311 1890 3354; x_wconf 84' lang='lat' dir='ltr'>M.</span> <span class='ocrx_word' id='word_1_415' title='bbox 1937 3308 2094 3352; x_wconf 81' lang='lat' dir='ltr'>Acilio.</span> 
     </span>
     <span class='ocr_line' id='line_1_68' title="bbox 1225 3367 2095 3418; baseline -0.011 -1"><span class='ocrx_word' id='word_1_416' title='bbox 1225 3374 1462 3418; x_wconf 90' lang='lat' dir='ltr'>Suetonius</span> <span class='ocrx_word' id='word_1_417' title='bbox 1478 3371 1630 3415; x_wconf 88' lang='lat' dir='ltr'>Claud.</span> <span class='ocrx_word' id='word_1_418' title='bbox 1653 3372 1735 3414; x_wconf 77' lang='lat'>45:</span> <span class='ocrx_word' id='word_1_419' title='bbox 1770 3370 1949 3413; x_wconf 71' lang='lat' dir='ltr'>excessit</span> <span class='ocrx_word' id='word_1_420' title='bbox 1971 3367 2095 3410; x_wconf 82' lang='lat' dir='ltr'>tertio</span> 
     </span>
     <span class='ocr_line' id='line_1_69' title="bbox 1223 3423 2094 3484; baseline -0.011 -9"><span class='ocrx_word' id='word_1_421' title='bbox 1223 3434 1319 3475; x_wconf 83' lang='lat' dir='ltr'>idus</span> <span class='ocrx_word' id='word_1_422' title='bbox 1333 3432 1542 3484; x_wconf 83' lang='lat' dir='ltr'>Octobris,</span> <span class='ocrx_word' id='word_1_423' title='bbox 1563 3432 1714 3474; x_wconf 79' lang='lat' dir='ltr'>Asinio</span> <span class='ocrx_word' id='word_1_424' title='bbox 1729 3427 1940 3473; x_wconf 81' lang='lat' dir='ltr'>Marcello</span> <span class='ocrx_word' id='word_1_425' title='bbox 1954 3423 2094 3468; x_wconf 79' lang='lat' dir='ltr'>Acilio</span> 
     </span>
     <span class='ocr_line' id='line_1_70' title="bbox 1222 3486 2094 3542; baseline -0.013 -7"><span class='ocrx_word' id='word_1_426' title='bbox 1222 3492 1380 3535; x_wconf 78' lang='lat' dir='ltr'>Aviola</span> <span class='ocrx_word' id='word_1_427' title='bbox 1394 3491 1650 3533; x_wconf 84' lang='lat' dir='ltr'>consulibus.</span> <span class='ocrx_word' id='word_1_428' title='bbox 1671 3488 1795 3542; x_wconf 87' lang='lat' dir='ltr'>Quod</span> <span class='ocrx_word' id='word_1_429' title='bbox 1810 3486 1954 3530; x_wconf 80' lang='lat' dir='ltr'>Manii</span> <span class='ocrx_word' id='word_1_430' title='bbox 1962 3495 2094 3539; x_wconf 73' lang='lat' dir='ltr'>prae-</span> 
     </span>
     <span class='ocr_line' id='line_1_71' title="bbox 1224 3542 2095 3594; baseline -0.016 0"><span class='ocrx_word' id='word_1_431' title='bbox 1224 3565 1383 3594; x_wconf 89' lang='lat' dir='ltr'>nomen</span> <span class='ocrx_word' id='word_1_432' title='bbox 1415 3550 1571 3593; x_wconf 87' lang='lat' dir='ltr'>Aciliis</span> <span class='ocrx_word' id='word_1_433' title='bbox 1612 3549 1750 3591; x_wconf 84' lang='lat' dir='ltr'>libera</span> <span class='ocrx_word' id='word_1_434' title='bbox 1790 3547 1968 3588; x_wconf 80' lang='lat' dir='ltr'>civitate</span> <span class='ocrx_word' id='word_1_435' title='bbox 1999 3542 2095 3585; x_wconf 78' lang='lat' dir='ltr'>fre..</span> 
     </span>
     <span class='ocr_line' id='line_1_72' title="bbox 1225 3602 2095 3667; baseline -0.011 -13"><span class='ocrx_word' id='word_1_436' title='bbox 1225 3625 1363 3667; x_wconf 89' lang='lat' dir='ltr'>quens</span> <span class='ocrx_word' id='word_1_437' title='bbox 1396 3610 1502 3662; x_wconf 86' lang='lat' dir='ltr'>fuit,</span> <span class='ocrx_word' id='word_1_438' title='bbox 1549 3608 1650 3651; x_wconf 85' lang='lat' dir='ltr'>inde</span> <span class='ocrx_word' id='word_1_439' title='bbox 1690 3619 1777 3648; x_wconf 90' lang='lat' dir='ltr'>non</span> <span class='ocrx_word' id='word_1_440' title='bbox 1811 3602 2095 3659; x_wconf 79' lang='lat' dir='ltr'>consequitur</span> 
     </span>
     <span class='ocr_line' id='line_1_73' title="bbox 1224 3662 2092 3714; baseline -0.005 -1"><span class='ocrx_word' id='word_1_441' title='bbox 1224 3670 1339 3714; x_wconf 88' lang='lat' dir='ltr'>idem</span> <span class='ocrx_word' id='word_1_442' title='bbox 1356 3669 1459 3712; x_wconf 90' lang='lat' dir='ltr'>huic</span> <span class='ocrx_word' id='word_1_443' title='bbox 1474 3667 1643 3713; x_wconf 86' lang='lat' dir='ltr'>consuli</span> <span class='ocrx_word' id='word_1_444' title='bbox 1656 3662 1962 3710; x_wconf 80' lang='lat' dir='ltr'>vindicandum</span> <span class='ocrx_word' id='word_1_445' title='bbox 1976 3674 2092 3709; x_wconf 75' lang='lat' dir='ltr'>esso.</span> 
     </span>
    </p>
   </div>
  </div>
 </body>
</html>
