2280 4004
219 293 245 329 α
275 281 325 328 G.
361 283 430 329 19.

218 428 314 480 bus
355 426 570 480 infernis
611 425 823 479 sacrari.

137 527 206 575 70
220 518 510 571 valitudinis
548 518 765 571 adversa
803 517 1060 569 rimanteS.

222 626 369 678 quam
404 626 495 677 per
531 615 713 661 metum
748 614 972 676 accepta.

810 278 974 324 LIBER
1002 277 1054 323 11.
1089 277 1196 324 Cn.
1227 278 1419 324 68-71,

1960 278 2044 322 151

898 425 1054 479 Simul
1103 423 1245 477 missi
1291 441 1320 475 a
1356 423 1538 476 Pisone
1583 417 1948 476 incusabantur
1992 429 2047 475 ut

1134 515 1206 568 Ea
1245 515 1548 567 Germanico
1589 515 1725 566 haud
1765 515 1929 567 minus
1969 515 2046 567 ira

1047 608 1100 662 Si
1139 608 1291 660 limen
1327 607 1665 672 obsideretur,
1704 608 1749 658 si
1776 606 2048 659 effunden-

221 702 316 754 dus
357 702 559 768 spiritus
595 701 688 752 sub
731 700 892 752 oculis
926 700 1245 751 inimicorum
1288 699 1436 764 foret,
1479 698 1599 765 quid
1635 698 1822 751 deinde
1858 699 2047 750 miser-

221 794 379 847 rimae
408 792 630 859 coniugi,
655 791 775 858 quid
805 792 1079 843 infantibus
1113 791 1289 843 liberis
1324 791 1655 842 eventurum?
1691 793 1847 843 Lenta
1879 790 2085 843 videris

219 884 492 938 veneficia:
565 883 807 935 festinare
861 887 910 933 et
945 897 1160 950 urgere,
1203 886 1266 947 ,ut
1314 882 1665 962 provinciam,
1722 887 1776 932 ut
1813 881 2046 950 legiones

218 976 358 1028 solus
404 975 603 1028 habeat.

699 974 800 1028 Sed
865 988 968 1025 non
1030 988 1190 1039 usque
1240 988 1301 1024 eo
1365 973 1616 1025 defectum
1673 973 2045 1037 Germanicum,

217 1047 382 1133 neque
412 1065 637 1133 praemia
668 1065 840 1116 caedis
867 1064 997 1131 apud
1035 1064 1417 1116 interfectorem
1450 1078 1703 1115 mansura.
1781 1064 2048 1130 Componit

216 1157 456 1224 epistulas
497 1158 607 1224 quis
639 1156 910 1208 amicitiam
943 1156 990 1207 ei
1021 1155 1357 1207 renuntiabat.

989 1247 1095 1299 Nec
1119 1247 1232 1298 Piso
1262 1250 1486 1297 moratus
1518 1246 1648 1297 ultra
1686 1246 1830 1297 navis
1872 1246 2023 1298 solvit
2034 1265 2047 1310 3
2067 1261 2113 1297 to

216 1264 324 1302 sum
353 1249 615 1316 provincia
645 1248 915 1300 decedere.

1430 1152 1638 1205 Addunt
1672 1154 1902 1220 plerique
1939 1154 2050 1206 ius-

214 1338 925 1422 ‘an-od-erabaturtfliemcursui,
984 1353 1082 1404 quo
1107 1337 1338 1404 'propius
1378 1336 1770 1404 regrederetur,
1829 1336 1873 1387 si
1912 1351 2048 1387 mors

135 1441 200 1490 71
222 1432 509 1485 Germanici
565 1430 763 1498 Syriam
814 1429 1113 1496 aperuisset.

1232 1429 1420 1480 Caesar
1472 1426 1730 1493 paulisper
1791 1427 1854 1479 ad
1910 1442 2049 1494 spem

218 1530 434 1588 erectuS,
476 1523 594 1574 dein
630 1522 768 1574 fesso
802 1536 1035 1587 corpore,
1075 1520 1160 1571 ubi
1197 1520 1310 1570 finis
1347 1519 1539 1583 aderat,
1581 1518 1886 1571 adsistentes
1923 1519 2053 1570 ami-

219 1631 310 1667 cos
347 1616 399 1666 in
435 1615 568 1666 hunc
605 1613 807 1665 modum
844 1611 1154 1678 adloquitur:
1202 1608 1267 1662 ‘si
1303 1610 1407 1661 fato
1459 1610 1830 1674 concederem,
1889 1609 2050 1661 iustus

219 1706 340 1757 mihi
381 1704 529 1757 dolor
571 1704 719 1756 etiam
762 1702 1006 1755 adversus
1058 1702 1183 1753 deos
1222 1706 1381 1765 esset,
1446 1701 1582 1767 quod
1625 1717 1706 1752 me
1747 1700 2044 1767 parentibus
2070 1717 2114 1753 15

218 1796 391 1848 liberis
447 1795 641 1862 patriae
701 1794 832 1846 intra
896 1794 1151 1844 iuventam
1211 1796 1532 1858 praematuro
1597 1791 1735 1844 exitu
1790 1797 2044 1857 raperent.

218 1890 361 1943 Nunc
398 1888 595 1941 scelere
636 1886 833 1938 Pisonis
883 1889 933 1936 et
971 1883 1241 1936 Plancinae
1287 1883 1595 1949 interceptus
1632 1882 1832 1933 ultimas
1866 1896 2049 1948 preces

222 1979 512 2046 pectoribus
548 1977 731 2029 vestris
769 1976 1033 2041 relinquo:
1097 1963 1334 2026 referatis
1384 1973 1513 2039 patri
1563 1986 1624 2023 ac
1673 1972 1817 2025 fratri
1872 1972 2052 2038 quibus

226 2069 585 2123 acerbitatibus
621 2068 960 2132 dilaceratuS,
1002 2066 1182 2132 quibus
1221 2064 1421 2137 insidiis
1462 2065 1836 2115 circumventus
1870 2064 2055 2115 miser-

337 2224 380 2266 8.
402 2231 503 2279 aput
522 2223 574 2266 Μ.

226 2283 293 2328 18.
324 2284 434 2339 satri
462 2284 516 2326 Μ.
605 2282 673 2327 19.
707 2281 876 2326 accerb.
910 2281 965 2323 M.

219 2428 271 2469 Α.
305 2425 471 2469 Titulos
509 2439 563 2468 ex
595 2425 752 2468 tabulis
792 2426 886 2468 sive
918 2424 1090 2467 laminis

220 2486 457 2542 plumbeis,
513 2485 712 2528 abiectae
767 2485 1090 2541 superstitionis

219 2546 506 2598 documentis,
520 2545 760 2600 descriptos
777 2545 964 2602 legimus
978 2544 1092 2599 apud

219 2605 491 2648 Boeckhium
523 2603 651 2659 Corp.
698 2604 898 2659 inscript.
933 2604 1086 2646 Graec.

220 2672 322 2707 tom.
358 2664 375 2706 1
411 2678 453 2706 n.
489 2664 575 2706 538
608 2670 651 2706 et
682 2663 792 2717 5393
828 2664 883 2706 cf.
918 2663 1091 2705 Franzii

220 2723 694 2779 Elem.Epigraphices
727 2723 797 2765 Gr.
830 2736 872 2777 p.
912 2723 996 2766 168
1027 2735 1090 2777 sq.

201 2800 210 2831 t
306 2783 477 2824 semusti
495 2783 684 2824 cineres:
705 2781 929 2838 ‘intellige
951 2794 1092 2823 mem-

205 2834 298 2896 §bra
330 2840 586 2883 cadaverum
629 2855 684 2883 ex
722 2843 826 2897 igne
857 2847 980 2895 rapta
1010 2853 1092 2881 an-

205 2902 394 2956 }tequam
430 2899 811 2953 comburerentur;
857 2899 958 2941 hinc
992 2899 1091 2940 tabo

223 2956 388 3001 oblita’.
450 2959 745 3000 Wurnsnus.

310 3017 406 3058 tabo
439 3016 583 3058 obliti.-
628 3017 801 3072 Lipsius
834 3031 937 3060 vere
971 3030 1093 3060 com-

223 3076 445 3118 mendavit
475 3076 600 3128 tab03
633 3077 776 3119 tabum
808 3078 923 3120 enim
952 3077 1095 3133 liquor

224 3140 452 3190 corruptus
494 3141 560 3178 est
601 3141 644 3178 et
685 3136 902 3190 infectus,
957 3136 1095 3178 veluti

223 3195 368 3236 sanies
401 3200 445 3237 et
474 3197 653 3251 sanguis
674 3196 958 3250 putrefactus,
983 3197 1099 3237 tabes

225 3252 399 3294 morbus
417 3253 491 3308 qui
514 3253 741 3296 tabescere
760 3255 880 3297 facit.
904 3254 954 3296 Η.
968 3254 1096 3298 1170:

224 3311 388 3366 insecta
437 3311 532 3352 tabo
581 3312 742 3354 humus.
806 3313 857 3356 Π.
907 3312 964 3354 ΙΙΙ
1010 3314 1096 3355 35:

224 3371 358 3411 noxia
389 3369 485 3411 tabo
516 3369 680 3412 humus.
733 3370 882 3414 Tabam
901 3372 1095 3412 morbum

224 3428 396 3470 Tacitus
430 3427 561 3470 babet
592 3428 609 3469 1
641 3430 712 3479 53,
746 3429 800 3470 xl
831 3430 874 3482 6,
914 3429 989 3471 Xll
1022 3432 1094 3481 50,

225 3487 277 3531 H.
310 3486 327 3528 Ῑ
358 3487 439 3539 26,
473 3486 534 3529 IV
565 3487 645 3539 81,
693 3487 728 3528 V
761 3488 802 3530 3.
861 3509 871 3519 ν
923 3488 1095 3542 aliaque

224 3545 462 3600 maleficia.-
506 3546 548 3587 h.
583 3560 622 3588 e.
666 3546 840 3602 aliaque
871 3546 986 3588 male
1017 3545 1096 3588 ad-

227 3603 389 3658 hibim
442 3617 530 3649 vox
575 3605 794 3661 malefica,
854 3611 900 3647 ut
943 3612 1010 3648 est
1052 3607 1096 3649 in

230 3663 397 3719 codice,
416 3665 686 3723 significaret
705 3666 986 3711 tentamentis
1007 3664 1096 3710 illis

645 2224 711 2267 lo.
746 2222 861 2279 Piso]
897 2223 987 2277 ipso
1003 2222 1057 2264 Μ.
1120 2226 1312 2263 maratus
1328 2219 1383 2262 M.

1453 2220 1519 2262 11.
1556 2233 1634 2274 quo
1653 2219 1856 2274 Lipsius:
1889 2218 1928 2261 Μ
1962 2219 2050 2274 qui.

1176 2424 1265 2464 vim
1278 2421 1519 2464 maleficam
1534 2426 1576 2464 et
1590 2422 1880 2476 perniciosam
1900 2421 2052 2474 fuisse,

1177 2482 1309 2537 idque
1341 2481 1534 2523 Tacitum
1567 2493 1811 2537 agnoscere
1850 2493 1937 2521 non
1969 2494 2053 2523 vo-

1176 2541 1313 2584 luisse
1344 2547 1465 2583 recte
1497 2543 1666 2582 monuit
1697 2539 1904 2582 Orellius.

1265 2598 1371 2655 Cap.
1409 2601 1480 2644 70.
1543 2599 1660 2642 haud
1678 2601 1817 2641 minus
1835 2602 1908 2641 ira
1930 2612 2055 2654 quam

1172 2674 1253 2716 per
1283 2667 1462 2702 metum.-
1496 2659 1767 2702 irascebatur
1790 2659 1846 2701 ob
1871 2673 1923 2701 ea
1943 2670 2055 2714 quae

1178 2720 1280 2761 Piso
1334 2720 1553 2774 amicique
1603 2721 1649 2760 in
1701 2732 1749 2760 se
1796 2720 1890 2761 ausi
1939 2725 2053 2770 sunt,

1178 2779 1361 2821 timebat
1393 2780 1574 2835 coniugi
1605 2784 1649 2820 et
1672 2777 1839 2831 liberis,
1873 2790 1981 2833 quos
2006 2790 2054 2819 se

1181 2838 1375 2881 extincto
1389 2837 1560 2880 Pisonis
1572 2837 1806 2892 superbiae
1830 2838 2054 2893 expositos

1179 2898 1322 2939 animo
1354 2897 1652 2952 praevidebat.

1263 2958 1648 3012 moderabaturque
1658 2956 1804 2999 cursui
1815 2980 1870 2988 —-
1880 2956 2056 3011 Syriam

1179 3018 1446 3072 aperuisset.-
1496 3016 1581 3058 hoc
1614 3022 1679 3059 est
1711 3017 1886 3058 tertium
1920 3027 2055 3070 argu-

1182 3082 1372 3118 mentum
1406 3076 1619 3132 quoddam
1654 3076 1767 3131 (vid.
1802 3074 1855 3116 ad
1888 3088 1925 3116 c.
1958 3074 2054 3129 69),

1185 3135 1298 3178 unde
1330 3136 1522 3189 suspicio
1557 3147 1729 3176 veneno
1776 3133 1976 3174 Pisonem
2011 3134 2054 3172 in

1185 3194 1486 3236 Germanicum
1529 3199 1770 3249 grassatum
1813 3204 1925 3232 esse.
1988 3190 2055 3231 De

1183 3253 1566 3306 moderabaturque
1606 3251 1756 3293 scribit
1795 3249 2052 3290 Ernestius:

1180 3311 1273 3365 ‘que
1306 3311 1348 3352 b.
1384 3311 1412 3352 1.
1447 3310 1672 3352 commode
1715 3310 1860 3362 capias
1894 3307 2053 3348 adver-

1180 3371 1345 3419 sative,
1391 3381 1468 3423 pro
1520 3367 1623 3409 sed'.
1683 3365 1954 3408 Adversandi
1988 3367 2054 3407 vis

1182 3440 1267 3468 non
1303 3430 1416 3469 inest
1450 3429 1491 3468 in
1517 3427 1842 3478 coniunctione,
1876 3427 1988 3468 inest
2011 3426 2054 3466 in

1183 3489 1275 3541 ipsa
1306 3486 1429 3528 verbi
1463 3487 1658 3527 notione.

1272 3544 1376 3600 Cap.
1412 3545 1481 3588 71.
1539 3544 1817 3602 parentibus.-
1852 3547 2055 3598 parentes

1182 3605 1532 3649 dicitAntoniam
1548 3611 1727 3648 matrem
1749 3610 1792 3645 et
1813 3603 2055 3658 principem

1180 3669 1347 3720 patrem
1399 3663 1684 3720 adoptivum,
1735 3674 1864 3719 quem
1911 3663 2054 3706 statim
