2222 4022
957 273 1104 316 GArvr
1135 274 1268 318 8—9.
1942 277 2063 321 XVII

232 416 340 467 dem
375 415 547 475 beatos
579 423 702 482 puto
741 417 918 483 quibus
959 418 1165 468 deorum
1200 434 1406 468 munere
1443 418 1611 468 datum
1651 424 1728 468 est
1765 423 1854 468 aut
1886 420 2063 485 facere

231 507 501 559 scribenda
567 514 656 558 (citt
728 507 955 558 scribere
1014 509 1250 574 leyenda,
1322 509 1639 560 beatissimos
1699 525 1824 560 vero
1883 510 2062 575 quibus

230 605 506 663 utrumque.
582 597 775 648 Horum
806 599 858 648 iu
891 615 1098 650 numero
1120 601 1402 650 avunculus
1435 617 1573 652 meus
1610 607 1656 651 et
1691 601 1797 651 suis
1838 600 1980 652 libris
2017 607 2065 652 et

229 689 327 739 tuis
370 689 477 739 erit.
555 687 665 749 Quo
696 688 927 739 libentius
957 688 1199 753 suscipio,
1233 690 1449 753 deposco
1490 690 1639 740 etiam
1667 690 1800 755 quod
1831 690 2063 756 iniuuqis.

227 779 361 835 Erat
386 778 570 830 Miseni
597 786 690 831 cet.
764 780 863 833 Sed
890 780 1090 831 Tacitus
1129 780 1418 832 indefessus
1458 782 1508 830 in
1540 781 1852 847 explorando
1883 782 2063 833 iterum

226 854 401 936 petivit
427 887 455 922 a
479 871 637 921 Plinio
670 876 739 935 ut,
766 876 1028 937 postquam
1063 872 1246 922 exitum
1277 872 1510 922 avunculi
1540 872 1810 940 diligenter
1836 875 2065 939 perscri-

224 962 340 1026 psit,
370 961 579 1027 amplius
621 961 839 1012 referret
861 976 986 1026 quos
1019 963 1126 1026 ipse
1166 967 1283 1012 tunc
1319 967 1478 1013 metus
1520 969 1568 1014 et
1597 963 1731 1014 vitae
1772 963 2064 1015 discrimina

225 1052 502 1120 pertulerit.
573 1052 759 1102 Plinius
798 1052 1062 1116 respondit
1105 1053 1174 1102 Vl·
1217 1054 1311 1104 20:
1366 1053 1447 1102 ais
1484 1058 1529 1101 te
1565 1053 1831 1103 adductum
1870 1054 2065 1119 litteris,

227 1157 356 1208 quas
379 1143 595 1208 exigenti
628 1142 716 1191 tibi
756 1142 815 1191 de
848 1147 1004 1191 morte
1036 1142 1275 1192 avunculi
1312 1143 1408 1193 mei
1427 1143 1631 1209 scripsi,
1673 1159 1857 1208 cupere
1881 1159 2067 1209 coquo-

226 1248 370 1284 scere
399 1249 524 1298 quos
570 1243 656 1298 ejqo
685 1232 868 1283 Miseni
895 1232 1096 1282 relictus
1117 1265 1178 1271 —-
1201 1248 1301 1282 uon
1328 1234 1488 1284 solum
1514 1240 1671 1284 metus
1706 1249 1883 1284 verum
1918 1235 2064 1284 etiam

232 1341 385 1376 casus
435 1324 729 1389 pertulerim
761 1330 790 1374 ¹.
881 1325 990 1375 Hoc
1042 1325 1318 1375 litterarum
1373 1326 1729 1377 commercium
1770 1326 2060 1377 Domitiano

235 1416 496 1482 principe,
561 1432 671 1466 cum
729 1416 864 1465 vitae
923 1420 971 1466 et
1032 1415 1280 1466 scelerum
1340 1415 1426 1465 fini
1487 1417 1746 1481 proximus
1804 1416 1848 1466 is
1908 1421 2060 1480 esset,

232 1507 467 1558 evenisse
516 1507 748 1572 equidem
800 1506 1049 1557 existimo.
1124 1507 1223 1558 Sed
1278 1512 1392 1572 post
1425 1507 1652 1558 occisum
1692 1523 1803 1558 eum
1841 1507 2063 1572 impera-

228 1603 391 1649 torem
426 1602 475 1648 et
526 1603 641 1648 ante
678 1598 840 1648 e‘ditas
878 1597 1127 1648 Historias
1171 1597 1304 1648 idem
1342 1598 1528 1648 Plinius
1572 1598 1633 1648 ad
1672 1598 1895 1648 Tacitum
1934 1597 2062 1648 haec

231 1688 434 1754 scripsit
480 1688 637 1754 Epist.
688 1687 781 1739 VII
823 1687 918 1739 33:
997 1702 1224 1753 auguror
1283 1703 1376 1737 nec
1436 1703 1513 1737 me
1572 1688 1709 1753 fallit
1777 1687 2062 1753 auyurium,

233 1776 490 1827 Historias
515 1782 534 1810 2
576 1783 690 1827 tuas
729 1771 1037 1828 immortales
1071 1777 1317 1843 futuras,·
1370 1792 1467 1841 quo
1503 1778 1664 1843 maqis
1696 1778 1798 1828 illis
1829 1779 2065 1845 (inqenue

226 1867 457 1938 fatebor)
493 1867 653 1919 inseri
688 1868 836 1933 cupio
926 1867 1057 1918 Nam
1109 1868 1155 1917 si
1208 1883 1318 1917 esse
1373 1867 1518 1918 nobis
1585 1885 1742 1919 curae
1793 1870 1947 1931 solet,
2011 1875 2067 1920 ut

227 1955 391 2023 facies
440 1962 620 2008 nostra
669 1957 733 2008 ab
784 1957 968 2021 optimo
1022 1972 1216 2022 quoque
1257 1957 1450 2022 artifice
1499 1960 1846 2024 eoeprimatur‚
1900 1976 2065 2011 nonne

232 2047 465 2099 debemus
501 2051 681 2113 optare
714 2052 769 2096 ut
800 2046 1038 2111 operibus
1073 2046 1251 2097 similis
1291 2047 1363 2095 tui
1396 2048 1618 2112 scriptor
1638 2050 2065 2115 praedicatorque

235 2138 528 2204 continqat?
595 2138 898 2188 Demonstro
931 2153 1077 2202 erqo,
1123 2150 1424 2202 quamquam
1460 2138 1762 2204 diliyentiam
1805 2146 1940 2190 tuam
1975 2141 2065 2206 fu-

228 2244 348 2294 yere
377 2243 478 2279 non
508 2227 703 2292 possit,
757 2243 868 2278 cum
903 2223 972 2277 sit
1005 2227 1056 2276 in
1090 2226 1313 2292 publicis
1351 2228 1508 2291 actis,
1545 2244 1641 2293 quo
1679 2230 1839 2296 maqis
1880 2230 2062 2281 credas

230 2318 500 2370 iucundum
531 2318 666 2381 mihi,
713 2317 762 2368 si
789 2318 980 2384 factum
1013 2333 1200 2382 meum,
1241 2318 1384 2369 cuius
1419 2319 1591 2385 qratia
1618 2321 1849 2384 periculo
1889 2321 2063 2385 crevit,

229 2414 314 2460 tuo
352 2409 565 2475 inqenio‚
605 2415 688 2458 tuo
727 2408 1005 2458 testimonio
1034 2409 1319 2459 ornaveris.
1395 2409 1645 2460 Continuo
1678 2416 1851 2462 narrat
1878 2412 2063 2462 factum

230 2517 402 2566 suurn,
461 2516 559 2567 quo
618 2501 710 2551 sub
767 2500 996 2565 principe
1058 2500 1346 2550 Domitiano
1409 2500 1651 2566 gloriam„
1683 2501 2060 2568 periculumque

233 2592 486 2656 subierat,
529 2596 577 2642 et
611 2591 784 2642 Tacito
825 2591 876 2640 in
910 2591 1148 2641 Historiis
1183 2591 1565 2641 memorandum
1606 2593 1940 2643 commendat.

182 2697 218 2743 9
399 2683 562 2734 Caeso
619 2681 906 2732 Domitiano
978 2682 1458 2746 quartumdecimum
1516 2681 1762 2734 kalendas
1822 2683 2060 2735 Octobris

235 2789 279 2824 a.
319 2772 417 2838 96,
491 2774 640 2824 etiam
701 2772 873 2822 Tacito
924 2777 1202 2838 temporum
1260 2773 1479 2824 miseriis
1532 2774 1759 2839 graviter
1809 2779 2060 2825 commoto

234 2864 388 2915 rediit
425 2864 636 2927 animus,
683 2868 731 2914 et
772 2863 1050 2913 beatissimi
1089 2864 1247 2914 seculi
1287 2869 1400 2914 ortu
1438 2864 1598 2915 laetus
1639 2864 2062 2932 confirmatusque

235 2954 333 3006 iam
373 2955 634 3006 indefesso
673 2954 839 3004 studio
878 2953 941 3004 ad
980 2954 1281 3006 immortalia
1336 2954 1532 3021 ingenii
1572 2970 1727 3020 opera
1766 2971 1870 3007 non
1908 2957 2061 3008 modo

313 3182 350 3223 1.
384 3180 504 3222 Haec
525 3179 703 3222 aPlinio
725 3186 898 3222 narrata
916 3182 1110 3234 respexit
1281 3185 1323 3227 2.
1362 3183 1530 3225 Nomen
1553 3184 1767 3224 Historias
1788 3184 1951 3224 maiore
1984 3182 2062 3223 lit-

238 3238 441 3281 Sidonius
473 3239 741 3293 Apollinaris
774 3239 911 3293 Epist.
944 3240 1001 3280 lV
1036 3242 1106 3292 22,
1194 3246 1286 3282 tera
1335 3244 1545 3296 scriptum
1593 3242 1718 3283 dedi:
1767 3255 1865 3282 nam
1920 3243 2060 3294 ipsum

239 3304 282 3339 et
314 3311 538 3351 perperam
572 3298 671 3340 inde
703 3300 885 3352 sumpsit
916 3299 1107 3340 Tacitum
1193 3301 1293 3341 libri
1336 3302 1507 3341 titulum
1551 3314 1574 3341 a
1611 3300 1757 3340 Tacito
1810 3301 1949 3341 amico
1981 3312 2061 3341 suo

238 3355 380 3397 Plinio
411 3357 600 3397 suasisse
634 3363 679 3396 ut
712 3357 1013 3411 pro-epistolis
1036 3357 1107 3398 hi-
1195 3359 1375 3412 perinde
1424 3366 1554 3413 atque
1596 3364 1897 3413 argumentum
1943 3358 2061 3400 indi-

239 3416 415 3456 storiam
441 3414 667 3466 scriberet,
699 3428 799 3455 mox
830 3416 970 3468 ipsum
994 3417 1109 3470 quod
1196 3423 1337 3457 catum
1370 3417 1536 3467 fuisse,
1574 3423 1803 3472 antequam
1840 3417 2057 3470 ederetur,

240 3475 379 3515 amico
405 3473 912 3526 iniunxeritarripuisse.
964 3474 1108 3515 Verba
1194 3475 1333 3529 liquet
1375 3481 1418 3516 et
1466 3474 1731 3532 intelligitur
1777 3490 1830 3519 ex
1874 3476 2061 3531 epistola

242 3532 409 3575 Sidonii
453 3533 713 3585 transcripta
744 3538 844 3572 sunt
876 3533 921 3572 in
965 3544 1106 3573 anno-
1192 3546 1321 3588 supra
1355 3539 1605 3577 memorata.

241 3593 406 3634 tatione
438 3590 490 3633 ad
522 3590 740 3633 Prooemii
774 3605 811 3633 c.
846 3592 886 3634 2.

1593 3672 1661 3707 *ss*
