2280 4004
152 1220 254 1283 ω’

210 261 303 311 m

976 253 1274 306 ANNALIVR!

1785 273 1837 306 ει.μ
1855 246 2042 308 usmit-

213 411 646 480 adgnoscentibus
680 410 889 461 fecerat.
965 405 1340 473 Quinquaginta
1369 404 1628 458 hominum
1655 404 1792 457 milia·
1819 410 1884 456 ee
1912 416 2042 458 casu

214 505 474 557 debilitata
510 503 593 554 vel
651 500 836 552 obtrita
890 503 1030 562 sunt3
1089 502 1387 564 cautumque
1443 497 1497 548 in
1528 501 1786 564 posterum
1837 486 2045 548 semu

215 595 447 648 consulto
486 609 551 645 ne
602 592 712 658 quis
755 590 1115 668 gladiatorium
1148 604 1327 641 munus
1363 589 1555 654 ederet,
1594 588 1674 639 cui
1712 587 1880 639 minor
1915 598 2046 653 qua-2

214 687 598 754 dringentorum
635 684 823 736 milium
854 698 957 748 reS,
979 698 1110 734 neve
1134 681 1548 748 amphitheatrum
1573 680 1915 747 imponeretur
1943 678 2044 729 nisi

176 777 327 829 §solo
348 777 594 828 firmitatis
621 779 896 843 spectatae.
955 774 1139 826 Atilius
1171 775 1223 824 in
1249 773 1452 824 exilium
1489 776 1634 824 actus
1664 776 1755 824 est.
1809 771 2045 823 Ceterum

213 868 306 920 sub
343 872 601 919 recentem
640 866 837 917 cladem
885 870 1094 932 patuere
1140 879 1411 931 procerum
1461 863 1670 928 domus,
1729 863 1950 914 fomenta
1994 865 2046 913 et

212 958 400 1010 medici
435 959 623 1025 passim
658 957 871 1024 praebiti
884 975 897 1021 3
936 957 1127 1023 fuitque
1152 957 1275 1008 urbs
1310 970 1401 1022 per
1426 955 1540 1007 illos
1577 954 1705 1019 dies),
1745 964 2045 1020 quamquam

214 1055 405 1102 maesta
442 1049 593 1115 facie,
622 1054 849 1100 veterum
875 1049 1114 1100 institutis
1153 1048 1347 1112 similiS,
1381 1049 1464 1113 qui
1491 1055 1675 1114 magna
1708 1048 1826 1113 post
1849 1044 2044 1114 proelia

213 1140 419 1192 saucios
458 1139 731 1208 largitione
773 1145 823 1191 et
864 1155 983 1191 cura
1017 1139 1381 1191 sustentabant.

353 1223 586 1284 Nondum
624 1247 682 1283 ea
714 1230 887 1282 clades
927 1230 1236 1294 exoleverat,
1280 1245 1390 1281 cum
1422 1228 1556 1297 ignis
1591 1228 1832 1280 violentia
1867 1227 2130 1280 urbem&

211 1322 341 1373 ultra
379 1323 579 1373 solitum
619 1322 823 1393 adfecit,
852 1322 1032 1373 deusto
1071 1326 1242 1373 monte
1277 1320 1477 1385 Caeli03
1517 1319 1829 1386 feralemque
1861 1332 2045 1371 aunum

212 1415 474 1479 ferebant,
536 1416 586 1466 et
626 1414 877 1466 ominibus
918 1413 1149 1465 adversis
1193 1415 1483 1478 susceptum
1516 1411 1732 1478 principi
1779 1410 2048 1463 cmrsilium

213 1504 504 1569 absentiae,
561 1505 645 1571 qui
682 1519 794 1556 mos
828 1504 1015 1572 vulga,
1069 1503 1276 1554 fortuita
1316 1503 1380 1554 ad
1423 1502 1619 1569 culpam
1655 1502 1946 1567 trahentes,
1994 1502 2046 1553 ni

213 1596 404 1647 Caesar
444 1595 645 1648 obviam
685 1596 812 1647 isset
850 1594 1123 1647 tribuendo
1161 1594 1405 1661 pecunias
1445 1609 1510 1646 ex
1546 1593 1699 1645 modo
1738 1592 2045 1646 detrimenti.

150 1686 476 1754 isActaeque
515 1687 561 1739 ei
598 1693 771 1756 grates
798 1687 927 1754 apud
962 1692 1190 1738 senatum
1219 1687 1283 1738 ab
1321 1663 1619 1737 inlustribus
1643 1685 1876 1752 famaque
1916 1683 2046 1752 apud

212 1779 467 1845 populum,
497 1779 611 1844 quia
640 1779 753 1830 sine
782 1778 1058 1830 ambitione
1094 1782 1177 1829 aut
1204 1778 1548 1844 proximorum
1576 1776 1815 1844 precibus
1841 1777 2072 1844 ignotos·

214 1871 363 1922 etiam
417 1874 467 1922 et
512 1870 646 1920 ultro
701 1870 894 1921 accitos
935 1869 1274 1920 munificentia
1326 1869 1538 1921 iuverat.
1610 1868 1881 1920 Adduntur
1924 1878 2052 1923 seu-

333 2026 371 2066 1.
405 2022 536 2080 adqn.
569 2024 624 2077 Μ,
657 2035 745 2064 non
778 2037 879 2081 aqu.
944 2024 987 2066 3.
1019 2023 1401 2079 qladiatoriumM,
1433 2035 1522 2065 non
1554 2022 1712 2066 Furiae
1742 2023 2048 2080 yladiatorum.

213 2095 365 2125 manus
398 2080 454 2125 M.
518 2083 557 2125 7.
589 2083 753 2138 prebeti
778 2082 829 2125 M.
892 2083 935 2125 8.
969 2084 1153 2125 instituti
1175 2083 1239 2126 M
1273 2084 1463 2125 correxit
1494 2082 1752 2127 Beroaldus.
1818 2083 1887 2127 10.
1919 2095 2048 2125 nam-

215 2144 312 2185 dum
345 2142 397 2184 M.
462 2141 594 2184 exsol.
631 2141 685 2185 M.

218 2202 287 2246 16.
316 2216 469 2259 praec.
504 2202 558 2243 M.

274 2344 586 2400 quinquaqinta
599 2342 815 2386 hominum
833 2344 956 2386 milia
970 2344 1094 2386 -vel

216 2405 374 2446 obtrita
405 2411 525 2445 sant.-
562 2404 797 2447 Suetonius
829 2405 902 2459 qui
926 2410 1091 2445 tautum

217 2465 434 2505 extinctos
486 2469 685 2505 numerat
733 2463 762 2504 l.
814 2477 851 2504 c.
905 2464 1089 2505 scribit:

216 2525 349 2578 supi-a
379 2523 532 2577 viqinti
564 2522 781 2563 hominum
823 2522 944 2564 milia
989 2522 1090 2578 yla-

218 2582 404 2622 diacoi-io
423 2595 598 2622 munere
631 2581 941 2636 amphitheatri
960 2583 1091 2623 ruina

211 2641 453 2696 perierant.

306 2698 410 2751 Cap.
445 2696 516 2739 64.
579 2697 722 2739 deusto
753 2705 894 2740 ‚nante
917 2698 1092 2741 Caelio.-

217 2757 409 2798 incendii
456 2756 584 2797 huius
630 2763 673 2798 et
706 2756 986 2799 liberalitatis
1018 2758 1093 2799 Ti-

218 2817 326 2858 herii
362 2817 654 2857 meu‘iinerunt
688 2818 818 2857 etiam
857 2818 1093 2859 Suetonius

216 2875 357 2916 Tiber.
391 2875 449 2917 48
481 2881 524 2915 et
559 2874 757 2916 Velleius
788 2875 824 2916 11
860 2877 957 2919 130.

306 2941 351 2975 ut
400 2947 520 2974 mons
574 2933 747 2975 Caelius
785 2936 832 2976 in
877 2943 1092 2990 posterum

218 2993 431 3048 Augustus
494 2991 815 3048 appellaretur:
878 2994 989 3035 salso
1050 3002 1093 3035 et

218 3052 369 3107 inique
392 3051 628 3093 Suetonius
662 3051 691 3092 l.
713 3066 779 3093 c.:
813 3053 924 3106 quod
950 3060 1092 3094 tamen

218 3111 464 3165 beneficium
488 3112 600 3152 tanti
625 3112 879 3164 aestimavit,
900 3119 946 3154 ut
967 3126 1092 3154 mon-

218 3177 299 3211 lem
355 3170 551 3211 Caelium
595 3170 885 3226 appellatione
930 3179 1094 3213 mutata

217 3230 369 3270 vocari
390 3229 625 3283 Auyustum
650 3231 835 3271 iusserit.
880 3229 1089 3272 Nimirum

220 3302 271 3329 ea
304 3301 373 3329 res
408 3302 493 3329 non
530 3289 642 3330 ultra
673 3289 914 3331 sententias
960 3290 1090 3332 blan..

219 3347 431 3388 ‹lientium
465 3349 695 3400 processit.

308 3406 519 3447 Claudiae
540 3408 749 3459 Quintae:
783 3407 899 3449 filiae
927 3409 1089 3450 Roma-

219 3477 370 3504 norum
387 3467 637 3508 nominibus
659 3468 718 3508 ita
734 3467 1088 3522 designabantur,

219 3529 265 3561 nt
299 3536 409 3577 quae
447 3526 583 3577 prima
631 3533 884 3568 nascer-etin
915 3526 1087 3581 simpli-

220 3582 328 3621 citer
359 3594 519 3625 nomen
554 3585 722 3640 gentile
755 3593 961 3639 sumeret,
983 3599 1025 3627 v.
1048 3601 1085 3628 c.

222 3638 427 3691 Claudia,
461 3642 677 3696 Antonia,
723 3651 897 3688 cet-erae
930 3647 1084 3699 minor,

765 2141 831 2187 12.
866 2141 1057 2185 omnibus
1086 2142 1152 2185 Μ·
1187 2143 1379 2186 correxit
1409 2139 1665 2186 Beroaldus
1732 2143 1800 2186 15.
1835 2141 2046 2199 ymnum

1179 2344 1330 2398 tertia,
1372 2350 1552 2400 quarta,-
1591 2344 1741 2399 quinta
1769 2349 2046 2388 vocarentur.

1178 2404 1332 2459 ltaque
1388 2403 1498 2445 haee
1549 2403 1708 2455 Quinta
1765 2415 1821 2444 ex
1875 2398 2050 2447 filiabus

1176 2463 1309 2518 Appii
1345 2462 1516 2505 Claudii
1555 2468 1659 2504 natu
1699 2462 1903 2504 minima:
1949 2476 2048 2505 nam

1177 2530 1377 2577 quattuor
1410 2520 1526 2577 (Cic.
1560 2519 1726 2563 Catone
1761 2533 1818 2564 m.
1859 2523 1910 2564 11
1969 2536 2047 2564 ro-

1176 2582 1314 2623 baseos
1327 2581 1455 2634 filios,
1483 2581 1664 2635 quinque
1676 2580 1793 2635 filias
1809 2606 1865 2614 —-
1989 2583 2049 2624 ‘m

1178 2640 1366 2696 reqebat.
1424 2639 1490 2682 Cf.
1529 2639 1674 2682 Valet.
1708 2640 1820 2682 Max.
1853 2639 1933 2684 18
1965 2642 2046 2683 11·

1173 2706 1351 2756 possunt
1393 2706 1433 2741 et
1473 2698 1554 2740 illa
1598 2699 1908 2749 miraculorum
1952 2700 2047 2742 loco

1172 2759 1279 2814 poni
1310 2783 1366 2790 —-
1410 2758 1521 2813 qaod
1561 2759 1610 2811 Q.
1654 2757 1865 2801 Claudiae
1903 2765 2050 2802 statua

1177 2820 1224 2859 in
1269 2817 1472 2860 vestibulo
1530 2817 1674 2874 templi
1730 2819 1881 2860 matris
1923 2818 2050 2861 doum

1173 2877 1341 2933 posita,
1388 2877 1450 2918 bis
1482 2891 1534 2918 ea
1565 2877 1672 2919 aede
1704 2877 1904 2920 incendio
1937 2891 2046 2920 cou-

1177 2936 2047 3039 ῗωιῧὲἶῖεέ’ἰέἱῖὶΜΝέῗζῗὲιῗέῗῖὟ

1220 3028 1229 3037 .
1417 3027 1428 3047 ,
1661 3028 1670 3037 .
2034 3029 2044 3040 .

1179 3055 1334 3095 Lamia
1370 3054 1610 3096 consulibus
1644 3058 1706 3110 (a.
1733 3054 1819 3098 643
1852 3060 1896 3096 et
1918 3055 2043 3112 756),

1176 3114 1223 3153 in
1253 3127 1332 3154 sua
1363 3113 1456 3154 basi
1492 3114 1672 3168 flammis
1710 3114 1878 3156 intacta
1917 3115 2042 3158 stetit.

1176 3171 1242 3213 De
1275 3171 1456 3213 Claudia
1490 3172 1676 3225 Quinta,
1714 3184 1827 3228 quae
1865 3179 2045 3216 matrem

1177 3230 1347 3273 Idaeam
1377 3245 1401 3272 a
1421 3230 1681 3274 Pessinunte
1699 3231 1877 3279 Romam
1905 3233 2045 3275 adve-

1178 3296 1289 3331 ctam
1322 3292 1495 3344 accepit
1526 3303 1564 3332 a.
1585 3291 1686 3342 550,
1718 3304 1761 3333 v.
1791 3291 1889 3335 Liv.
1910 3291 2045 3334 xxtx

1181 3349 1248 3392 14.
1316 3348 1441 3391 Ovid.
1500 3349 1615 3391 Fast.
1664 3349 1724 3391 lv
1769 3351 2042 3393 aon—327.

1178 3409 1403 3463 Virginem
1433 3408 1654 3451 Vestalem
1687 3417 1912 3463 perperam
1937 3409 2043 3449 dicit

1176 3467 1380 3509 Orellius.
1446 3469 1579 3510 Navis
1620 3468 1771 3510 Salvia
1818 3469 1860 3508 in
1905 3466 2042 3507 titulis

1174 3529 1364 3582 antiquis
1399 3531 1465 3582 (v.
1491 3527 1641 3569 Orellii
1675 3526 1874 3579 Inscript.
1912 3525 2038 3568 1905.

1177 3586 1302 3630 1906.
1337 3586 1477 3643 2403)
1518 3586 1695 3629 minime
1728 3585 1823 3638 ipsa
1860 3582 2041 3625 Claudia

1173 3652 1252 3698 est,
1283 3644 1360 3687 sed
1395 3647 1518 3687 navis
1551 3659 1575 3686 a
1614 3643 1794 3685 Claudia
1813 3642 2038 3686 subducta.
