2280 4004
276 272 337 318 22
987 270 1282 316 ANNALIVM

278 421 400 474 tiam
435 419 544 472 eius
580 419 645 471 ob
683 431 950 471 excessum
986 417 1205 485 Augusti
1240 417 1543 469 solarentur.

1847 287 1899 318 a.»
1914 271 1966 318 '‘u'.
1999 269 2104 323 ³625

1618 417 1731 478 Quo
1771 417 1936 473 minus
1950 443 1954 446 ⁴
1968 418 2107 471 idem

277 526 372 579 pro
422 512 589 563 Druso
648 508 1020 576 postularetur,
1079 502 1139 560 ea
1195 522 1350 559 causa
1402 507 1538 574 quod
1582 507 1880 575 designatus
1928 510 2108 574 consul

278 603 473 655 Drusus
526 615 874 669 praesensque
924 602 1048 651 erat.

1141 598 1453 651 Candidatos
1515 603 1786 666 praeturae
1838 598 2109 652 duodecim

279 692 576 758 nominavit,
617 707 879 745 numerum
919 691 982 742 ab
1004 692 1244 763 Augusto
1282 690 1548 755 traditum3
1585 695 1636 743 et
1667 691 1904 743 hortante
1931 695 2111 743 senatu

242 791 335 838 sut
391 789 632 853 augeret,
697 784 808 835 iure
859 782 1074 835 iurando
1117 766 1420 834 “obstrinxit
1481 797 1538 834 se
1591 796 1696 834 non
1763 796 2108 851 excessurum.

257 878 402 928 Tum
436 875 648 943 primum
682 891 711 926 e
747 889 923 941 campo
966 873 1170 926 comitia
1207 873 1271 925 ad
1307 878 1476 948 patres
1518 873 1940 943 translatas-unt:
1993 887 2111 925 nam
2128 875 2196 925 15

256 967 346 1019 'ad
384 982 495 1018 eam
519 965 670 1031 diem,
711 967 805 1018 etsi
837 965 1100 1032 potissima
1129 948 1622 1032 arbitrio'principis,
1662 964 1909 1031 quaedam
1942 969 2113 1016 tamen

251 1057 460 1133 <studiis
496 1057 713 1108 tribuum
750 1055 952 1107 fiebant.

1025 1057 1202 1123 Neque
1226 1056 1439 1122 populus
1473 1056 1757 1122 ademptum
1791 1055 1869 1106 ius
1905 1059 2111 1121 questus

280 1153 359 1200 est
405 1147 504 1199 nisi
549 1147 687 1198 inani
735 1161 967 1212 rumore,
1025 1152 1074 1198 et
1109 1152 1316 1199 senatus
1369 1145 1726 1214 largitionibus
1777 1161 1838 1197 ac
1873 1145 2112 1212 precibus

397 1283 439 1325 3.
469 1281 718 1338 praedurae
739 1280 794 1322 M.
857 1280 900 1322 8.
934 1280 1106 1336 scebant
1121 1281 1176 1323 M.
1242 1286 1438 1336 quaestus
1457 1280 1511 1322 Μ.
1576 1279 1616 1323 9.
1639 1278 1788 1335 pcibus
1821 1291 1917 1320 cum
1950 1276 2028 1320 lin.
2053 1277 2109 1321 M.

369 1402 622 1445 candidatos
658 1408 894 1458 praeturae
932 1402 1153 1444 duodecim

278 1463 542 1504 nominavi-t.-
606 1461 643 1502 is
703 1473 911 1503 numerus
961 1461 1153 1502 obtinuit

279 1522 449 1563 duobus
482 1522 608 1563 annis
624 1526 738 1574 post,
772 1521 815 1562 h.
836 1535 875 1562 e.
902 1520 956 1564 16
981 1535 1005 1563 a
1025 1519 1151 1563 Chr.:

277 1586 382 1623 tunc
415 1582 531 1624 enim
565 1579 713 1623 Gallus
756 1593 983 1626 numerum
1014 1579 1152 1623 tradi-

277 1643 368 1681 tum
397 1639 640 1694 respiciens
662 1639 772 1681 dixit
806 1638 993 1696 (1136):
1022 1640 1152 1696 prin-

279 1714 377 1756 ceps
410 1698 630 1741 duodecim
653 1699 907 1741 candidatos
936 1699 984 1740 in
1015 1713 1153 1741 annos

282 1758 472 1814 sin9ulos
533 1759 790 1806 nominaret.
883 1758 1152 1800 Mutatumne

280 1818 515 1874 quidquam
537 1818 592 1859 sit
613 1830 726 1859 anno
754 1818 822 1870 18,
857 1830 955 1858 cum
978 1816 1152 1872 Cappa-

279 1877 412 1920 doces
434 1877 628 1933 legatum
651 1877 916 1932 praetorium
938 1890 1162 1931 accepere.

280 1941 325 1978 et
370 1934 655 1992 Commageni
710 1936 764 1978 ad
811 1938 878 1978 ius
935 1937 1152 1991 praetoris

277 1995 479 2037 translati
511 2001 613 2036 sunt
635 1995 810 2052 (1156),
844 2008 932 2036 non
967 2001 1151 2038 constat.

279 2055 515 2097 Praeturae
539 2061 662 2100 extra
685 2055 883 2103 ordinem
909 2055 1036 2100 datae
1056 2067 1153 2098 me-

279 2121 504 2156 morantur
525 2112 563 2155 11
585 2116 658 2158 32.
713 2114 856 2156 Aliter
878 2114 978 2166 Dio,
1014 2115 1088 2170 qui
1109 2115 1153 2156 in

279 2175 390 2216 actis
423 2174 524 2215 anni
550 2174 608 2217 33
640 2174 792 2216 scribit
823 2173 958 2215 LVIII
976 2174 1058 2217 20:
1092 2173 1154 2230 τῷ

277 2235 396 2291 γοῦν
428 2232 612 2279 ἐπιόντι
645 2235 734 2278 ἔτει
771 2237 822 2279 ἐν
855 2232 890 2291 ιρ
934 2231 1009 2278 ὅτε
1034 2232 1152 2284 sott-

277 2299 364 2350 βας
408 2291 432 2335 ὃ
476 2292 707 2360 Σερούϊος
740 2319 795 2325 -
824 2295 903 2336 καὶ
951 2292 1156 2340 Λούκιος

277 2351 541 2410 Κορνήλιος
574 2345 624 2394 τὸ
657 2354 751 2397 τῶν
777 2350 970 2396 ὑπάτων
1001 2351 1155 2410 ὄνομα

280 2413 444 2469 ῥ’,σχον
508 2411 842 2457 πεντεκαίδεκα
904 2413 1156 2479 στρατηγοὶ

278 2471 524 2528 ἐγένοντο·
579 2474 658 2514 καὶ
703 2471 838 2515 τοῦτο
883 2471 963 2514 ἐπὶ
1006 2463 1155 2518 πολλὰ

280 2532 352 2584 ἔτη
405 2533 602 2587 συνέβη,
649 2528 772 2574 ωστε
815 2531 916 2574 ἔστι
948 2530 1039 2588 μὲν
1081 2527 1157 2574 ὅτε

280 2588 548 2641 ἑκκαίδεκα,
591 2591 691 2637 ἔστι
722 2588 842 2633 δ’ὅτε
871 2590 986 2649 παρ’
1016 2589 1100 2634 ἕνα
1132 2586 1157 2644 ἢ

281 2652 360 2698 καὶ
404 2647 488 2692 δύο
543 2651 654 2703 [uno
704 2648 777 2690 vel
830 2647 999 2690 duobus
1057 2648 1155 2705 plus

282 2709 506 2764 minusve)
536 2713 901 2767 χειροτονεῑθαι.

369 2781 592 2815 numerum
622 2767 676 2808 ab
699 2766 889 2822 Auyusto
925 2768 1153 2815 traditum:

281 2826 465 2867 traditus
499 2831 564 2868 est
581 2827 786 2869 extremis
804 2825 992 2883 Augusti
1026 2827 1155 2869 insti-

281 2885 413 2927 tutis·
447 2885 531 2927 Dio
565 2885 660 2927 LVI
675 2886 731 2929 25
765 2887 809 2927 in
842 2886 952 2927 actis
984 2898 1023 2927 a.
1044 2886 1155 2930 764:

284 2947 538 3013 στρατηγοὶ
555 2944 798 2989 ἑκκαίδεκα
816 2940 976 3018 ἦρξαν,
997 2941 1154 3001 ἐπειδὴ

281 3004 501 3048 τοσοῦτοί
533 3019 580 3047 τε
618 3007 694 3055 τῆς
726 3005 869 3060 ἀρχῆς
905 3002 1153 3057 ἀντεποιή-

283 3076 426 3107 σαντο
440 3068 519 3111 καὶ
539 3062 711 3107 οὐδένα
733 3062 888 3109 αὐτων
905 3064 1151 3116 λυπῆσαι“
1132 3081 1155 3109 ο

281 3120 869 3183 1ὕγουσιος--ἢθέλησεν
899 3120 952 3173 οὔ
968 3122 1156 3182 μὲνκαὶ

282 3190 379 3233 τοῖς
399 3180 553 3232 ἄλλοις
571 3189 670 3231 τοῖς
689 3180 858 3260 ἐφεξῆς
873 3139 1003 3228 ἔτεσι
1016 3181 1156 3228 ταύτὸ

282 3243 491 3311 ἐγένετο,
551 3239 658 3286 ἀλλ’
702 3244 758 3295 οἱ
785 3239 1009 3286 ’δώδεκα
1058 3243 1154 3286 ἐπὶ

283 3295 428 3344 πολυ
499 3303 884 3354 κατέστησαν.
1009 3301 1151 3349 Etiam

284 3361 470 3413 s·c1ipt0,
504 3366 551 3410 ut
585 3366 703 3403 certe
735 3360 932 3409 'liberius
966 3359 1150 3414 fer‚ebat

285 3416 401 3458 hunc
434 3433 658 3461 numerum
676 3420 901 3477 Augustus
926 3433 1152 3468 commen-

287 3475 486 3517 (laverat
524 3478 721 3521 Velleius
753 3479 790 3521 Π
826 3482 922 3524 124.

372 3536 467 3577 iure
499 3537 684 3578 iurando
718 3539 944 3581 obstrinxit
990 3552 1037 3580 se
1066 3552 1153 3581 non

286 3608 581 3636 excessurum:
598 3597 1035 3640 simulavitsummam
1050 3612 1154 3656 erga

285 3660 518 3709 praecepta
539 3656 673 3709 patris
696 3657 1001 3711 reverentiam,
1022 3658 1151 3699 simul

1236 1401 1582 1446 moderationem
1627 1414 1749 1444 suam
1793 1402 1890 1442 iure
1929 1399 2112 1445 iurando

1237 1461 1466 1516 probatum
1499 1462 1574 1503 iit:
1607 1474 1705 1502 nam
1734 1461 1770 1502 si
1802 1459 1952 1515 plures
1985 1471 2112 1502 crea-

1236 1527 1406 1573 rentur,
1432 1530 1495 1562 'ne
1527 1520 1786 1576 provinciae
1825 1521 2009 1562 senatui*
2029 1531 2114 1574 po-

1236 1580 1430 1635 puloque
1442 1578 1801 1627 subtraherentur
1812 1579 1941 1628 timor
1948 1578 2112 1626 aderat.

1237 1638 1484 1681 Pronomen
1523 1654 1568 1682 se
1599 1640 1795 1680 iunctum
1840 1643 1908 1679 est
1939 1651 2035 1680 cum
2067 1651 2111 1682 v.

1239 1712 1533 1753 excessurum,
1586 1711 1675 1744 non
1717 1711 1814 1740 cum
1858 1698 2112 1740 obstrinxit:

1241 1758 1326 1800 hoc
1367 1759 1484 1799 enim
1531 1758 1604 1800 ubi
1656 1757 1772 1799 idem
1821 1757 1941 1800 valet
1997 1756 2114 1812 quod

1239 1831 1505 1870 asseverare,
1539 1817 1741 1859 absolute
1765 1816 1955 1871 positum
1990 1821 2057 1858 est
2088 1829 2114 1858 a

1237 1876 1401 1918 Tacite.
1466 1875 1593 1919 Cons.
1626 1875 1687 1918 IV
1718 1877 1791 1928 31,
1824 1875 1920 1918 XIII
1954 1877 2023 1919 11.

1325 1934 1431 1990 Cap.
1460 1937 1527 1979 15.
1591 1943 1677 1978 tum
1696 1936 1883 1994 primum
1909 1950 1932 1977 e
1964 1948 2113 1992 campo

1239 1996 1413 2037 comitia
1452 1996 1510 2036 ad
1549 2002 1698 2052 patres
1730 1994 1947 2037 translata
1987 2001 2112 2036 sunt:

1239 2054 1351 2098 haec
1362 2053 1534 2096 Tacitus
1556 2056 1608 2097 iis
1633 2054 1834 2110 adiungit
1849 2067 1962 2111 quae
1981 2052 2113 2102 modo

1240 2113 1294 2155 de
1327 2119 1556 2168 praeturae
1598 2113 1839 2156 candidatis
1882 2115 1926 2155 in
1958 2118 2114 2161 senatu

1238 2186 1264 2214 a
1286 2171 1458 2215 Tiberio
1481 2175 1716 2216 nominatis
1739 2173 1922 2215 rettulit.
1984 2171 2115 2225 Quod

1241 2231 1295 2274 de
1328 2239 1576 2287 praetorum
1611 2234 1815 2286 comitiis,
1849 2232 1964 2277 idem
1997 2231 2114 2277 haud

1240 2290 1372 2332 dubie
1407 2292 1460 2334 de
1494 2292 1748 2334 consulibus
1791 2289 1990 2334 creandis
2022 2296 2112 2332 tum

1239 2356 1446 2391 novatum
1487 2358 1577 2404 est,
1625 2351 1703 2393 sed
1751 2349 1957 2397 consules
2001 2350 2112 2392 nulli

1241 2409 1415 2451 creandi
1460 2411 1544 2452 iam
1588 2415 1734 2462 erant,
1785 2423 1882 2452 cum
1926 2414 1971 2452 et
2010 2408 2116 2452 huic

1239 2481 1353 2510 anno
1388 2476 1431 2511 et
1463 2470 1661 2523 proxime
1695 2468 1896 2511 inferiori
1927 2467 1982 2510 ab
2015 2467 2114 2511 Au..

1240 2533 1369 2584 gusto
1394 2528 1612 2586 designati
1635 2527 1797 2571 essent.
1859 2528 2011 2584 Itaque
2029 2527 2114 2570 Ta-

1240 2588 1352 2629 citus
1374 2601 1489 2630 nunc
1511 2590 1624 2630 intra
1645 2595 1895 2643 praetorum
1918 2600 2114 2630 comme-

1238 2648 1525 2689 morationem
1566 2661 1614 2690 se
1648 2648 1879 2690 continuit.
1952 2646 2037 2689 Sed
2069 2647 2114 2687 in

1240 2718 1392 2775 campo
1427 2709 1704 2749 comitiorum
1727 2709 1871 2764 imago
1901 2704 2112 2762 quaedam

1239 2765 1311 2807 vel
1353 2767 1418 2807 sic
1459 2767 1687 2819 remansit,
1743 2779 1839 2808 cum
1884 2765 1958 2835 qui
1998 2764 2114 2819 apud

1239 2829 1384 2879 patres
1430 2827 1731 2883 magistratum
1780 2825 1908 2867 nacti
1948 2829 2112 2876 essent,

1241 2884 1352 2933 dicis
1387 2897 1517 2928 causa
1549 2886 1602 2928 ad
1621 2885 1830 2941 populum
1863 2895 1943 2940 per
1973 2882 2113 2926 tribus

1239 2944 1284 2984 in
1334 2955 1486 2998 campo
1535 2950 1610 2987 aut
1654 2945 1750 2987 foro
1798 2945 2111 3000 congregatum

1240 3015 1263 3042 a
1295 3014 1513 3055 praecone
1573 3005 1942 3047 renuntiarentur.
2021 3002 2113 3043 noc

1240 3062 1379 3114 ipsum
1400 3067 1614 3118 tamquam
1635 3063 1735 3105 leve
1754 3062 1926 3104 Tacitus
1945 3062 2107 3110 omisit,

1240 3119 1322 3160 Dio
1340 3122 1607 3176 significavit
1627 3120 1760 3164 LVIII
1775 3122 1859 3165 20:
1892 3125 1970 3164 καὶ
1994 3134 2112 3179 μετα

1239 3178 1372 3230 τοῦτο
1403 3181 1755 3236 (magistratuum
1781 3181 1969 3222 comitiis
1998 3181 2111 3233 apud

1239 3244 1382 3293 patres
1414 3238 1602 3312 habitis)
1656 3243 1701 3291 ἔς
1741 3254 1789 3285 τε
1826 3233 1909 3284 τὸν
1958 3239 2112 3296 δῆιιον

1237 3301 1316 3341 καὶ
1344 3300 1392 3346 ἐς
1413 3296 1463 3343 τό
1488 3301 1664 3354 πλῆθος
1700 3301 1768 3355 (h.
1796 3313 1834 3342 e.
1859 3299 1912 3340 ad
1935 3298 2111 3340 comitia

1238 3360 1481 3399 centuriata
1505 3360 1547 3400 in
1571 3373 1739 3414 campo,
1757 3359 1915 3401 tributa
1935 3360 1978 3399 in
1994 3356 2110 3413 soro)

1239 3418 1284 3460 ol
1317 3416 1636 3476 προσήκοντες
1668 3419 1874 3477 ἑκατέρω
1911 3419 1986 3470 τ’ἷς
2022 3417 2109 3474 εἷρ-

1232 3482 1375 3536 χαίας
1408 3477 1542 3526 ὁσίας
1578 3480 1737 3531 ἕνεκα,
1772 3477 1998 3530 καθάπερ
2033 3481 2113 3520 καὶ

1237 3540 1338 3589 νῦν,
1355 3537 1559 3588 ἐσιόντες
1575 3538 1791 3582 απεδείκι
1785 3551 1922 3581 υντο.
1983 3534 2109 3577 Conf.

1239 3598 1473 3640 Suetonius
1507 3597 1667 3641 Domit.
1707 3598 1781 3640 10:
1815 3594 1970 3637 occidit
2002 3594 2110 3637 Fla-

1237 3658 1347 3699 vium
1357 3656 1563 3700 Sabinum
1581 3655 1692 3699 alter
1695 3669 1764 3699 um
1793 3669 1814 3697 e
1826 3652 2107 3714 patruelibus,
