2222 4022
179 292 256 335 XX
512 360 513 367 ἵ
965 295 1232 338 PROOEMII

180 435 547 500 cumspiceret,
632 437 693 487 ad
745 437 967 488 Tacitum
1032 438 1243 488 amicum
1302 437 1427 488 haec
1486 435 1689 502 scripsit
1748 436 1840 504 (lv
1893 437 2008 503 13):

179 526 382 593 iniunyo
416 532 463 576 et
488 542 588 591 pro
622 528 698 576 rei
733 528 1069 592 magnitudine
1103 544 1240 593 royo,
1280 534 1335 576 ut
1366 543 1431 576 ea:
1463 527 1611 591 copia
1647 526 2006 590 studiosorum,

179 629 310 680 quae
350 617 418 667 ad
471 624 516 666 te
556 617 888 667 admiratione
938 617 1123 682 inqenii
1183 619 1254 667 tui
1308 618 1563 681 convenit,
1626 617 2008 683 circumspicias

171 714 534 772 praecepto-res
564 724 692 773 quos
723 709 1003 760 sollicitare
1034 710 1302 780 possimus.
1376 710 1551 775 Neque
1591 709 1805 760 dubitari
1845 715 2011 776 potest

173 800 291 864 quin
317 800 515 849 Tacitus
557 799 814 850 orationes
854 801 1044 866 aliquot
1097 807 1212 852 ante
1251 801 1447 851 habitas
1486 800 1765 865 aequalium
1799 801 2008 852 notitiae

169 889 471 954 permiserit.
546 890 619 939 Eo
658 890 935 954 respiciunt
968 891 1112 940 Plinii
1160 891 1316 941 verba
1362 890 1425 941 ad
1463 890 1686 940 Tacitum
1723 891 1878 956 Epist.
1917 891 2005 942 VII
2059 945 2077 960 χ

171 981 263 1031 20:
322 978 503 1029 librum
544 986 679 1029 tuum.
716 981 1026 1043 (orationem
1067 982 1285 1048 aliquam
1327 996 1446 1032 mox
1496 981 1773 1046 edendam)
1828 980 1923 1046 leqi
1956 986 2007 1030 et

166 1084 317 1135 quam
355 1071 722 1136 diliyentissime
753 1072 896 1136 potui
934 1073 1206 1134 adnotavi,
1265 1087 1395 1137 qnae
1440 1072 1817 1134 commutanda,
1878 1086 2009 1136 quae

170 1162 434 1212 eximenda
461 1161 763 1214 arbitrarer.
790 1195 858 1204 --
888 1196 949 1203 —
975 1162 1120 1213 Nunc
1157 1179 1189 1213 a
1217 1169 1262 1212 te
1291 1163 1472 1213 librum
1494 1179 1654 1213 meum
1677 1164 2004 1226 (orationem,

169 1253 388 1304 fortasse
429 1254 479 1302 in
517 1254 694 1305 eadem
750 1271 902 1305 causa
940 1256 1159 1306 habitam
1204 1260 1252 1306 et
1316 1271 1427 1306 cum
1466 1255 1690 1305 'l'acitina
1730 1254 2007 1319 edendam)

170 1360 280 1394 cum
306 1344 720 1394 adnotationibus
749 1345 847 1394 tuis
878 1351 1103 1409 expecto,
1172 1343 1214 1394 0
1245 1345 1511 1408 iucundaS,
1544 1360 1574 1394 o
1597 1346 1811 1409 pulcras
1836 1344 2007 1395 vices!
2041 1357 2053 1363 ⁴

166 1437 303 1487 Idem
342 1436 451 1487 VIII
489 1437 544 1487 7:
602 1452 760 1501 neque
796 1442 852 1486 ut
900 1437 1141 1502 mayistro
1194 1436 1435 1501 mayister
1471 1451 1630 1501 neque
1667 1441 1723 1485 ut
1759 1435 2008 1500 discipulo

168 1527 444 1590 discipulus
502 1527 602 1589 (sic
650 1528 778 1576 enim
822 1527 1067 1592 scribis),
1123 1527 1216 1576 sed
1265 1532 1318 1576 ut
1365 1527 1612 1591 discipulo
1665 1526 1905 1592 mayister
1937 1555 2004 1564 —-

176 1616 358 1669 libr-um
405 1618 743 1683 (orationem)
794 1616 988 1671 misisti,
1045 1649 1113 1658 --
1151 1649 1218 1660 --
1271 1617 1474 1668 Sumam
1524 1622 1687 1666 tamen
1730 1627 2006 1680 personam

167 1707 396 1774 mayistri
425 1723 729 1773 emeramque
764 1707 816 1756 in
853 1707 1035 1757 librum
1067 1714 1204 1758 tuum
1240 1708 1319 1757 ius
1353 1707 1488 1772 quod
1521 1707 1724 1767 dedisti,
1781 1721 1841 1757 eo
1878 1703 2006 1756 Iibe-

167 1799 294 1861 νίας,
332 1814 428 1863 quo
467 1799 591 1847 nihil
623 1814 688 1848 ea:
724 1798 845 1848 meis
898 1798 1095 1848 interim
1150 1799 1401 1849 missurus
1443 1814 1554 1848 sum
1592 1798 1680 1848 tibi
1717 1798 1768 1847 in
1824 1813 1922 1863 quo
1962 1803 2010 1847 te

170 1889 454 1939 ulciscaris,
530 1891 770 1941 Fortasse
812 1890 939 1941 haec
969 1889 1197 1955 exempla
1235 1895 1284 1940 et
1322 1890 1579 1957 dialogum
1616 1890 1679 1940 de
1708 1888 2008 1941 Oratoribus

169 1986 337 2032 mente
392 1981 636 2047 cogitavit
692 1981 1029 2042 Quintilianus
1082 1982 1133 2031 in
1192 1981 1363 2032 verbis
1417 1987 1532 2032 ante
1584 1980 1758 2032 relatis
1815 1989 1887 2043 (c.
1927 1980 2005 2046 8),

173 2087 283 2122 cum
324 2071 530 2136 protulit
563 2073 864 2122 sententiam
902 2072 964 2123 de
1014 2071 1129 2122 stilo
1181 2071 1425 2122 librorum
1466 2089 1492 2122 a
1531 2072 1706 2123 Tacito
1748 2070 2002 2137 quondam

175 2162 506 2213 edendorum.
583 2162 718 2214 Idem
771 2179 894 2229 prae
943 2163 1128 2214 ceteris
1166 2163 1386 2212 Tacitum
1433 2167 1687 2214 oratorem
1724 2166 2012 2213 versantem

174 2254 238 2304 ob
284 2254 461 2304 oculos
499 2254 745 2318 respexit,
789 2269 899 2304 cum
944 2254 1148 2319 scripsit
1176 2254 1222 2305 X
1263 2255 1284 2304 1
1324 2255 1450 2304 192:
1494 2253 1746 2303 habebunt
1785 2253 1871 2316 qui
1894 2257 2016 2316 post

175 2357 269 2391 nos
307 2343 366 2392 de
402 2342 695 2392 oratoribus
726 2342 949 2392 scribent
991 2359 1222 2408 maynam
1265 2359 1351 2393 eos
1390 2343 1476 2408 qui
1512 2359 1646 2392 nunc
1694 2342 1862 2408 viqent
1891 2356 2011 2393 ma·

172 2434 353 2483 teriam
395 2447 516 2483 vere
558 2434 814 2484 laudandi.
892 2432 1018 2483 Sunt
1054 2434 1181 2484 enim
1229 2450 1424 2485 summa
1474 2434 1619 2484 hodie
1653 2432 1834 2498 quibus
1887 2433 2008 2483 iuu-

170 2529 367 2575 stratur
412 2526 581 2591 forum
625 2524 843 2589 ingenia.
922 2522 1148 2588 Namque
1201 2531 1248 2575 et
1298 2524 1626 2576 consummati
1667 2523 1770 2574 iam
1802 2523 2012 2590 patroni

171 2615 428 2665 veteribus
467 2616 786 2665 aemulantur
821 2615 975 2676 (haec
1015 2615 1188 2666 Tacito
1231 2616 1595 2680 conveniunt),
1659 2619 1705 2663 et
1738 2628 1826 2664 eos
1859 2613 2009 2664 iuve-

170 2720 289 2755 num
347 2705 415 2755 ad
468 2707 656 2769 optima
716 2704 1015 2755 tendentium
1063 2704 1289 2754 imitatur
1349 2720 1411 2754 ac
1461 2704 1688 2769 sequitur
1738 2704 2005 2756 industria.

170 2795 445 2846 Postremis
489 2796 568 2846 his
614 2797 942 2846 conferantur
979 2795 1121 2845 Plinii
1173 2795 1236 2846 de
1278 2795 1452 2845 Tacito
1490 2795 1681 2860 verba,
1743 2812 1806 2847 ex
1844 2796 2003 2863 Epist.

177 2886 242 2937 IV
285 2886 346 2937 13
383 2886 532 2951 paulo
575 2892 690 2937 ante
729 2887 1047 2951 transcripta.

310 2977 447 3027 Mors
485 2977 758 3027 Domitiani
802 2977 938 3039 fecit,
978 2981 1031 3025 ut
1068 2976 1230 3042 magis
1263 2976 1493 3043 insignes
1533 2975 1854 3041 eloquentiae
1895 2975 2003 3028 fru-

175 3070 282 3116 ctus
326 3066 528 3116 Tacitus
571 3066 865 3117 ostenderet
916 3066 1204 3116 hominibus
1259 3066 1341 3130 qui
1391 3071 1508 3116 tunc
1551 3066 1806 3116 vivebant.
1877 3067 2003 3117 Nam

171 3157 416 3224 Verginio
458 3158 586 3209 Rufo
639 3157 690 3207 in
733 3158 881 3208 tertio
939 3157 1202 3208 consulatu
1255 3173 1299 3207 a.
1340 3156 1405 3208 97
1443 3162 1640 3208 mortuo
1676 3157 1784 3223 ipse
1827 3157 2004 3210 consul

174 3247 415 3299 suffectus
469 3250 519 3299 in
571 3250 749 3299 sunere
795 3248 1027 3299 sollemni
1077 3248 1418 3298 laudationem
1474 3248 1646 3298 habuit
1699 3253 1837 3299 tanto
1888 3249 2002 3300 viro

174 3339 395 3405 dignam,
436 3339 499 3391 de
537 3354 632 3406 qua
668 3339 855 3391 Plinius
895 3340 1050 3406 Epist.
1092 3340 1133 3390 ΙΙ
1180 3341 1203 3390 1
1248 3339 1512 3390 celebrans
1553 3338 1844 3390 felicitatem
1873 3338 2006 3391 Ver-

169 3429 323 3494 ginii:
385 3430 620 3480 laudatus
671 3436 748 3480 est
783 3446 816 3480 a
853 3430 1058 3481 consule
1095 3430 1327 3480 Cornelio
1374 3429 1581 3479 Tacito:
1634 3445 1751 3479 nam
1794 3428 1875 3479 hio
1909 3444 2004 3478 su—

160 3533 371 3582 premus
392 3519 622 3584 felicitati
652 3521 759 3571 eius
782 3521 1008 3571 cumulus
1036 3521 1268 3584 accessit,
1290 3521 1527 3570 laudator
1553 3518 1998 3583 eloquentissimus

165 3611 286 3662 Mox
325 3611 470 3673 (anni
526 3611 621 3663 100
674 3612 844 3676 inimo)
900 3613 1008 3677 ipse
1064 3616 1113 3663 et
1142 3612 1331 3663 Plinius
1394 3627 1421 3662 a
1472 3615 1652 3662 senatu
1703 3609 1829 3661 iussi
1885 3612 2001 3662 sunt
