2280 4004
177 1250 226 1295 io

237 275 298 323 '04

1009 266 1316 320 ANNAle‘M'

1811 289 1851 322 a.
1883 288 1928 321 u.
1961 264 2062 322 Ι768.

238 425 439 474 saturos
498 420 633 488 quod
683 421 816 472 inter
849 418 1019 496 Albim
1079 426 1128 472 et
1166 420 1396 474 Rhenum
1450 413 1626 487 virgas
1675 423 1726 472 et
1760 435 1968 475 secures
2015 425 2065 475 et

236 515 410 580 togam
458 513 693 564 viderint.

787 510 917 562 Aliis
975 512 1211 579 gentibus
1269 511 1562 578 ignorantia
1617 511 1817 578 imperii
1851 513 2064 565 Romani

236 604 498 670 inexperta
525 619 640 655 esse
661 602 924 669 supplicia,
954 603 1362 678 Qciatrihutffi
1402 617 1532 669 quae
1553 603 1791 669 quoniam
1815 603 2063 670 exuerint,

237 695 520 762 inritusque
556 694 857 746 discesserit
891 693 976 745 ille
1006 693 1148 770 ‘inter
1185 693 1390 745 numina
1429 693 1625 746 dicatus
1662 695 1940 763 Augustus,
1981 695 2066 747 ille

201 786 471 859 sdelectus
492 786 737 850 Tiberius,
777 801 842 837 ne
872 770 1156 852 imperitum
1193 784 1639 852 adulescentulum,
1677 801 1744 838 ne
1769 786 2065 839 seditiosum

239 878 516 930 exercitum
554 881 906 943 pavescerent.

982 876 1034 929 Si
1069 876 1283 942 patriam
1311 881 1584 943 'parentem
1623 877 1825 944 antiqua
1863 876 2068 929 mallent

240 981 386 1034 quam
424 967 659 1019 dominos
700 971 749 1018 et
783 966 1012 1018 colonias
1041 981 1220 1031 novaS,
1259 966 1541 1018 Arminium
1576 968 1743 1034 potius
1770 966 1970 1035 gloriae
2006 981 2068 1018 ac

238 1058 486 1111 libertatis
529 1074 674 1125 quam
711 1058 974 1125 Segestem
1018 1057 1307 1125 flagitiosae
1357 1058 1613 1110 servitutis
1652 1058 1832 1110 ducem
1880 1072 2070 1124 seque-

237 1155 429 1204 rent-ur.

507 1149 704 1202 Conciti
736 1165 833 1216 per.
858 1150 986 1201 haec
1021 1164 1126 1200 non
1147 1149 1300 1200 modo
1323 1148 1568 1201 Cherusci
1603 1148 1696 1201 sed
1723 1148 2153 1202 conterminaesso

240 1247 454 1310 genteS,
520 1245 813 1307 tractusque
870 1240 923 1290 in
973 1241 1131 1306 partis
1176 1241 1526 1307 Inguiomerus
1574 1238 1794 1291 Arminii
1840 1244 2067 1307 patruuS,

238 1334 402 1387 veteri
439 1332 568 1399 apud
608 1334 864 1385 Romanos
903 1332 1233 1397 auctoritate3
1269 1331 1405 1384 unde
1439 1331 1604 1383 maior
1642 1331 1852 1384 Caesari
1889 1335 2068 1384 metus.

301 1523 303 1525 .
356 1487 399 1529 2.
431 1486 586 1541 imperi
614 1485 668 1527 Μ.

240 1545 461 1587 exsuci-int
492 1545 547 1587 Μ
612 1547 652 1587 5.
688 1546 777 1601 inp.
812 1545 852 1587 M

240 1689 493 1731 necessario
530 1687 691 1730 leviter
723 1688 935 1732 infectum
975 1691 1114 1732 romi-

238 1763 341 1790 num
372 1748 557 1790 vulnere
592 1748 793 1790 obturato
818 1750 1041 1791 transierit
1069 1750 1114 1790 in

239 1808 470 1860 hominum,
491 1809 526 1848 is
546 1810 841 1850 coniecturam
855 1808 1114 1850 Wolfianam

240 1880 412 1908 mecum
435 1868 479 1908 in
503 1868 659 1908 iustam
683 1869 1007 1921 possessionem
1038 1881 1114 1909 re-

241 1927 425 1969 stituere
447 1927 626 1969 minime
657 1927 889 1970 dubitabit.
931 1927 997 1970 Ex
1029 1940 1115 1968 una

241 1987 590 2043 pai-teRomani
645 1993 687 2028 et
740 1987 874 2029 factio
918 1987 1115 2029 Romana

243 2047 476 2102 (Segestes
526 2059 623 2088 cum
667 2048 758 2089 suis
809 2046 1010 2104 amicis),
1061 2059 1116 2087 ex

241 2105 380 2147 altera
425 2104 627 2147 Germani
678 2118 730 2148 eo
774 2106 953 2148 nomine
994 2106 1116 2161 digni

243 2170 577 2219 componuntur.
648 2166 855 2207 Romanis
906 2166 1115 2221 Segestes

241 2225 377 2278 favet,
411 2231 453 2266 et
486 2226 580 2278 ipse
615 2225 811 2267 favorem
846 2236 996 2266 eorum
1035 2238 1116 2266 ex-

242 2286 424 2339 peritur,
461 2283 660 2326 Germani
695 2286 737 2324 in
772 2290 999 2326 aeternum
1022 2284 1116 2325 Ro-

241 2356 393 2385 manos
439 2343 540 2385 odio
594 2345 802 2399 prosequi
845 2349 1032 2399 pergent
1073 2349 1117 2384 et

189 2415 193 2445 ÷
241 2404 399 2445 iustam
434 2416 510 2445 cur
544 2403 716 2445 oderint
741 2416 917 2445 causam
937 2402 1113 2444 habent.

190 2464 191 2467 ’
241 2463 308 2505 Ad
335 2476 451 2504 aram
477 2461 683 2504 Ubiorum
704 2463 999 2504 sacerdotium
1023 2462 1115 2503 Ro-

241 2536 415 2564 manum
460 2522 622 2576 fuisse,
666 2535 754 2563 non
797 2522 1115 2574 Germanicum,

242 2582 286 2623 id
324 2582 603 2623 manifestum
638 2582 710 2624 vel
757 2596 811 2623 ex
843 2581 945 2622 odio
983 2581 1117 2636 Segi-

242 2641 407 2693 mundi,
444 2654 529 2696 quo
551 2642 697 2683 aliena
719 2654 842 2683 sacra
869 2641 1115 2682 abiecerat:

243 2713 287 2742 v.
323 2715 360 2742 c.
396 2701 467 2743 57.
539 2701 667 2743 Aliae
713 2701 995 2742 coniecturae
1029 2712 1117 2740 non

245 2760 407 2816 dignae
464 2766 565 2801 sunt
619 2774 731 2816 quae
795 2761 917 2801 iuxta
969 2759 1117 2801 Wolfii

246 2820 596 2862 emendationem
621 2825 943 2871 memorentur,
980 2819 1118 2861 veluti

246 2880 451 2932 Seyfferti
497 2882 718 2932 omissum,
762 2878 1118 2934 Bezzenbergeri

245 2938 327 2978 hoc
357 2952 500 2980 vinum.

328 2996 401 3037 ille
427 2997 610 3038 delectus
631 2998 844 3038 Tiberius:
863 3003 983 3039 recte
1002 2996 1034 3038 Ι.
1048 2996 1117 3039 Fr.

248 3055 494 3097 Gronovius
518 3058 682 3111 z‘qucm
697 3069 828 3097 unum
845 3070 898 3097 ex
919 3057 1120 3097 omnibus

247 3114 425 3171 dignum
443 3116 668 3171 Augustus
701 3117 884 3170 putavit,
917 3122 963 3155 ut
988 3115 1121 3157 here-

249 3174 345 3216 dem
373 3188 764 3230 successoremque
785 3174 1052 3216 destinaret'.

322 3248 446 3288 quam
467 3235 657 3276 dominos
681 3242 719 3275 et
745 3235 938 3275 colonias
959 3247 1092 3275 novas
1107 3248 1120 3274 .-

249 3293 607 3349 quemadmodum
643 3308 680 3335 c.
716 3293 773 3336 58
804 3301 987 3335 veterem
1012 3306 1122 3349 pro-

247 3353 436 3394 vinciam
468 3354 672 3409 legimus,
706 3352 779 3393 ubi
801 3367 915 3394 nova
946 3353 1122 3407 proprie

250 3424 336 3451 non
373 3419 478 3465 erat,
513 3414 576 3454 sic
610 3426 725 3453 nunc
760 3412 956 3454 coloniae
989 3418 1119 3454 vete-

250 3482 451 3511 ranorum
486 3486 623 3512 novae
657 3473 699 3511 in
736 3471 992 3514 Germaniae
1025 3471 1121 3512 solo

253 3529 508 3570 condendae
559 3531 602 3570 in
644 3532 844 3572 oratione
886 3537 1122 3586 ponuntur,

253 3589 450 3642 quamvis
496 3589 624 3629 etiam
675 3596 775 3631 aute
826 3591 974 3632 nullae
1018 3590 1124 3631 illuc

255 3646 469 3693 deductae
512 3653 674 3692 essent.
744 3648 849 3699 Nam
893 3649 1009 3708 quod
1040 3649 1123 3693 Dio

785 1486 827 1528 3.
857 1487 1082 1588 quolnliam]
1118 1499 1229 1587 qui(1
1231 1498 1328 1528 cum
1360 1484 1437 1527 lin.
1473 1498 1528 1528 ex
1558 1484 1690 1528 solito
1723 1483 1983 1541 compendio
2014 1485 2071 1528 M.

1040 1552 1144 1602 aput

1197 1687 1294 1730 LVI
1328 1687 1382 1732 18
1422 1689 1552 1731 tradit
1595 1691 1676 1732 καὶ
1717 1689 2004 1748 στρατιῶταί
2029 1704 2075 1736 τε

1201 1748 1359 1791 αὐτῶν
1394 1750 1497 1794 ἐκεῖ
1525 1751 1774 1809 ἐχείμαζον
1805 1752 1886 1793 καὶ
1915 1750 2073 1798 πόλεις

1201 1806 1442 1866 ᾠκίζοντο,
1499 1814 1618 1849 certe
1661 1819 1748 1848 non
1791 1807 1846 1849 de
1886 1808 2074 1851 coloniis

1202 1866 1392 1909 conditis
1423 1866 1762 1924 intelligendum
1803 1872 1883 1909 est.
1948 1868 2073 1911 Wal-

1200 1926 1351 1968 therus
1403 1925 1693 1968 confidentius
1749 1939 1875 1981 quam
1924 1929 2074 1970 verius

1199 1999 1337 2028 novas
1358 1986 1555 2027 colonias
1582 1987 1892 2040 interpretatur
1913 1988 1958 2029 in
1981 1988 2076 2042 ripa

1201 2047 1322 2088 victa
1354 2047 1450 2087 sive
1484 2044 1652 2088 Gallica
1682 2047 1804 2087 sitas.

1291 2103 1395 2159 Cap.
1429 2105 1501 2148 60.
1569 2105 1805 2147 Caecinam
1837 2116 1932 2147 cum
1964 2119 2075 2161 qua-

1203 2164 1408 2220 draqinta
1439 2164 1683 2209 cohortibus
1714 2166 1952 2208 Romanis.-
1993 2166 2076 2208 hae

1203 2223 1490 2280 quadraginta
1517 2223 1722 2266 cohortes
1741 2230 1844 2266 sunt
1870 2224 2078 2281 quattuor

1202 2282 1405 2338 legiones
1426 2283 1649 2326 inferioris
1667 2285 1903 2337 exercitus,
1921 2286 2074 2338 prima,

1202 2344 1375 2396 quinta,
1429 2344 1666 2395 vicesima,
1729 2345 2073 2386 unetvicesima:

1203 2401 1292 2443 vid.
1339 2415 1376 2444 c.
1410 2402 1469 2445 64
1508 2408 1616 2444 extr.
1650 2403 1872 2445 Romanas
1914 2408 1959 2445 et
2001 2402 2075 2444 hic

1201 2466 1245 2502 et
1276 2460 1313 2502 11
1352 2461 1411 2504 80
1455 2467 1499 2502 et
1541 2460 1688 2506 11120
1731 2462 1862 2516 dicit,
1906 2468 1955 2504 ut
1998 2461 2076 2505 has

1201 2519 1467 2576 leqionarias
1499 2521 1694 2563 cohortes
1726 2522 1880 2564 civium
1910 2524 2077 2566 Roma-

1201 2593 1355 2620 norum
1399 2580 1440 2635 (Ι
1470 2579 1522 2633 8,
1556 2580 1632 2622 XII
1658 2580 1744 2649 38)
1790 2583 1888 2624 sive
1919 2582 2077 2624 Dionis

1202 2638 1297 2681 LVI
1349 2640 1409 2683 32
1461 2636 1704 2685 πολιτικὸν
1754 2643 1930 2695 πλῆθος
1978 2642 2077 2682 sive

1201 2712 1356 2754 yraves
1399 2698 1602 2742 cohortes
1645 2713 1901 2755 gyravemque
1932 2713 2077 2742 arina-

1202 2765 1342 2800 turam
1391 2758 1631 2815 distinguat
1691 2759 1744 2799 ab
1794 2773 1847 2801 ea
1894 2760 2075 2812 militia,

1205 2831 1317 2874 quae
1340 2817 1468 2859 modo
1495 2818 1699 2860 cohortes
1721 2819 1866 2860 sociae
1897 2818 1970 2861 vel
2003 2833 2077 2861 so-

1205 2878 1338 2919 ciales
1389 2878 1430 2932 (1
1471 2877 1554 2931 49,
1599 2876 1675 2919 XII
1719 2878 1801 2931 31,
1842 2876 1938 2920 xln
1976 2877 2076 2935 38),

1205 2937 1333 2983 modo
1367 2936 1479 2979 leves
1504 2937 1576 2979 vel
1607 2937 1829 2993 expeditae
1859 2937 1933 2980 vel
1967 2938 2078 2979 citae

1207 2996 1337 3052 (leves
1368 2995 1386 3036 I
1419 2997 1497 3048 51,
1530 2996 1568 3037 11
1600 2997 1681 3047 52,
1713 2995 1771 3038 ΙΙΙ
1799 2997 1879 3050 39,
1912 2995 1972 3038 lv
2005 2997 2076 3039 73.

1207 3055 1430 3110 empeditae
1468 3056 1485 3095 l
1529 3057 1613 3106 50,
1661 3054 1719 3095 lv
1752 3056 1835 3108 25,
1886 3055 1962 3097 XII
2004 3055 2076 3098 39.

1207 3115 1258 3155 ΙΙ.
1282 3113 1337 3154 111
1357 3116 1399 3165 2,
1437 3115 1473 3154 V
1497 3116 1564 3156 11.
1600 3115 1711 3155 citae
1733 3113 1809 3154 XII
1825 3115 1923 3170 31),
1948 3113 2077 3154 modo

1208 3172 1474 3214 auxiliariae
1534 3174 1631 3214 sive
1680 3171 1920 3214 auxiliares
1981 3173 2078 3213 sive

1206 3232 1493 3273 subsidiariae
1526 3231 1566 3288 (I
1588 3231 1672 3283 63,
1704 3230 1761 3273 111
1782 3233 1855 3275 21.
1889 3231 1940 3274 H.
1966 3232 1983 3273 l
2005 3232 2077 3284 59,

1207 3292 1243 3332 11
1274 3291 1346 3343 89,
1379 3290 1435 3332 III
1471 3292 1549 3344 153
1587 3289 1662 3331 XII
1692 3291 1800 3348 39),
1835 3292 1966 3332 etiam
1998 3304 2079 3332 ar-

1207 3357 1379 3391 matura
1411 3350 1514 3392 levis
1547 3350 1606 3405 (Il
1637 3350 1665 3392 8
1699 3355 1743 3392 et
1777 3351 1845 3403 16,
1879 3349 1974 3391 XIII
2005 3352 2077 3400 41,

1209 3410 1306 3451 XIV
1326 3409 1407 3467 34)
1432 3411 1580 3452 vocari
1600 3409 1728 3451 solet.
1783 3409 1964 3462 Q-uippe
1997 3380 2079 3448 hae’

1209 3475 1352 3512 aetate
1367 3469 1580 3525 legionar
1571 3470 1599 3509 1i
1621 3481 1772 3510 omnes
1783 3467 1926 3523 pilani
1937 3467 2034 3508 lucr
2037 3479 2076 3517 e,

1210 3531 1253 3571 h.
1300 3543 1338 3571 e.
1383 3529 1484 3583 pilis
1527 3530 1624 3570 sive
1668 3527 1823 3569 iaculis
1868 3524 2077 3581 gravibus

1210 3590 1426 3640 instructi,
1460 3589 1571 3629 socii
1598 3592 1741 3628 autem
1762 3587 1857 3627 sive
1889 3583 2079 3626 auxilia-

1209 3661 1280 3692 res
1314 3647 1594 3709 δορυφόροι.
1659 3644 1834 3692 Gladius
1866 3645 2078 3702 unisque,
