2280 4004
248 275 272 320 1
281 276 337 320 10
1015 277 1306 322 ANNALIVM

1819 294 1858 326 a.
1890 293 1935 327 u.
1969 280 2070 331 769.

249 418 314 470 ad
355 418 724 472 Chaldaeorum
759 419 1028 486 promissa,
1067 435 1332 488 magorum
1366 434 1531 487 sacra,
1571 421 1882 478 somniorum
1922 425 2072 477 etiam

245 511 547 579 interpretes
591 512 798 580 impulit,
841 512 956 565 dum
993 528 1237 580 proavum
1273 514 1578 581 Pompeium,
1620 515 1822 568 amitam
1860 509 2075 570 Scribo-

245 603 408 670 niam,
466 619 595 671 quae
645 604 898 670 quondam
937 605 1154 674 Augusti
1205 606 1426 659 coniunx
1474 606 1666 672 fuerat,
1732 607 2073 661 consobrinos

246 696 511 762 Caesares,
549 696 748 762 plenam
785 685 1090 765 imaginibus
1109 698 1328 760 θςίοηῑηιιιῑι
1369 703 1603 765 ostentat,
1641 699 1970 767 hortaturque
2007 699 2072 752 ad

206 786 411 861 sluxum
451 793 500 840 et
536 803 624 840 aes
661 788 910 855 alienum,
950 790 1123 842 socius
1159 790 1423 842 libidinum
1465 796 1514 843 et
1549 791 1935 857 necessitatum,
1972 805 2071 858 quo

241 879 467 946 pluribus
519 879 724 932 indiciis
778 881 1032 949 inligaret.
1148 883 1210 934 Ut
1263 883 1387 935 satis
1439 883 1639 936 testium
1692 888 1741 935 et
1796 883 1880 950 qui
1934 884 2071 945 servi
2087 891 2157 941 28

243 971 421 1024 eadem
478 978 753 1024 noscerent
804 974 1052 1040 repperit,
1117 974 1303 1027 aditum
1370 975 1434 1026 ad
1496 975 1776 1042 principem
1834 974 2071 1041 postulat,

243 1061 588 1115 demonstrato
628 1065 838 1116 crimine
875 1071 924 1117 et
959 1081 1050 1117 reo
1085 1081 1175 1132 per
1213 1066 1445 1117 Flaccum
1468 1066 1816 1121 Vescularium
1855 1066 2072 1133 equitem

240 1153 543 1221 Romanum,
592 1157 672 1207 cui
708 1157 919 1223 propior
957 1173 1068 1208 cum
1107 1158 1309 1210 Tiberio
1347 1174 1468 1211 usus
1511 1164 1634 1210 erat.
1710 1159 1899 1212 Caesar
1935 1157 2075 1209 indi-

180 1261 227 1299 ω
243 1246 372 1297 cium
410 1247 545 1299 haud
583 1254 881 1315 aspernatus
922 1264 1232 1317 congressus
1269 1250 1464 1301 abnuit:
1519 1265 1672 1317 posse
1715 1250 1849 1302 enim
1891 1248 2074 1302 eodem

240 1337 424 1391 Flacco
476 1340 786 1392 internuntio
826 1356 1114 1394 sermonem
1158 1357 1462 1394 commeare.
1536 1342 1705 1408 Atque
1748 1340 1953 1393 interim
1987 1339 2078 1393 Li—
2130 1323 2132 1326 ’

239 1430 425 1483 bonem
456 1437 604 1484 ornat
628 1438 883 1498 praetura,
913 1433 1235 1484 convictibus
1262 1433 1485 1498 adhibet,
1513 1448 1617 1484 non
1642 1431 1782 1483 vultu
1808 1430 2072 1495 alienatuS,

239 1539 343 1575 non
393 1525 565 1576 verbis
618 1526 920 1578 commotior
976 1526 1134 1589 (adeo
1185 1526 1312 1577 iram
1371 1525 1736 1590 condiderat);
1795 1527 2075 1590 cunctaque

241 1616 349 1668 eius
395 1616 530 1669 dicta
583 1618 848 1685 factaque,
913 1634 1023 1670 cum
1076 1618 1352 1684 prohibere
1390 1621 1594 1683 posset,
1652 1616 1787 1668 scire
1839 1614 2077 1680 malebat,

178 1724 225 1775 ιε
244 1707 409 1762 donec
435 1709 604 1763 Iunius
634 1710 852 1777 quidam,
890 1715 1157 1777 temptatus
1192 1715 1246 1760 ut
1281 1709 1508 1761 infernas
1535 1708 1740 1761 umbras
1770 1706 2076 1760 carminibus

361 1863 402 1905 2.
438 1862 723 1918 interpraetes
758 1863 859 1916 (per
892 1864 1058 1917 comp.)
1094 1859 1148 1902 M.
1230 1861 1272 1903 3.
1308 1859 1586 1902 consobrinus
1620 1859 1811 1901 caesaris
1843 1856 1909 1901 M:
1942 1856 2078 1900 tacite

243 1922 435 1963 correxit
452 1921 705 1964 erenanus.
771 1921 812 1962 7.
846 1922 1036 1976 repperit
1059 1920 1113 1972 M,
1148 1932 1235 1960 non
1268 1920 1442 1976 reperit.
1505 1919 1549 1962 8.
1584 1919 1759 1960 crimini
1776 1918 1830 1961 M.
1895 1917 1937 1961 9.
1966 1931 2077 1974 pro-

234 1983 360 2037 prior
392 1980 600 2036 (alterum
634 1986 839 2036 rpuncto
873 1984 1073 2036 notatur)
1101 1979 1156 2021 M.
1226 1981 1294 2023 11.
1328 1993 1564 2021 sermonem
1597 1978 1761 2021 editor:
1794 1977 1834 2020 Μ
1866 1990 2074 2030 sermone,

238 2040 474 2082 Rhenanus
512 2041 643 2083 tacite
676 2054 892 2083 sermones
926 2045 968 2081 et
1001 2041 1062 2081 ita
1084 2038 1236 2096 vulgo.
1304 2040 1372 2082 13.
1409 2038 1664 2081 commocior
1695 2037 1750 2080 Μ.

239 2100 310 2142 bat
342 2098 393 2142 M.

355 2254 564 2297 proavum
613 2240 876 2296 Pompeium,
941 2241 1117 2282 amitam

238 2298 543 2342 Scriboniam.-
635 2300 796 2341 Lucius
862 2300 1115 2342 Scribonius

237 2358 375 2413 Libo,
432 2359 585 2402 consul
629 2373 667 2402 a.
712 2360 796 2403 720
842 2373 938 2400 cum
970 2359 1115 2400 Marco

237 2418 448 2472 Antonin,
463 2421 556 2461 eius
572 2418 826 2461 Scriboniae
841 2432 953 2474 quae
969 2419 1117 2472 nupsit

239 2477 479 2521 Octaviano
504 2478 747 2534 Iuliamque
782 2480 949 2534 genuit,
984 2477 1118 2519 frater

238 2537 335 2591 fuit,
359 2539 563 2594 idemque
581 2545 705 2593 pater
724 2537 845 2579 illius
858 2537 1116 2580 Scriboniae

238 2610 350 2652 quae
404 2599 537 2639 Sexto
580 2598 789 2651 Pompeio
834 2598 980 2653 Magni
1024 2595 1115 2638 filio

236 2657 513 2698 matrimonio
547 2658 696 2698 iuncta
731 2662 811 2698 est.
858 2656 1115 2709 V.Appiani

235 2712 285 2757 B.
323 2714 369 2757 C.
407 2717 444 2758 V
476 2717 504 2758 3
538 2722 581 2757 et
615 2716 713 2760 139.
749 2715 832 2756 Dio
855 2714 1113 2757 XLVIII16.

236 2773 302 2816 Ex
337 2775 417 2817 hac
455 2775 682 2819 Scribonia
703 2775 860 2817 Sextus
883 2773 1115 2828 Pompeius

237 2833 368 2876 filiam
401 2837 651 2889 procreavit
682 2834 946 2889 Pompeiam,
970 2834 1114 2875 Marco

239 2890 422 2935 Claudio
457 2894 664 2937 Marcello
699 2894 1004 2948 desponsatam
1039 2892 1116 2950 sed

238 2965 324 2993 non
359 2953 633 3005 collocatam,
667 2959 822 3007 postea
856 2951 923 3009 (id
954 2966 1007 2994 ex
1031 2951 1115 2993 hoc

238 3017 387 3069 nostro
420 3011 519 3054 loco
563 3012 779 3069 colligere
822 3012 950 3070 licet)
996 3012 1115 3053 Scri-

237 3070 370 3113 bonio
406 3070 576 3114 cuidam
610 3071 765 3112 Liboni
799 3077 998 3124 nuptam,
1033 3083 1115 3124 pa-

238 3132 351 3174 renti
413 3133 507 3174 eius
550 3130 729 3173 Libonis
772 3132 844 3187 qui
887 3130 970 3170 iam
1012 3142 1113 3170 reus

239 3190 507 3245 producitur.
596 3190 747 3245 ltaque
810 3186 911 3231 huic
973 3188 1114 3230 Druso

239 3249 395 3292 Liboni
427 3249 660 3304 Pompeius
693 3249 875 3305 Magnus
918 3254 960 3289 et
994 3248 1116 3291 Scri-

240 3309 397 3352 bonius
460 3310 641 3351 Antonii
707 3307 904 3365 collega,
969 3313 1114 3362 patres

242 3369 359 3411 Sexti
396 3375 438 3412 et
470 3368 755 3422 Scriboniae,
789 3368 941 3423 proavi
975 3367 1115 3419 fuere,

243 3428 470 3470 Scribonia
503 3434 647 3470 autem
682 3425 911 3470 Octaviani
956 3427 1117 3468 coniux

243 3487 383 3542 eidem
417 3489 546 3527 amita
576 3489 713 3528 maior
750 3488 839 3542 (sic
872 3486 1118 3541 appellatur

243 3557 365 3586 soror
398 3547 575 3599 proavi3
611 3545 639 3586 l.
681 3547 734 3589 10
767 3548 812 3598 δ.
851 3545 903 3588 16
934 3545 1036 3601 Dig.
1069 3545 1118 3586 de

241 3604 446 3661 qradibus
479 3602 694 3645 XXXVIII
723 3606 816 3661 10),
845 3604 922 3647 sed
944 3606 1118 3646 amitam

242 3659 451 3709 iuniorem
491 3661 682 3722 perfidus
725 3664 889 3706 amicus
931 3670 973 3707 et
1008 3663 1118 3707 adu-

1821 2037 1889 2080 14.
1921 2034 2077 2078 malle-

1201 2238 1314 2280 lator
1346 2238 1549 2292 specioso
1580 2238 1758 2279 nomine
1791 2237 1966 2279 amitam
1993 2247 2077 2278 no-

1201 2300 1353 2350 minat,
1376 2297 1544 2339 duobus
1573 2298 1850 2352 cognationis
1871 2295 2077 2354 gradibus

1201 2357 1439 2411 prudenter
1469 2356 1701 2412 neglectis,
1743 2362 1791 2399 ut
1822 2357 1962 2398 maior
1992 2367 2078 2396 no-

1200 2416 1384 2459 bilitatis
1416 2416 1561 2473 imago
1595 2417 1696 2458 vani
1721 2414 1911 2467 hominis
1941 2415 2077 2457 menti

1202 2477 1528 2529 offunderetur,
1573 2474 1617 2516 id
1660 2474 1776 2531 quod
1814 2475 2078 2529 interpretes

1202 2536 1344 2578 adhuc
1376 2535 1518 2578 latuit.
1568 2534 1704 2586 Quam
1729 2534 1899 2577 Seneca
1918 2532 2000 2589 Ep.
2023 2532 2079 2576 70

1202 2601 1412 2637 memorat
1445 2595 1622 2637 amitam
1642 2593 1820 2636 Libonis
1847 2591 2079 2646 rei,‘haec

1201 2668 1286 2696 non
1305 2655 1381 2696 illa
1404 2656 1581 2709 antiqua
1603 2653 1831 2696 Scribonia
1853 2658 2079 2708 materque

1200 2714 1363 2766 Iuliae,
1407 2712 1484 2754 sed
1525 2725 1651 2753 soror
1693 2712 1777 2754 fuit
1829 2712 1869 2754 ei
1921 2709 2079 2754 Liboni

1202 2774 1273 2830 qui
1308 2772 1424 2813 hunc
1456 2771 1641 2814 Drusum
1668 2771 1880 2813 Libonem
1908 2770 2077 2827 genuit.

1291 2831 1537 2872 consobrini
1562 2831 1773 2872 Caesares
1795 2835 1896 2871 sunt
1918 2828 2077 2871 Lucius

1202 2896 1245 2932 et
1279 2890 1410 2934 Gaius
1452 2889 1590 2932 Iuliae
1630 2890 1708 2932 filii
1755 2895 1799 2932 et
1837 2889 2076 2946 Agrippae.

1202 2951 1332 2992 Hisce
1387 2949 1641 2992 Scribonius
1693 2949 1771 2992 ille
1821 2947 1976 2991 consul
2036 2953 2080 2991 et

1201 3010 1337 3051 frater
1378 3009 1633 3052 Scriboniae
1672 3009 1788 3051 unde
1836 3007 1946 3050 Iulia
1977 3011 2080 3049 nata

1202 3069 1444 3111 avunculus
1493 3081 1675 3124 magnus
1718 3067 1828 3120 fuit,
1872 3065 2076 3122 idemque

1200 3141 1276 3169 reo
1310 3127 1463 3169 Liboni
1498 3139 1702 3181 proavus.

1290 3185 1512 3227 libidinum
1532 3192 1572 3227 et
1597 3185 1895 3228 necessitatum
1914 3197 1928 3225 .·
1966 3194 2079 3240 quae

1201 3247 1452 3288 necessario
1478 3244 1698 3302 eroganda
1725 3249 1768 3286 et
1788 3240 2081 3299 impendenda

1202 3311 1330 3359 sunt,
1364 3307 1460 3347 sive
1496 3303 1549 3346 ad
1583 3305 1717 3346 vitam
1750 3299 2078 3347 sustentandam

1202 3366 1297 3406 sive
1331 3364 1383 3406 ad
1416 3365 1646 3420 imperium
1674 3362 1880 3408 tuendum
1914 3361 2011 3405 sive
2034 3360 2080 3400 in

1203 3423 1336 3465 alium
1370 3437 1495 3479 quem
1531 3423 1660 3466 finem
1705 3436 1757 3464 ea
1798 3421 1964 3477 requiri
2005 3418 2079 3459 vi-

1203 3483 1374 3536 dentur,
1408 3485 1686 3526 necessitates
1707 3495 1732 3523 a
1750 3481 1896 3523 Tacito
1922 3476 2079 3519 dicun-

1204 3549 1301 3585 tur:
1349 3542 1367 3584 1
1412 3545 1491 3585 11:
1539 3542 1697 3584 tributa
1729 3546 1803 3581 aut
1833 3534 2078 3592 rectiqalia,

1204 3611 1243 3645 et
1284 3603 1557 3644 necessitates
1594 3614 1648 3642 ac
1695 3598 1962 3654 laryu'tiones.
2025 3595 2077 3639 Η.

1203 3660 1262 3707 IV
1311 3663 1392 3708 22:
1450 3675 1531 3721 per
1589 3658 1808 3702 licentiam
1857 3655 2079 3716 absmnpta
