2280 4004
956 290 1120 338 LlssER
1149 286 1242 337 ΧΠ.
1747 360 1749 362 ‚
1951 278 2011 336 ὲὺ

187 438 322 493 yensr
340 432 594 479 Britannico
626 436 715 477 iam
744 429 954 489 aequatur
982 434 1134 476 matris
1157 428 1306 475 studiis
1323 439 1362 475 et
1392 438 1486 475 arte
1508 423 1668 486 eorum,
1699 429 1771 487 qui
1790 431 1840 473 ob
1870 430 2012 473 inter-a

189 514 348 567 sectam
379 508 660 552 Messalinam
685 508 890 551 ultionem
928 519 981 550 ea·
1017 507 1107 563 filio
1150 507 1353 550 timebant
1383 508 1465 567 (9).
1535 505 1687 549 Parthi
1724 504 2013 548 Meherdaten·

188 597 331 640 regem
372 584 453 625 sibi
483 597 511 624 a
541 581 738 639 patribus
771 581 989 638 postulant
1030 588 1070 624 et
1102 582 1344 638 principem
1381 580 1612 637 propitium
1653 578 1734 621 sibi
1773 577 2007 635 offendunt.

190 655 351 699 Datum
373 656 480 699 Gaio
504 656 653 698 Cassio
687 655 895 698 deducere
924 657 1118 698 iuvenem
1148 655 1205 697 ad
1222 655 1492 713 Euphraten.
1557 653 1830 697 Meherdates
1854 666 2013 713 parum

185 736 379 788 prompte
418 730 465 771 in
503 741 681 787 reynum
717 729 948 772 remeando
986 735 1215 787 superatur
1254 742 1282 771 a
1320 729 1524 780 Gotarze,
1577 732 1663 768 tum
1704 725 1799 768 dolo
1845 724 2014 767 clientis

190 802 376 847 traditur
405 802 581 854 victori,
614 803 684 859 qui
715 802 1013 845 contumeliose
1043 803 1299 859 increpitum
1330 802 1481 843 decisis
1511 800 1686 842 auribus
1714 800 1857 842 vivere
1884 798 2011 841 iubet.

193 875 369 920 Gotarzi
398 876 470 934 qui
498 875 643 919 morbo
676 875 783 919 obiit·
811 877 1013 919 successit
1051 875 1267 929 Vonones,
1307 875 1408 919 huic
1435 882 1529 935 post
1561 874 1682 919 breve
1714 880 1754 918 et
1782 872 2015 932 inqlorium

190 950 414 1009 imperium
449 949 564 1005 filius
613 948 834 1004 Voloqeses
876 951 1107 1008 (10-14).
1206 944 1478 992 Mithridates
1519 950 1793 1005 Bosporanus
1834 945 2016 1003 Bospori

189 1033 367 1082 regnum
398 1029 438 1068 el
462 1022 598 1080 Cotyn
630 1035 772 1080 regem
802 1036 831 1066 a
856 1022 1036 1065 Claudio
1068 1023 1306 1079 impositum
1334 1025 1563 1065 invasurus
1592 1022 1765 1077 sortiter
1794 1014 2017 1077 repellitur

190 1109 219 1139 a
249 1096 394 1152 ‘Cotye
434 1092 666 1150 sociisque,
719 1096 930 1138 Romanis
971 1103 1013 1138 et
1051 1096 1226 1149 Aorsis,
1281 1110 1336 1139 ac
1376 1095 1494 1138 nullo
1540 1096 1587 1136 in
1634 1096 1767 1138 armis
1814 1094 2015 1147 subsidio,

190 1168 389 1213 Eunoni:
419 1168 658 1212 Aorsorum
689 1170 803 1225 regis
830 1170 957 1224 fidem
986 1164 1202 1226 implorat.
1266 1170 1349 1222 Qui
1371 1168 1602 1225 supplicem
1633 1168 1811 1224 benique
1842 1168 2018 1224 suscipit

190 1249 230 1286 ei
257 1242 441 1285 satutem
471 1243 512 1284 ei
543 1242 658 1299 apud
683 1238 910 1284 Claudium
942 1243 1142 1299 impetrat
1166 1242 1396 1299 (15-21).
1458 1241 1545 1283 Sed
1573 1241 1620 1282 in
1650 1241 1754 1283 urbe
1775 1240 2019 1298 Agrippina

191 1315 400 1370 Lolliam,
430 1315 562 1374 paulo
597 1323 697 1358 ante
729 1315 968 1370 aemulam,
1015 1317 1188 1369 evertit,
1232 1317 1332 1358 item
1365 1314 1649 1371 Calpurniam
1677 1315 1883 1369 seminam
1912 1312 2018 1357 ittu-

190 1397 334 1444 strem,
368 1391 486 1433 cuius
517 1393 702 1447 formam
727 1391 932 1447 princeps
964 1390 1233 1432 laudaverat.
1298 1388 1468 1432 Galliae
1493 1389 1770 1431 Narbonensi
1800 1378 1944 1431 datum
1972 1394 2020 1430 ut

192 1464 460 1507 'senatoribus
492 1466 582 1507 eius
606 1465 861 1521 provinciae
896 1463 1045 1506 liceret
1074 1478 1144 1506 res
1174 1477 1272 1506 suas
1296 1464 1482 1505 invisere
1511 1463 1641 1505 venia
1673 1463 1725 1504 ab
1755 1463 2017 1523 imperatore

193 1549 281 1580 non
307 1539 456 1596 petita.
523 1539 689 1581 Ituraei
719 1545 759 1580 et
780 1538 933 1581 Iudaei
954 1539 1111 1595 Syriae
1142 1538 1292 1583 additi.
1353 1537 1516 1582 Salutis
1546 1538 1773 1594 au9urium
1803 1539 1858 1581 75
1892 1537 2020 1582 annis

194 1611 391 1655 oro-issum
431 1613 566 1668 repeti
609 1625 663 1656 ao
714 1611 813 1656 dein
859 1613 1107 1655 continuari
1141 1611 1365 1669 placitum.
1451 1610 1691 1657 Pomerium
1731 1610 1849 1657 urbis
1899 1610 2020 1657 auxit

196 1685 389 1740 Caesam
441 1686 514 1743 qui
553 1692 655 1728 ante
702 1686 906 1729 auxerint
961 1692 1003 1728 et
1049 1699 1150 1743 quos
1199 1684 1406 1731 Romulus
1459 1685 1644 1743 pomerii
1690 1685 1894 1730 terminos
1934 1697 2020 1746 po.

197 1759 331 1804 suoru
362 1759 593 1819 (sa-24).
1242 1747 1255 1761 ⁶

363 1833 470 1890 Cap.
507 1834 700 1877 25-40,
762 1832 914 1875 Annus
953 1845 982 1875 a
1015 1831 1119 1877 Chr.
1153 1833 1545 1889 qfflnquaqesimus,
1595 1830 1768 1875 Claudii
1802 1829 2018 1891 principis

194 1907 396 1950 decimus,
465 1906 649 1964 Adoptio
696 1907 744 1949 in
786 1907 1019 1950 Domitium
1059 1908 1316 1949 auctoritate
1360 1906 1572 1949 Pallantis
1615 1905 1759 1948 liberti
1796 1905 2019 1962 festinata,

194 1987 428 2038 rogataque
469 1982 539 2024 lex
576 1993 660 2038 qua
699 1982 747 2023 in
789 1981 1006 2038 familiam
1038 1980 1268 2024 Claudiam
1304 1988 1347 2023 et
1385 1993 1539 2022 nomen
1571 1980 1758 2024 Neronis
1800 1980 2021 2032 transiret·

194 2055 440 2112 Agrippina
486 2062 668 2111 auqetur
708 2061 984 2112 coqnomento
1026 2055 1271 2112 Auyustae;
1333 2055 1492 2097 misera
1535 2054 1783 2097 Britannici
1826 2056 2021 2110 fortuna.

196 2130 251 2172 In
281 2130 478 2186 oppidum
515 2130 715 2173 Ubiorum
746 2129 919 2172 colonia
950 2127 1155 2184 deducta3
1188 2131 1259 2171 cui
1287 2143 1443 2171 nomen
1470 2129 1651 2171 inditum
1682 2143 1736 2170 eae
1754 2127 2024 2185 Agrippinae

194 2202 401 2245 vocabulo
435 2206 665 2261 (25—27).
738 2203 792 2245 In
823 2204 1045 2260 superiore
1081 2202 1321 2246 Germania
1361 2203 1615 2259 trepidatum
1657 2203 1841 2244 adventu
1873 2201 2024 2246 Chau-

198 2289 366 2329 corum,
411 2279 482 2331 qui
520 2277 706 2333 repressi
749 2290 882 2333 opera
912 2276 1135 2333 Pomponii
1176 2276 1306 2332 leyati
1338 2277 1568 2334 (27—28).
1652 2275 1843 2319 Vannius
1874 2276 2025 2320 Suevis

199 2362 227 2390 a
258 2349 400 2390 Druso
436 2349 625 2391 Caesare
666 2350 885 2406 impositus
928 2349 1130 2405 pellitur3
1171 2361 1349 2405 regnum
1389 2349 1554 2405 Vangio
1598 2363 1652 2391 ac
1684 2349 1787 2391 Sido
1827 2350 1942 2391 inter
1979 2362 2024 2391 se

194 2423 410 2478 partivere
443 2424 673 2481 (29—30).
749 2422 909 2465 Ostorii
950 2423 1156 2465 adversus
1187 2424 1445 2465 Britanniae
1486 2422 1666 2480 populos
1704 2437 1774 2464 res
1814 2436 2024 2480 prospere

194 2501 364 2550 gestae,
415 2495 561 2537 domiti
595 2495 760 2537 Silures
793 2500 832 2537 et
862 2509 942 2537 rece
976 2495 1219 2538 Caratacus
1249 2503 1345 2552 post
1376 2509 1509 2552 qrave
1535 2495 1750 2552 proelium
1781 2495 1839 2537 ad
1872 2495 2023 2540 Carti..

196 2568 427 2610 manduam
458 2569 654 2625 reginam
682 2570 852 2624 fuqiens
883 2570 1092 2612 Romanis
1134 2570 1348 2623 traditur,
1390 2570 1541 2611 missus
1583 2571 1631 2611 in
1667 2569 1815 2611 urbem
1845 2569 2027 2626 benigne

197 2641 419 2696 eoecipitur.
484 2641 632 2684 Novae
664 2642 868 2684 adversus
899 2642 1071 2685 Siluras
1099 2656 1270 2699 puqnae
1308 2650 1404 2699 post
1445 2643 1647 2684 amissum
1685 2656 1829 2698 regem
1860 2644 2026 2685 acriter

197 2720 387 2767 coortos,
441 2721 479 2756 et
519 2715 711 2757 Ostorius
761 2716 902 2758 taedio
958 2728 1163 2758 curarum
1205 2719 1342 2772 fessus
1390 2717 1480 2759 vita
1538 2716 1732 2758 concedit
1773 2717 2022 2775 (31-39).

197 2788 350 2830 Didius
381 2802 513 2830 novus
544 2789 706 2845 leqatus
738 2790 938 2832 celeriter
975 2791 1207 2832 adveniens
1235 2791 1357 2847 pellit
1389 2790 1561 2832 Siluras
1598 2791 1687 2831 iam
1719 2791 1805 2835 late
1843 2791 2018 2848 persul-

198 2867 356 2914 tantes,
400 2861 620 2904 Venutium
653 2877 674 2904 e
707 2861 960 2918 Briyantum
1002 2865 1174 2906 civitate
1214 2865 1356 2920 fundit
1398 2864 1630 2921 bellumque
1664 2867 1877 2923 componit
1907 2868 2021 2924 (40).

365 2933 470 2990 Cap.
498 2935 688 2978 41—51.
769 2935 922 2978 Annus
963 2950 992 2977 a
1038 2937 1142 2979 Chr.
1201 2939 1570 2995 quinquayesimus
1605 2942 1795 2997 primus,
1851 2939 2026 2985 Claudii

197 3005 457 3048 undecimus.
519 3009 762 3064 Agrippina
794 3010 852 3051 ad
881 3009 1044 3052 altiora
1073 3012 1247 3064 nititur,
1290 3019 1510 3055 maturata
1548 3014 1666 3056 virili
1710 3021 1810 3071 toqa
1842 3014 2021 3068 Neroni,

199 3080 452 3122 Britannico
486 3081 672 3124 desolato
705 3090 744 3123 et
771 3083 867 3137 fidis
885 3085 1092 3126 ministris
1123 3085 1318 3142 spoliate,
1351 3088 1489 3128 Burro
1523 3089 1765 3129 cohortibus
1791 3090 2026 3143 praetoriis

196 3154 471 3208 praeposit03
519 3156 615 3211 ipsa
647 3156 905 3212 Capitolium
946 3165 1150 3214 carpento
1192 3160 1457 3216 inqreditur,
1500 3167 1866 3217 propugnatorem
1906 3175 2026 3202 suum

211 3224 420 3268 Vitellium
446 3236 639 3285 prompte
685 3232 825 3271 tuetur
857 3231 1087 3288 (41—42).
1159 3230 1263 3274 Urbs
1304 3239 1490 3274 terretur
1530 3233 1743 3289 prodigiis
1776 3241 1816 3275 et
1854 3235 2027 3290 frugum,

201 3305 384 3353 eyestate
415 3301 526 3357 (43).
590 3302 755 3343 Eodem
785 3316 900 3345 anno
934 3304 1086 3347 bellum
1116 3306 1229 3346 inter
1261 3305 1487 3347 Armenios
1520 3307 1781 3361 Hiberosque
1814 3314 2021 3362 emortum,

198 3370 504 3426 illiganturque
536 3373 686 3415 Parthi
717 3389 772 3416 ac
802 3377 1005 3418 Romani.
1084 3378 1358 3419 Radamistus
1386 3378 1500 3431 filius
1532 3379 1841 3422 Pharasmanis
1875 3381 2025 3425 Hiberi

201 3444 484 3485 Mithridaten
519 3445 751 3488 Armeniae
781 3461 924 3503 regem
965 3449 1120 3503 {ratcde
1164 3451 1495 3491 circumventum
1539 3453 1729 3494 exercitu
1761 3459 1801 3494 et
1830 3452 2024 3509 fallaciis

201 3525 438 3574 oppugnat,
481 3531 578 3559 mox
608 3521 809 3575 interficit
841 3523 1071 3582 (44-47).
1135 3524 1379 3575 Quadratus
1409 3526 1563 3580 Syriae
1602 3533 1746 3568 rector
1779 3527 1829 3569 de
1857 3527 2023 3573 ultione

203 3587 420 3646 deliberat,
452 3592 526 3634 sed
560 3595 742 3649 frustra,
775 3595 975 3652 Peliqnus
997 3595 1300 3654 Cappadociae
1326 3606 1590 3655 procurator
1621 3599 1872 3644 Armeniam
1903 3603 2020 3646 reci-

199 3670 426 3718 peraturus
443 3666 740 3713 Radamistum
770 3669 882 3714 ultro
902 3669 1100 3714 hortatur
1125 3685 1287 3726 sumere
1319 3673 1483 3731 reyium
1514 3675 1695 3732 insigne.
1757 3676 1845 3720 Sed
1864 3677 2020 3722 Rada-
