2280 4004
133 615 202 664 48

217 301 244 331 a
278 290 326 336 G.
359 291 550 339 64—65.

818 294 985 339 LIBER
1015 295 1109 339 XV.
1173 294 1279 339 CAP.
1312 297 1504 341 46-48,

1947 302 2038 343 285

215 451 384 491 rerum
419 436 748 489 humanarum
788 436 922 489 aliud
965 443 1140 504 caput,
1197 438 1289 490 sed
1325 453 1429 489 non
1468 439 1579 491 fore
1614 437 1834 490 validum
1872 454 2042 505 neque

219 527 498 593 occultum,
551 529 664 594 quia
705 528 757 578 in
791 533 937 581 utero
974 545 1263 596 repressum
1300 535 1384 581 aut
1421 531 1517 582 iter
1552 531 1688 583 iuxta
1733 530 1917 582 editum
1956 530 2036 583 sit.

357 620 534 671 Ineunt
566 619 751 670 deinde
779 621 1090 672 consulatum
1117 621 1267 673 Silius
1292 621 1458 672 Nerva
1490 626 1539 672 et
1561 620 1758 672 Atticus
1782 620 2036 686 Vestiam,

218 715 395 777 coepta
433 710 580 762 simul
617 716 666 762 et
698 717 843 762 aucta
883 713 1250 777 coniuratione,
1291 713 1343 763 in
1384 727 1528 779 quam
1571 713 1797 765 certatim
1833 713 2038 764 nomina

217 801 464 853 dederant
508 808 772 854 senatores
825 818 980 869 eques
1017 804 1187 869 mileS,
1249 804 1468 855 feminae
1522 805 1700 869 etiarn,
1752 819 1864 855 cum
1917 804 2076 857 odio5

213 891 450 958 NeroniS,
488 897 590 943 tum
627 893 803 944 favore
840 894 892 944 in
929 894 1103 946 Gaium
1142 895 1391 947 Pisonem.

1466 896 1512 946 Is
1545 895 1813 961 Calpurnio
1849 910 2040 963 genere

217 988 378 1049 ortus,
418 1000 479 1036 ac
512 985 691 1036 multas
728 986 1060 1053 insignesque
1093 986 1310 1038 familias
1349 991 1558 1053 paterna
1599 987 1861 1039 nobilitate
1899 1003 2043 1040 com-

213 1074 420 1140 plexuS‚
481 1075 618 1126 claro
680 1077 810 1141 apud
858 1076 1062 1143 vulgum
1122 1092 1327 1128 rumore
1383 1083 1492 1128 erat
1543 1094 1635 1144 per
1685 1078 1918 1130 virtutem
1960 1082 2044 1132 aut

214 1165 414 1232 species
448 1166 715 1217 virtutibus
739 1166 946 1218 similes.

1020 1168 1246 1233 Namque
1284 1168 1569 1219 facundiam
1609 1169 1808 1220 tuendis
1849 1169 2042 1222 civibus

215 1257 516 1323 exercebat,
578 1257 899 1324 largitionem
936 1259 1204 1310 adversum
1243 1259 1465 1324 amicOS,
1523 1264 1572 1310 et
1610 1259 1798 1326 ignotis
1843 1273 2105 1326 quoqueio

216 1348 348 1400 comi
386 1363 623 1401 sermone
659 1354 708 1400 et
746 1364 1045 1416 congressu.

213 1454 507 1505 procerum,
572 1440 760 1492 decora
821 1441 998 1492 facies,

1121 1350 1352 1401 Aderant
1386 1351 1534 1402 etiam
1579 1351 1815 1416 fortuita,
1859 1366 2042 1418 corpus

1073 1441 1171 1493 Sed
1217 1442 1394 1508 procul
1445 1442 1669 1509 gravitas
1731 1457 1929 1493 morum.
1964 1447 2047 1494 aut

213 1531 523 1597 voluptatum
552 1531 888 1597 parsimonia:
926 1532 1118 1583 levitati
1155 1549 1215 1583 ac
1247 1533 1654 1600 magnificentiae
1692 1538 1740 1584 et
1773 1533 2044 1599 aliquando

214 1622 334 1673 luxu
389 1622 699 1690 indulgebat.

776 1623 930 1689 quue
989 1623 1215 1689 pluribus
1275 1625 1612 1690 probabatur,
1669 1624 1750 1690 qui
1803 1624 1854 1674 in
1907 1629 2043 1675 tanta

213 1713 451 1765 vitiorum
506 1713 776 1765 dulcedine
825 1729 1069 1766 summum
1127 1715 1390 1781 imperium
1445 1730 1549 1766 non
1607 1715 1893 1768 restrictum
1947 1729 2106 1767 necis

280 1916 281 1919 Ἰ
333 1869 376 1911 4.
412 1874 565 1924 caepta
596 1867 677 1910 Ma.
769 1867 811 1910 6.
849 1867 897 1911 G.
921 1865 1001 1910 Ma.

212 1928 390 1982 parsim.
424 1926 518 1970 Ma:
550 1940 638 1969 non
668 1929 849 1984 parcim.

304 2070 408 2126 Cap.
427 2072 500 2116 48.
565 2073 888 2115 coniuratione:
920 2072 974 2114 de
1008 2086 1084 2114 ea-

215 2130 314 2172 dem
351 2132 633 2188 negligenter
681 2138 724 2173 et
779 2134 961 2174 strictim
1001 2132 1085 2172 Dio

216 2189 331 2244 apud
354 2191 518 2245 Xiphil.
545 2190 656 2233 LXII
686 2191 745 2236 24
776 2205 840 2247 sq.
904 2192 1083 2234 Sueton.

214 2248 318 2291 Ner.
351 2250 424 2293 36.
498 2249 564 2292 De
604 2250 650 2291 C.
680 2250 839 2292 Pisone
871 2263 1091 2292 memora-

215 2308 323 2350 bilia
361 2309 600 2351 scholiasta
643 2309 867 2352 Iuvenalis
909 2309 1090 2365 (Plinio,

216 2373 348 2422 puto,
400 2382 503 2410 usus
537 2374 739 2426 auctore)
780 2370 816 2410 V
854 2369 960 2412 109:
994 2369 1089 2410 Piso

219 2427 494 2484 Calpurnius,
510 2429 688 2483 antiqua
708 2427 895 2483 familia,
921 2430 1090 2470 scenico

215 2485 364 2529 habitu
402 2488 648 2543 tragoedias
678 2488 895 2540 actitavit,
942 2489 990 2528 in
1019 2488 1090 2529 la-

216 2545 512 2588 trunculorum
555 2547 649 2588 lusu
692 2554 778 2588 tam
803 2550 1021 2603 perfectus
1053 2553 1093 2588 et

219 2604 415 2659 callidus,
447 2613 495 2648 ut
524 2606 582 2648 ad
618 2621 710 2648 eum
741 2605 952 2648 ludentem
983 2619 1090 2647 con-

216 2671 479 2706 curreretur.
577 2665 637 2707 Ob
691 2666 799 2707 Ιιαεο
848 2667 1091 2708 insinuatus

217 2723 266 2766 G.
288 2723 485 2778 Caesari,
517 2731 690 2781 repente
717 2726 846 2767 etiam
876 2725 1091 2780 releqatus

215 2789 296 2836 est,
343 2783 454 2838 quod
498 2785 841 2826 consuetudinem
875 2785 1090 2840 pristinae

213 2843 364 2884 uxoris
391 2842 599 2884 abductae
616 2843 696 2884 sibi
722 2844 774 2884 ab
799 2845 906 2899 ipso,
939 2843 1090 2884 deinde

218 2902 421 2943 remissae
477 2903 695 2957 repetiisse
750 2903 1088 2943 existimabatur.

219 2959 323 3001 Mox
352 2960 425 3002 sub
461 2960 641 3002 Claudio
676 2962 1091 3016 magnificentissime

214 3019 346 3072 vixit,
391 3020 554 3061 meritis
595 3020 817 3062 sublevare
857 3021 1005 3076 inopes
1039 3034 1092 3061 ex

214 3085 393 3134 utroque
436 3079 588 3121 ordine
636 3078 808 3133 solitus,
873 3080 922 3121 de
968 3078 1090 3135 plebe

217 3145 358 3181 autem
413 3146 550 3181 certos
605 3146 801 3194 quotquot
856 3139 983 3180 annis
1035 3138 1093 3179 ad

219 3204 452 3252 equestrem
521 3211 693 3240 censum
763 3198 1092 3254 dignitatemque

218 3256 468 3312 provehere.
534 3256 715 3299 Carmen
746 3258 791 3298 in
823 3257 995 3299 laudem
1016 3257 1091 3297 Pi..

218 3316 337 3356 sonis
358 3328 383 3357 a
407 3315 615 3357 mediocri
641 3322 772 3370 poeta
799 3318 1091 3370 conscriptum

219 3380 308 3415 tum
335 3374 411 3415 alii
438 3373 628 3428 edidere,
663 3381 750 3415 tum
771 3374 1089 3417 Wernsdorlius

219 3432 341 3475 Poet.
375 3433 468 3475 Lat.
502 3435 606 3476 min.
641 3439 671 3475 t.
704 3433 780 3475 IV.

302 3492 554 3547 facundiam
578 3493 742 3534 tuendis
774 3493 931 3534 civibus
963 3506 1092 3534 exer-

220 3551 368 3594 cebat.-
394 3565 448 3593 ex
473 3551 640 3592 duobus
663 3551 835 3593 dicendi
855 3552 1092 3607 generibus

220 3611 455 3667 gratiosius
488 3617 679 3653 sectatus
711 3616 800 3663 est,
856 3617 903 3651 ut
935 3610 1093 3653 desen-

219 3668 342 3714 deret
361 3682 476 3724 reos,
496 3669 549 3712 ab
572 3670 817 3719 accusando
838 3670 1091 3718 abstineret.

1093 1868 1135 1911 8.
1169 1868 1335 1925 volqum
1368 1868 1440 1911 Or.

943 1926 1112 1969 lenitati
1142 1929 1295 1985 vulgo.

1534 1869 1576 1912 9.
1610 1882 1780 1923 nanque
1810 1866 1890 1910 Ma.
1975 1869 2050 1913 13.

1395 1929 1462 1971 14.
1497 1928 1599 1970 luxu
1630 1927 1722 1970 Ma:
1755 1928 1876 1970 luxui
1907 1927 1954 1970 G.

1260 2075 1464 2128 fortuita:
1507 2071 1549 2113 h.
1586 2086 1624 2114 e.
1660 2084 1762 2114 casu
1796 2076 1839 2112 et
1870 2071 2043 2113 fortuna

1172 2131 1359 2175 obiecta.
1461 2131 1720 2187 voluptatum
1747 2132 2041 2186 parsimonia.-

1174 2204 1289 2234 nove
1335 2191 1444 2233 haec
1492 2191 1601 2232 dixit
1643 2204 1719 2245 pro
1770 2190 2043 2244 voluptatum

1173 2251 1474 2293 moderatione
1502 2252 1599 2291 sive
1623 2251 1937 2304 temperantia:
1959 2251 2043 2292 Be·-

1172 2310 1448 2366 schrctnkunq
1482 2310 1558 2351 der
1590 2309 1886 2365 Lustyenitsse.

1270 2370 1456 2412 levitati:
1507 2369 1559 2410 de
1599 2369 1779 2424 vulgata
1816 2367 2044 2410 Ernestius

1171 2429 1347 2471 scribit:
1378 2428 1574 2471 ‘verbum
1598 2427 1766 2470 lenitati
1795 2429 1923 2469 nimis
1959 2428 2043 2469 bo-

1170 2502 1272 2530 num
1307 2494 1386 2541 est,
1420 2501 1544 2543 quam
1579 2493 1626 2528 ut
1658 2487 1700 2528 h.
1728 2487 1757 2529 l.
1781 2492 1927 2541 aptum
1959 2489 2041 2540 sit3

1173 2555 1215 2590 et
1257 2551 1450 2605 qravitas
1491 2547 1674 2588 videtur·
1708 2548 1936 2601 requirere
1977 2546 2043 2588 le-

1169 2609 1307 2650 vitati.
1372 2608 1546 2650 Levitas
1571 2612 1714 2648 autem
1749 2611 1814 2647 est
1845 2606 1888 2646 in
1921 2618 2043 2647 sum-

1172 2667 1317 2722 ptibus
1351 2667 1405 2708 ad
1437 2666 1690 2720 captandam
1725 2665 1932 2721 gratiam,
1966 2671 2041 2706 aut

1171 2727 1226 2769 ad
1256 2728 1451 2781 speciem
1493 2727 1701 2766 maiorem
1750 2723 2040 2767 induendam'.

1171 2787 1347 2830 Lenitas
1378 2798 1465 2826 non
1499 2784 1643 2826 aliena
1687 2790 1778 2825 erat
1811 2797 1836 2825 a
1867 2783 2042 2836 Pisone,

1172 2846 1249 2887 sed
1282 2845 1335 2887 de
1377 2858 1428 2885 ea
1472 2850 1572 2885 ante
1618 2844 1723 2885 satis
1764 2842 1925 2884 dictum
1958 2843 2042 2884 iam

1173 2910 1252 2946 est.
1317 2904 1490 2945 Levitas
1532 2915 1638 2944 vero
1670 2902 1816 2943 Pisoni
1848 2902 1951 2955 fuit,
1996 2907 2044 2942 ut

1171 2964 1245 3018 qui
1298 2963 1406 3004 adeo
1459 2974 1545 3002 non
1591 2974 1751 3018 gnarus
1798 2967 1914 3003 esset
1962 2961 2042 3001 sub

1170 3023 1345 3065 Nerone
1366 3028 1623 3076 temporum,
1657 3027 1704 3062 ut
1728 3021 1890 3076 insigni
1923 3019 2042 3061 libe·-

1170 3082 1343 3124 ralitate
1392 3087 1435 3122 et
1490 3079 1767 3135 prodigentia
1833 3079 2042 3133 principis

1171 3148 1333 3183 metum
1378 3145 1421 3180 et
1483 3141 1709 3180 saevitiam
1734 3164 1737 3167 -
1764 3142 2041 3191 provocaret,

1173 3202 1246 3255 qui
1291 3198 1548 3240 latrunculis
1600 3197 1651 3237 ad
1703 3196 2042 3238 delectationem

1172 3258 1314 3312 plebis
1349 3265 1391 3299 et
1423 3259 1466 3297 in
1514 3269 1668 3297 vanam
1702 3255 2040 3296 ostentationem

1172 3317 1367 3368 luderet,
1428 3316 1595 3371 tragico
1645 3320 1798 3356 ornatu
1850 3319 2042 3365 caneret,

1173 3377 1333 3431 quique
1355 3375 1618 3430 degenerem
1646 3379 1690 3415 et
1721 3373 1815 3415 sola
1848 3372 2043 3427 corporis

1173 3435 1311 3475 forma
1331 3433 1671 3475 commendatam
1695 3445 1872 3473 uxorem
1892 3434 1951 3488 (c.
1967 3431 2042 3490 59)

1174 3495 1302 3535 amici
1337 3492 1610 3533 matrimonio
1645 3492 1896 3544 abstulerit,
1931 3503 2043 3546 quae

1174 3554 1318 3594 omnia
1350 3565 1475 3606 quam
1499 3552 1684 3592 maxime
1716 3550 1860 3592 aliena
1892 3563 1916 3591 a
1946 3549 2042 3592 viro

1175 3610 1298 3668 gravi
1332 3617 1374 3652 et
1406 3611 1614 3652 Romano.
