2280 4004
197 281 289 326 136
967 278 1263 323 ANNALlVM
1655 294 1695 326 a.
1727 292 1771 326 u.
1807 281 2036 328 770-71,

200 431 249 477 et
295 424 547 477 terrorem
591 422 958 476 circumferret.
1052 422 1509 490 compulerantque
1562 422 1838 492 Cinithios,
1889 426 2026 479 haud

198 517 536 584 spernendam
573 517 862 579 nationem,
929 515 981 564 in
1023 514 1226 578 eadem,
1292 529 1401 565 cum
1439 515 1617 566 Furius
1655 515 1892 568 Camillus
1926 532 2021 584 pro

201 609 409 660 consule
447 609 658 659 Africae
697 601 1002 673 legionem„
1045 610 1094 657 et
1136 605 1271 671 quod
1310 606 1403 656 sub
1443 606 1606 673 signis
1643 607 1932 672 sociorum,
1957 607 2027 660 *in

197 714 347 750 unum
387 700 666 750 conductos
705 697 769 748 ad
812 697 1010 748 hostem
1050 696 1206 760 duxit,
1246 697 1497 748 modicam
1535 713 1753 763 manum,
1781 699 1826 750 si
1857 698 2028 750 multi-

159 791 420 842 studinem
472 789 799 842 Numidarum
856 792 1006 854 atque
1055 788 1342 839 Maurorum
1398 793 1687 854 spectares:
1759 789 1850 841 sed
1901 789 2027 841 nihil

198 897 359 947 aeque
399 881 675 932 cavebatur
715 895 861 945 quam
890 895 954 930 ne
991 879 1175 930 bellum
1213 885 1346 931 metu
1373 879 1652 931 eluderent.
1726 882 1825 947 Spe
1859 881 2029 932 victo-

195 972 304 1023 riae
344 972 537 1022 inducti
576 976 691 1022 sunt
739 977 792 1021 ut
838 971 1181 1022 vincerentur.
1257 971 1416 1038 Igitur
1456 971 1594 1038 legi0
1633 971 1833 1036 medi0,
1884 972 2026 1024 leves

199 1063 438 1114 cohortes
476 1063 706 1139 duaeque
742 1063 857 1131 alae
886 1063 946 1133 in
990 1063 1228 1141 cornibus
1264 1063 1512 1138 locantur.
1588 1064 1695 1115 Nec
1733 1062 2027 1114 'lacfarinas

196 1169 415 1221 pugnam
473 1154 788 1205 detiectavit.
872 1130 1005 1204 Fusi
1025 1131 1299 1218 Numidae,
1363 1154 1646 1220 multosque
1695 1159 1810 1220 post
1866 1169 2027 1205 annos

137 1246 347 1297 wFurio
386 1245 576 1296 nomini
605 1251 800 1311 partum
838 1245 994 1296 decus
1037 1245 1260 1296 militiae.
1336 1246 1460 1296 Nam
1499 1250 1614 1310 post
1650 1245 1787 1296 illum
1824 1245 2030 1312 recipe-

198 1342 419 1387 ratorem
468 1337 609 1386 urbis
653 1336 907 1402 filiumque
964 1336 1073 1386 eius
1115 1336 1374 1387 Camillum
1422 1351 1580 1401 penes
1633 1336 1758 1387 alias
1811 1336 2027 1387 familias

197 1427 522 1493 imperatoria
547 1427 656 1477 laus
694 1427 887 1489 fuerat,
927 1431 1076 1491 atque
1110 1426 1192 1476 hic
1234 1441 1379 1491 quem
1411 1441 1748 1477 memoramus
1781 1426 2029 1478 bellorum

198 1533 380 1584 expers
416 1518 712 1569 habebatur.
786 1518 861 1568 Eo
897 1517 1110 1583 pronior
1136 1517 1364 1568 Tiberius
1392 1532 1476 1568 res
1512 1522 1686 1584 gestas
1716 1517 1847 1582 apud
1872 1532 2032 1569 sena-

196 1613 299 1659 tum
332 1608 632 1671 celebravit3
672 1613 722 1659 et
757 1607 1038 1659 decrevere
1071 1598 1241 1674 patres
1268 1607 1587 1673 triumphalia
1617 1607 1857 1675 insignia,
1895 1607 2031 1674 quod

137 1712 183 1748 ιε
199 1700 409 1753 Camillo
450 1701 513 1752 ob
550 1700 850 1751 modestiam
892 1699 1029 1751 vitae
1067 1700 1269 1765 impune
1308 1699 1414 1759 suit.

339 1792 568 1857 Sequens
609 1806 768 1842 annus
807 1790 1061 1841 Tiberium
1099 1791 1267 1854 tertio,
1296 1790 1651 1842 Germanicum
1684 1790 1862 1842 iterum
1901 1795 2116 1846 con-53

198 1883 333 1935 sules
373 1883 559 1933 habuit.
636 1882 735 1935 Sed
761 1897 873 1934 eum
906 1882 1154 1933 honorem
1181 1881 1511 1933 Germanicus
1540 1882 1651 1932 iniit
1687 1881 1817 1948 apud
1854 1881 2031 1933 urbem

318 2054 356 2094 1.
391 2066 513 2108 conp.
547 2051 602 2094 Μ.
741 2053 893 2094 cnitios
933 2051 997 2092 M:
1050 2051 1243 2092 correxit
1273 2050 1538 2103 Beroaldus3
1570 2050 1762 2092 Muretus
1795 2048 2033 2106 conpletas,

190 2112 416 2155 Broterius
448 2110 693 2167 Cinyphias.
756 2114 798 2155 2.
829 2126 909 2167 pro
944 2110 1116 2152 consule
1137 2110 1189 2163 M,
1209 2124 1294 2152 non
1323 2111 1571 2166 proconsul.
1635 2109 1679 2152 4.
1712 2122 1884 2150 manum
1910 2108 2036 2151 simi-

190 2171 413 2214 litudinem
431 2171 492 2212 M:
526 2177 769 2213 correctum
801 2173 845 2212 in
876 2171 1108 2212 Alciatina.
1257 2171 1325 2213 13.
1359 2178 1461 2226 aput
1493 2169 1546 2211 M.
1672 2171 1739 2212 ¹4.
1771 2168 1946 2224 insigna
1976 2167 2030 2210 M.

196 2232 265 2274 15.
296 2234 497 2287 impunae
530 2230 582 2273 M.
650 2231 716 2273 17.
751 2238 853 2287 aput
883 2231 937 2272 M.

286 2374 659 2430 compulerantque
695 2373 906 2414 Cinithios
938 2398 993 2404 -
1026 2373 1072 2414 in

195 2435 367 2477 eadem:
384 2433 512 2475 sedes
527 2432 816 2474 Cinithiorum
833 2444 920 2473 non
938 2432 1073 2488 longe

196 2509 221 2536 a
270 2493 450 2534 flumine
506 2490 706 2546 Cinyphe
748 2493 863 2533 inter
912 2491 1070 2546 Syrtim

195 2554 408 2595 minorem
450 2557 492 2594 et
526 2553 749 2592 maiorem.
798 2549 1073 2592 Ptolemaeus

197 2612 227 2654 1.
275 2625 311 2653 c.
363 2613 407 2662 δ.
452 2613 532 2654 22ε
589 2612 664 2653 ὑπ’
698 2609 844 2659 αὐτὴν
887 2610 1072 2664 (Syrtim

194 2670 432 2726 minorem)
474 2674 692 2712 Κιιίθιοι
728 2672 805 2711 καὶ
852 2669 1073 2712 &asaroti-

196 2730 392 2785 κώτεροι
429 2732 567 2787 μέχρι
612 2728 693 2772 τοῦ
725 2728 951 2785 Κινύφου
984 2742 1073 2770 710-

195 2788 349 2859 ταμοῦ
372 2789 637 2855 Νιγίιιμοι,
673 2790 753 2829 καὶ
789 2792 900 2843 περὶ.
931 2784 1075 2830 αὐτὸν

198 2846 279 2892 τὸν
313 2840 531 2905 ποταμὸν
567 2847 613 2890 οἱ
648 2846 966 2904 Λωτοᾳάγοι.

287 2913 327 2947 et
369 2906 478 2960 quod
519 2906 593 2946 sub
649 2906 782 2960 siqnis
830 2906 1073 2946 sociorum:

199 2965 241 3005 h.
286 2979 323 3006 e.
368 2967 476 3006 socii
529 2977 605 3018 per
660 2963 865 3006 cohoites
919 2963 1071 3014 divisi3

198 3037 241 3065 v.
294 3022 347 3065 ad
390 3023 427 3064 11
475 3024 543 3065 17.
665 3022 739 3064 sed
790 3022 900 3064 nihil
940 3036 1073 3076 aeque

200 3083 431 3124 cavebatur
469 3107 525 3114 -—-
565 3081 807 3122 eluderent.-
850 3082 1073 3136 ambigere

199 3143 364 3197 possis,
407 3147 547 3182 utrum
589 3141 642 3183 de
691 3141 895 3182 Romanis
932 3153 985 3181 an
1019 3140 1073 3180 de

199 3201 396 3244 Numidis
414 3201 524 3243 haec
551 3201 666 3242 dicta
689 3202 789 3252 sint,
818 3200 1071 3254 praesertim

201 3273 297 3301 curn
354 3260 647 3315 subsequatur
717 3274 789 3314 spe
865 3259 1073 3300 victoriae

198 3319 364 3361 inducti
401 3326 499 3360 sunt
535 3326 581 3359 ut
620 3320 917 3370 vincerentur,
961 3330 1073 3373 quae

202 3389 298 3419 cum
333 3378 386 3418 de
406 3377 602 3419 Numidis
634 3379 776 3432 posita
808 3379 910 3430 sint,
943 3378 1072 3418 etiam

200 3437 346 3489 priora
377 3436 430 3477 de
463 3435 599 3477 isdem
633 3436 920 3493 intelllgenda
946 3434 1074 3477 vide-

201 3498 341 3552 antur.
407 3494 491 3535 Sed
510 3495 690 3536 verbum
716 3497 947 3537 cavebatur
968 3499 1072 3552 (non

199 3552 485 3609 timebatur),
534 3558 622 3593 tum
670 3555 828 3596 fiducia
879 3555 1073 3596 Romano

202 3612 344 3666 aptior
386 3624 513 3668 quam
574 3612 796 3665 barbaris,
852 3620 1073 3670 postremo

201 3669 399 3713 variandi
448 3670 660 3714 sennonis
711 3671 899 3715 studium
939 3672 1074 3716 Taciti

1153 2372 1374 2426 proprium
1419 2369 1630 2422 suadent,
1686 2375 1733 2411 ut
1785 2371 2031 2412 cautionem

1153 2431 1272 2472 illam
1295 2430 1500 2472 Romanis
1525 2428 1777 2470 tribuamus.
1826 2429 1929 2471 Post
1950 2428 2030 2471 hos

1153 2490 1206 2532 ad
1230 2489 1434 2532 Numidas
1467 2489 1621 2529 transit
1652 2494 1849 2530 narrator
1880 2488 2029 2530 verbis

1152 2564 1224 2606 spe
1269 2549 1478 2590 victoriae
1510 2573 1565 2579 -
1597 2548 1897 2600 vincerentur,
1942 2560 2028 2604 quo

1154 2610 1270 2650 facto
1307 2607 1360 2649 ad
1392 2607 1609 2649 Romanos
1642 2607 1768 2649 redit.

1238 2667 1349 2708 leves
1382 2665 1575 2708 cohortes
1608 2666 1796 2721 (litaeque
1829 2665 1950 2707 alae:
1984 2679 2025 2707 v.

1152 2733 1300 2768 annot.
1335 2726 1388 2767 ad
1420 2725 1438 2767 Ι
1467 2724 1539 2768 60.

1243 2785 1347 2840 Cap,
1378 2786 1448 2828 53.
1520 2784 1728 2826 Tiberium
1758 2785 1908 2826 tertio:
1930 2797 2028 2827 me-

1154 2844 1238 2886 lior
1286 2857 1392 2886 usus
1443 2843 1691 2900 postulabat
1749 2844 1918 2889 tertium
1960 2846 2027 2899 (v.

1156 2903 1267 2946 Gell.
1309 2904 1347 2946 X
1383 2907 1454 2961 1),
1499 2903 1577 2946 sed
1615 2909 1821 2946 monente
1861 2901 2029 2946 Orellio

1156 2964 1279 3004 tertio
1328 2964 1521 3018 scripsit,
1575 2976 1631 3004 ne
1679 2969 1833 3019 quater
1868 2975 1940 3004 um
1980 2975 2029 3004 se

1157 3024 1395 3077 exciperet.
1459 3025 1572 3065 Ante
1626 3022 1823 3064 Tiberius
1875 3021 2028 3064 consul

1155 3081 1238 3122 fuit
1270 3095 1308 3123 a.
1345 3081 1427 3124 741
1463 3088 1507 3124 et
1540 3081 1623 3124 747
1659 3082 1862 3136 (Sueton.
1884 3079 2026 3122 Tiber.

1156 3140 1198 3182 9.
1233 3140 1315 3182 Dio
1349 3140 1442 3181 LIV
1474 3142 1552 3192 25,
1590 3140 1662 3181 IV
1695 3140 1772 3206 8);
1825 3140 2028 3194 princeps

1157 3204 1194 3239 tr
1199 3212 1244 3240 es
1265 3199 1515 3240 consulatus
1535 3200 1686 3254 gessit,
1708 3195 1893 3253 primum
1913 3198 2028 3240 hunc

1155 3258 1305 3312 paucis
1338 3257 1492 3299 diebus
1527 3259 1671 3314 (Suet.
1705 3258 1810 3315 26),
1843 3257 2027 3300 alterum

1157 3330 1252 3359 cum
1296 3318 1436 3358 Diuso
1485 3317 1575 3358 filio
1608 3331 1632 3358 a
1665 3316 1744 3359 Ch.
1779 3319 1832 3360 21
1869 3317 2026 3372 (Tacit.

1155 3375 1210 3417 111
1242 3378 1312 3418 31.
1355 3375 1439 3417 Dio
1473 3376 1585 3418 LVII
1617 3378 1697 3432 20)
1733 3376 1868 3417 tribus
1899 3387 2025 3416 men-

1155 3435 1297 3487 sibus,
1351 3436 1526 3476 tertium
1568 3435 1726 3476 absens
1766 3448 1804 3476 a.
1838 3435 1892 3476 31
1928 3445 2023 3475 cum

1156 3495 1315 3537 Seiano
1358 3495 1465 3549 (Dio
1506 3493 1638 3536 LVIII
1668 3494 1711 3536 4.
1756 3493 1932 3534 Sueton.
1967 3491 2024 3534 26

1156 3559 1198 3596 et
1229 3553 1305 3611 65)
1336 3566 1474 3610 usque
1506 3554 1549 3595 in
1580 3552 1678 3594 Idus
1710 3551 1858 3593 Maias.

1243 3612 1439 3656 Achaiae
1473 3610 1744 3668 Nicopolim.-
1777 3609 1904 3651 ‘bene
1936 3606 2025 3651 late

1154 3671 1351 3715 Achaiae
1391 3684 1549 3715 nomen
1601 3670 1753 3723 sumit,
1806 3680 1914 3711 non
1936 3679 2022 3723 pro
