2280 4004
1093 48 1110 71 ἶ

300 246 393 316 §³721
1028 242 1324 314 annatim

1873 285 1913 317 a.
1943 263 1991 320 ti.
2020 244 2127 320 {²78}

302 407 357 469 Id
390 420 578 468 tantum
619 416 858 483 aperiam,
887 413 1012 467 nihil
1039 416 1159 469 >ess‘e
1183 421 1283 469 tam
1313 408 1568 469 excelsum
1603 414 1740 491 ‘quod
1774 415 1880 470 {ibn
1915 405 2127 472 Virtutes

300 507 430 560 istae
452 512 666 573 tuusque
692 506 743 556 in
779 520 860 557 me
893 504 1088 559 animus
1115 508 1407 559 mereantur
1417 525 1431 572 3
1465 506 1685 574 datoque
1715 503 1943 575 tempore
1963 508 2046 562 v‘el
2074 509 2128 561 in

302 602 478 649 senatu
509 597 590 648 vel
617 597 669 647 in
692 589 935 650 'contione
956 601 1061 650 hon
1087 597 1350 671 reticebo?
1407 598 1621 652 Rursum
1645 599 1877 666 Seianus,
1902 599 2008 652 ‘non
2030 598 2130 654 iam
2146 603 2211 653 41

303 688 366 739 de
408 687 748 752 matrimoniO,
788 687 879 739 sed
912 687 1058 739 altius
1091 674 1350 755 metuens,
1387 689 1540 741 tacita
1574 689 1951 756 suspicionum,
1988 681 2130 758 vulgi

260 769 584 843 humorem,
635 771 956 846 ingruentem
994 774 1236 832 invidiam
1275 780 1593 847 deprecatur.
1667 774 1746 833 Ac
1784 794 1851 834 ne
1887 772 2129 833 adsiduos

301 871 354 920 in
394 870 596 921 domuin
623 875 799 922 coetus
826 867 1051 923 arcendo
1082 871 1386 940 infringeret
1412 873 1685 939 potentiam
1707 866 1793 924 aut
1816 867 2128 940 'receptando

291 948 589 1011 ‘facultatem
630 960 1010 1013 criminantibus
1045 962 1332 1028 praeberet,
1370 961 1468 1013 huc
1504 959 1644 1013 flexit
1679 966 1734 1013 ut
1770 952 2023 1015 Tiberium
2063 961 2127 1015 ad

297 1050 451 1100 vitam
483 1049 663 1116 procul
683 1050 843 1103 Roma
879 1052 1107 1104 amoenis
1145 1052 1275 1103 locis
1300 1048 1585 1120 degendam
1620 1052 1917 1120 impelleret.
1976 1037 2128 1108 Multa

300 1141 483 1207 quippe
517 1141 852 1207 providebat:
889 1156 979 1196 sua
1017 1144 1069 1194 in
1110 1156 1259 1195 manu
1297 1144 1495 1210 aditus,
1533 1139 1911 1213 litterarumque
1941 1147 2128 1214 inagna

236 1247 283 1285 ιο
300 1247 363 1284 cx
400 1238 543 1298 parte
577 1248 634 1285 se
661 1229 903 1286 arbitrum
940 1236 1070 1302 fore,
1115 1247 1226 1288 cum
1258 1250 1350 1303 per
1385 1237 1568 1290 milites
1601 1239 1946 1290 commearent
1958 1247 1973 1302 ς
2010 1247 2129 1290 mox

299 1322 572 1374 Caesarem
624 1327 872 1392 vergente
910 1325 1008 1377 iam
1057 1330 1293 1391 senecta,
1347 1330 1652 1393 secretoque
1705 1326 1808 1378 Ioci
1863 1316 2126 1398 mollitum,

295 1415 463 1465 munia
519 1415 718 1481 imperii
766 1411 965 1467 facilius
1027 1417 1410 1481 tramissurum3
1458 1422 1509 1469 et
1547 1417 1704 1468 minui
1753 1412 1853 1470 sibi
1885 1412 2129 1470 invidiam

295 1506 528 1573 adempta
557 1504 877 1558 salutantium
913 1495 1077 1573 turba,
1117 1498 1428 1575 sublatisque
1465 1507 1702 1560 inanibus
1739 1504 1867 1561 ‘vera
1901 1508 2127 1576 potentia

296 1609 602 1661 augescere.
670 1594 829 1664 Igitur
879 1597 1118 1663 paulatim
1153 1593 1361 1665 negotia
1413 1596 1590 1664 urbis,
1642 1590 1814 1665 popuii
1864 1597 2124 1665 accursuS,

230 1685 658 1738 ismultitudinem
701 1680 1027 1761 adfluentium
1066 1684 1310 1755 increpat,
1351 1688 1598 1741 extollens
1634 1680 1868 1742 'laudibus
1903 1683 2125 1757 quietem

296 1781 344 1826 et
372 1776 712 1843 solitudinem,
742 1778 854 1844 'quis
894 1779 1076 1831 abesse
1103 1778 1271 1832 taedia
1306 1785 1355 1831 et
1390 1780 1722 1846 offensioneS,
1759 1796 1819 1833 ac
1850 1781 2122 1848 praecipua

293 1881 463 1918 rerum
517 1868 733 1921 maxime
780 1869 981 1937 agitari.

417 2001 455 2041 1.
488 2000 656 2042 virtutis
687 1999 743 2043 M.

294 2057 349 2100 M.
392 2059 455 2101 ·7.
485 2059 691 2114 praberet
721 2060 773 2102 M.
839 2060 969 2111 eleoeit
1000 2062 1053 2103 M.

1081 1870 1160 1922 Ac
1210 1870 1342 1922 forte
1391 1867 1562 1924 habita
1606 1885 1699 1939 per
1746 1871 2017 1957 illos'dies
2059 1870 2123 1924 de
2139 1870 2210 1920 42

820 2002 863 2043 3.
897 2008 985 2043 tam
1014 2001 1078 2044 M:
1112 2004 1303 2045 correxit
1332 2002 1542 2047 Muretus.
1605 2007 1647 2049 5.
1682 2004 1888 2062 ‹tepeat-ur
1918 2017 2015 2048 cum
2047 2004 2124 2048 lin.

1134 2063 1201 2105 13.
1234 2063 1431 2104 manibus
1461 2063 1517 2105 Μ.

1594 2067 1661 2108 14.
1695 2078 1926 2121 augescere
1959 2064 2124 2106 editor:

293 2116 334 2160 Μ
367 2130 540 2173 augere,
575 2115 811 2162 Rhenanus
843 2121 1022 2176 aufferi3
1043 2121 1235 2163 Muretus
1266 2134 1414 2165 veram
1442 2125 1677 2180 potentiam
1707 2134 1882 2181 augere.
1943 2120 2043 2167 ude.
2067 2124 2122 2167 M.

298 2176 364 2219 16.
405 2177 520 2219 tedia
548 2178 604 2220 M.
701 2179 769 2222 17.
802 2181 1017 2222 maximae
1048 2180 1102 2223 M.

383 2277 488 2331 Cap.
521 2278 593 2321 41.
647 2280 781 2322 tacita
808 2283 1168 2338 suspicionum—-

294 2335 579 2392 deprecatur.-
623 2347 828 2394 precatur
866 2354 922 2383 ne
962 2344 1168 2396 princeps

293 2396 619 2449 suspicionibus
651 2398 739 2440 alta
762 2406 911 2443 mente
939 2402 1167 2456 conceptis

294 2456 524 2510 quicquam
558 2457 733 2500 tribuat.

286 2548 289 2550 .
382 2529 476 2555 cum
515 2530 598 2571 per
641 2517 797 2559 milites
851 2525 1165 2561 commearent:

248 2567 257 2624 ἶ
288 2572 494 2615 ‘observa
527 2574 696 2616 litteras
729 2589 806 2635 per
827 2577 990 2619 milites
1020 2577 1165 2619 solere

256 2635 257 2638 ’
295 2631 553 2685 transmitti,
588 2640 632 2675 et
665 2634 839 2688 quidem
872 2648 950 2691 per
983 2648 1058 2678 eos
1092 2637 1163 2691 qui

262 2691 591 2742 'speculatores
635 2691 755 2734 dicti.
819 2693 1076 2736 Plutarchus
1119 2693 1163 2735 in

295 2748 429 2790 Galba
462 2763 503 2804 p.
545 2751 656 2794 1056
689 2752 997 2806 Nymphidium
1031 2767 1162 2808 prae-

293 2809 455 2850 fectum
507 2812 726 2863 praetorio
779 2811 919 2858 valde,
947 2813 1162 2860 ,offensum

255 2887 263 2922 ,1-
292 2867 469 2921 scribit,
517 2868 632 2924 quod
677 2870 882 2913 consules
915 2871 1084 2914 litteras
1119 2872 1162 2914 e't

252 2925 256 2949 f
292 2926 529 2980 diplomata
578 2926 642 2986 μὴ
703 2931 817 2987 παρ’
878 2929 1021 2975 αὐτοῦ
1085 2936 1162 2975 καὶ

261 3011 263 3014 -
293 2987 544 3044 σφραγῖδα
571 2991 649 3030 καὶ
680 2990 968 3042 στρατιώτας
995 2993 1162 3047 λαβόν-

263 3052 363 3093 ῡτες
391 3044 686 3105 ἀνέπεμψαν,
733 3047 823 3090 Nec
844 3048 955 3090 alius
980 3056 1162 3091 senten-

266 3104 378 3145 ·tiae
411 3104 521 3146 illud
550 3104 686 3147 'l‘aciti
718 3106 770 3148 H.
804 3108 839 3147 ll
872 3108 928 3151 73
960 3110 1032 3150 via.-
1063 3123 1162 3150 cre-

267 3163 418 3204 >dibile
449 3172 684 3207 memoratu
726 3173 810 3219 est,
853 3173 1056 3221 quantum
1085 3181 1160 3208 su-

268 3221 464 3277 'perbiae
489 3223 656 3266 Vitellio
673 3227 916 3280 accesserit,
938 3233 1159 3282 postquam

289 3282 579 3337 speculatores
642 3298 663 3325 e
716 3285 849 3340 Syria
915 3285 1159 3341 Iudaeaque

289 3340 490 3382 adactum
535 3344 582 3383 in
625 3343 757 3384 verba
807 3344 896 3386 eius
945 3345 1161 3387 Orientem

287 3401 557 3442 nuntiavere.
607 3401 726 3443 Ilaec
759 3403 891 3456 clara,
917 3405 1157 3446 etiirman-

289 3456 369 3499 dae
403 3459 601 3501 Suetonii
646 3462 911 3515 scripturae,
959 3476 1071 3518 quae
1114 3464 1158 3503 in

287 3516 489 3558 omnibus
521 3518 615 3560 fere
648 3532 749 3562 mss.
772 3520 912 3578 Calig.
946 3522 1027 3565 44:
1059 3534 1157 3563 ma-

283 3574 465 3629 gnificas
477 3576 657 3619 Romam
670 3576 835 3620 litteras
848 3580 974 3633 misit,
987 3582 1158 3623 monitis

284 3633 619 3692 speculatoribus
650 3644 695 3681 ut
725 3638 917 3682 vehiculo
942 3640 1001 3682 ad
1014 3642 1158 3697 sorum

1250 2297 1380 2338 usque
1402 2291 1441 2325 et
1473 2285 1640 2327 curiam
1657 2285 1977 2341 pertenderent.
2031 2285 2136 2345 De-)

1251 2349 1487 2397 pravarunt
1534 2343 1671 2401 vulgo
1719 2358 1847 2401 saepe
1888 2342 2129 2388 tatoribus.

1250 2401 1442 2445 Lll’slus.

1339 2475 1445 2503 vera
1467 2463 1662 2518 potentia
1682 2475 1935 2518 augescere:
1966 2475 2122 2519 quam-

1251 2533 1377 2576 quam
1398 2520 1453 2562 ad
1474 2520 1679 2563 tuendam
1697 2527 1892 2564 neutram
1913 2524 2121 2577 temporis

1247 2580 1474 2634 praeteriti
1529 2581 1706 2636 auxisse,
1752 2579 2120 2641 significationem

1249 2640 1353 2679 satis
1388 2645 1506 2680 certa
1540 2639 1741 2694 exempla
1783 2653 1837 2681 ex
1875 2638 2044 2695 Catone
2077 2646 2120 2682 et

1250 2697 1457 2739 Sallustio
1490 2694 1722 2753 Plinio'que
1762 2698 1844 2758 (cf.
1877 2687 2043 2759 Duker
2064 2699 2119 2740 ad

1247 2756 1341 2798 Liv.
1390 2756 1446 2798 ΙΙΙ
1481 2757 1508 2799 6
1541 2759 1590 2809 2,
1633 2757 1862 2798 Ernestius
1905 2753 1956 2799 ad
2002 2757 2118 2800 hunc

1247 2815 1381 2857 Taciti
1433 2816 1601 2873 locum)
1655 2815 1788 2858 allata
1830 2822 1960 2872 sunt,
2013 2817 2116 2858 inde

1243 2872 1391 2916 'tamen
1413 2873 1604 2916 nondum
1623 2874 1852 2929 probatum
1868 2874 2115 2929 e'steiffletn

1246 2934 1427 2976 licuisse
1446 2948 1605 2990 auqere
1615 2946 1693 2989 pro
1709 2929 1954 2990 augescere.
1966 2933 2116 2988 Quip-

1245 3006 1301 3047 pe
1322 2995 1428 3035 auxi
1449 3007 1500 3035 ea
1515 2995 1697 3036 notione
1723 2994 1967 3048 praeditum
1992 2993 2116 3036 verbi

1246 3066 1478 3108 auqescere
1510 3052 1649 3094 forma
1682 3059 1748 3095 est
1779 3053 1987 3107 temporis
2010 3065 2115 3107 per-

1242 3111 1368 3164 fecti,
1403 3125 1457 3153 ex
1490 3112 1586 3166 ipsa
1609 3110 1756 3153 radice
1787 3125 1871 3167 any
1896 3110 2112 3163 derivata,

1243 3175 1314 3222 ut,
1358 3175 1565 3226 quantum
1608 3170 1662 3212 ad
1694 3170 1902 3224 formam,
1944 3171 2114 3212 aua-isse

1243 3229 1371 3270 simul
1422 3229 1546 3272 verbi
1590 3243 1749 3284 auqere
1798 3235 1842 3271 et
1883 3241 2114 3286 aayescere

1243 3293 1412 3343 tempus
1459 3289 1742 3343 praeterit-um
1792 3291 1876 3341 sit,
1940 3287 2112 3330 diversa

1242 3346 1591 3403 significatione3
1636 3349 1711 3404 qui
1751 3353 1895 3389 autem
1937 3346 1990 3387 ad
2029 3345 2111 3387 de-

1243 3405 1562 3448 monstrandam
1626 3406 1751 3449 verbi
1806 3417 1964 3460 angere
2000 3405 2107 3444 'vim

1242 3466 1459 3519 passivam
1492 3465 1773 3520 proferuntur
1802 3463 1889 3505 loci
1934 3474 1988 3503 ex
2020 3459 2108 3503 Ga-

1242 3524 1352 3566 tullo
1387 3522 1542 3581 (LXIV
1574 3526 1684 3580 323)
1734 3528 1777 3564 et
1807 3521 2011 3562 Lucretio
2045 3519 2108 3576 (11

1247 3583 1399 3640 1163),
1432 3583 1475 3624 in
1509 3584 1563 3624 iis
1597 3594 1755 3638 augere
1779 3591 1855 3634 pro
1878 3591 2108 3634 augescere

1241 3643 1373 3686 venia
1403 3647 1628 3698 poetarum
1661 3645 1705 3683 et
1739 3638 1883 3695 prisca
1903 3637 2108 3683 libertato
