2280 4004
248 279 274 310 a
305 263 353 309 Ο.
386 266 505 312 24..·
821 265 987 310 LIBER
1015 262 1091 309 lv.
1154 264 1264 309 Off.
1295 266 1484 313 26—28.

1984 263 2079 311 259·

247 408 341 461 bus
385 408 557 461 Cutius
594 410 758 476 Lupus
798 414 1067 476 quaestor,
1129 410 1210 462 cui
1265 409 1531 476 provincia
1583 408 1887 518 vetere‘
1929 420 2073 461 more

250 500 399 574 Cales
436 506 692 553 evenerat.
767 502 813 552 Is
865 501 1111 568 disposita
1150 501 1529 553 classiariorum
1571 471 1719 568 copia
1758 504 2074 567 coeptantem

253 606 363 642 cum
414 591 631 643 maxime
682 591 1084 643 coniurationem
1136 591 1354 643 disiecit.
1444 589 1728 658 Missusque
1780 607 1809 643 a
1853 591 2074 642 Caesa-re

248 697 467 750 propere
501 683 666 735 Staius
718 683 945 734 tribunus
998 699 1109 735 cum
1161 683 1331 735 valida
1384 695 1535 735 manu
1587 683 1766 735 ducem
1811 683 1972 749 ipsum
2026 686 2077 733 et

248 775 507 840 proximos
550 774 763 826 audacia
810 774 863 824 in
911 775 1087 827 urbem
1126 775 1279 826 traxit
1320 775 1418 826 iam
1456 775 1703 841 trepidam
1745 774 2114 851 Olljnuffituff

251 865 785 942 djqummiJa-miliarum,
825 879 954 932 quae
989 865 1239 933 gliscebat
1274 867 1602 933 immensum,
1640 866 1837 917 minore
1858 846 1925 917 Δἷὶὶ
1964 865 2075 918 dies

249 957 397 1024 plebe
437 957 676 1024 ingenua.

390 1048 556 1100 Isdem
584 1047 877 1100 consulibus
899 1048 1218 1101 miseriarum
1245 1064 1307 1100 ac
1332 1049 1577 1101 saevitiae
1605 1047 1886 1115 exemplum
1912 1052 2075 1113 atrox,

250 1154 369 1192 reus
403 1145 572 1206 pater,
627 1145 898 1192 accusator
937 1140 1066 1192 filius
1117 1144 1330 1202 (nomen
1378 1140 1577 1206 utrique
1614 1140 1790 1192 Vibius
1829 1140 2079 1204 Serenus)

252 1232 305 1282 in
343 1236 571 1284 senatum
614 1231 808 1282 inducti
849 1236 991 1297 sunt,
1051 1232 1113 1283 ab
1175 1231 1329 1283 exilio
1376 1236 1627 1283 retractus
1678 1230 1970 1297 inluvieque
2019 1234 2146 1281 acio

165 1050 235 1098 28

373 1387 412 1428 1.
453 1385 599 1428 Cutius
623 1384 687 1426 M:
722 1384 894 1426 Curtius
924 1383 1188 1436 Beroaldus;
1222 1384 1278 1426 cf.
1314 1383 1447 1426 index
1478 1382 1648 1426 Gruteri
1680 1381 1807 1424 Thes.
1871 1384 1913 1426 2.
1949 1380 2081 1423 ealles

193 1500 198 1502 s
252 1439 292 1486 M
305 1458 316 1485 ε
359 1444 486 1486 Cales
515 1444 704 1499 Lipsius.
807 1445 849 1486 3.
882 1458 976 1485 cum
1022 1445 1128 1501 (non
1170 1450 1256 1484 tum
1286 1442 1510 1500 Beroaldi)
1541 1443 1596 1485 M.
1692 1441 1991 1484 coniuratione
2023 1440 2077 1483 M.

254 1517 400 1545 cesare
433 1504 487 1546 M.
550 1505 593 1546 5.
627 1504 806 1545 audatia
837 1503 892 1545 M.
974 1503 1142 1559 trepida
1173 1516 1224 1558 op
1256 1503 1322 1544 M:
1356 1502 1567 1558 trepidam
1601 1502 1863 1553 Rhenanus,
1909 1501 1959 1542 ob
1991 1500 2082 1542 Be-

252 1562 390 1606 roald.
452 1562 494 1605 6.
526 1563 872 1617 familiarumque
902 1563 960 1618 ql.
998 1562 1052 1604 M.
1125 1563 1229 1603 inm.
1268 1562 1322 1604 M.
1399 1562 1442 1603 8.
1967 1560 2081 1601 sevi-

252 1623 338 1663 tiae
368 1622 422 1665 M.
531 1622 572 1665 9.
607 1629 857 1664 accussator
887 1622 941 1664 M.

1478 1576 1562 1604 cos.
1599 1575 1695 1603 cum
1728 1561 1803 1602 lin.
1839 1561 1892 1603 Μ.

1050 1634 1205 1663 nomen
1243 1622 1411 1675 uirique
1452 1621 1592 1662 uibius
1634 1621 1675 1663 M
1716 1624 1821 1678 (non
1871 1625 1918 1660 ut
1949 1619 2079 1661 Furia

253 1695 486 1737 nomenque
517 1681 603 1723 viri
635 1695 673 1737 q.
706 1682 887 1738 vibius).·
923 1682 1112 1723 correxit
1142 1680 1331 1735 Lipsius„

256 1822 354 1851 ram
384 1809 553 1850 aerarii
582 1809 764 1850 Saturni
794 1808 992 1850 reddidit.
1041 1807 1124 1849 Dio

255 1868 329 1910 LV
361 1867 419 1910 4:
467 1872 545 1911 καὶ
575 1872 746 1927 ταμίας
778 1870 828 1913 ἔν
861 1882 908 1911 τε
949 1868 1001 1925 τῇ
1032 1883 1125 1910 πα-

259 1930 393 1983 ραλίᾳ
433 1927 483 1986 τῇ
529 1920 649 1985 πρὸς
690 1928 742 1986 τῇ
789 1926 924 1971 πόλει
957 1931 1034 1969 καὶ
1077 1928 1127 1970 ἐν

257 1984 434 2044 ἑτέροις
465 1989 564 2029 τισὶ
599 1986 677 2038 τῆς
703 1986 895 2034 Ἰταλίας
934 1990 1129 2041 χωρίοις

259 2045 423 2104 ἄρχειν
437 2047 626 2095 ἐποίησε
640 2045 928 2101 (Augustus).
954 2043 1026 2085 LX
1044 2046 1125 2087 24:

259 2113 356 2153 τοῖς
388 2104 476 2146 μὲν
510 2099 594 2146 οὖν
630 2109 813 2153 ταμίαις
845 2102 925 2157 τὴν
955 2103 1127 2155 dictaeq-

262 2179 339 2208 σιν
391 2163 595 2219 (aerarii)
655 2163 756 2206 ἄνιὶ
812 2168 905 2206 τῶν
968 2161 1128 2218 ἀρχῶν

259 2224 353 2265 τῶν
380 2224 430 2266 ἐν
463 2226 512 2278 τῇ
532 2221 692 2278 Ἰταλίᾳ
725 2223 810 2270 ἔξω
845 2222 920 2275 τῆς
953 2221 1130 2269 πόλεως

261 2275 938 2338 ἀντέδωκε,πάσαςγάραύιὰς
953 2282 1130 2324 ἔπαυσε

263 2338 538 2396 (Claudius).
598 2339 752 2381 Dionis
794 2340 951 2388 πιέσας
987 2335 1131 2388 αὐτὰς

260 2412 314 2440 ne
348 2398 494 2452 plures
533 2399 783 2452 provincias
830 2398 982 2440 credas
1031 2411 1128 2440 esse

260 2471 386 2513 quam
409 2457 655 2500 Ostiensem
687 2464 731 2499 et
749 2457 973 2510 Gallicam,
994 2457 1130 2499 verba

262 2530 316 2558 ex
365 2517 574 2559 Suetonio
625 2518 883 2571 transcripta
931 2516 1129 2569 suadent,

261 2575 337 2618 sed
370 2575 597 2618 indefinite
639 2576 723 2618 Dio
757 2577 971 2632 loquitur,
1016 2576 1131 2631 quod

262 2633 387 2678 sedes
419 2641 697 2691 quaestorum
720 2637 764 2677 in
790 2635 956 2678 duabus
977 2634 1130 2677 Italiae

263 2695 351 2735 oris
382 2706 459 2748 pro
480 2700 678 2749 tempore
698 2702 741 2737 et
763 2708 843 2736 usu
868 2694 1128 2737 mutabatur.

264 2753 414 2808 Neque
433 2753 560 2796 Cales
594 2755 749 2796 civitas
778 2755 872 2796 sola
902 2759 993 2796 erat
1020 2767 1131 2810 quae

266 2812 385 2865 Lupo
440 2819 677 2866 evenerat,
733 2815 862 2855 immo
919 2819 1011 2854 tota
1058 2825 1133 2854 ora

267 2871 395 2911 maris
448 2872 607 2923 inferi,
662 2872 739 2913 sed
788 2872 907 2913 illam
963 2872 1134 2912 Tacitus

268 2930 475 2982 nominat,
510 2930 625 2984 quod
652 2930 830 2972 Calibus
862 2936 965 2971 tunc
989 2930 1133 2984 Lupus

269 2987 521 3028 versabatur
552 2995 682 3044 atque
715 2989 815 3030 inde
838 2989 881 3029 in
904 2990 976 3031 via
994 2989 1136 3045 Appia

272 3044 349 3101 (ad
387 3059 480 3088 eam
523 3047 566 3088 id
613 3046 875 3102 Campaniae
929 3047 1134 3102 oppidum

270 3106 398 3146 situm
455 3110 553 3162 est)
612 3106 744 3148 facile
803 3107 855 3148 ad
908 3109 1134 3163 regionem

271 3162 583 3206 Brundusinam
657 3168 889 3219 pervenire
950 3172 1134 3220 poterat.

276 3220 443 3275 Lipsius
477 3224 519 3264 in
553 3223 722 3266 erudita
755 3224 808 3265 ad
841 3225 882 3266 h.
918 3225 946 3266 l.
981 3225 1136 3278 dispu-

274 3281 439 3321 tatione
471 3280 639 3322 duobus
676 3283 893 3324 erroribus
923 3297 1059 3338 seque
1093 3289 1136 3324 et

274 3338 383 3380 alios
405 3340 664 3394 interpretes
683 3341 921 3394 implicuit:
955 3344 1136 3395 primum

276 3399 389 3439 enim
422 3405 596 3451 praeter
615 3398 860 3440 Ostiensem
888 3400 1014 3441 Cales
1043 3401 1137 3440 sive

277 3457 485 3499 Calenam
534 3458 803 3512 provinciam
852 3458 927 3499 ille
974 3459 1138 3509 statuit,

277 3518 399 3558 cuius
449 3524 653 3572 quaestor
705 3517 858 3557 tractui
919 3515 1138 3570 Campano

279 3575 560 3632 Sidicinoque
594 3575 832 3631 praefuerit
863 3574 1139 3617 Brundisium

279 3644 438 3693 usque,
486 3648 572 3679 nou
606 3635 788 3691 meliore
821 3635 914 3679 iure
946 3647 1072 3694 quam
1103 3635 1141 3677 si

1212 1813 1258 1847 tu
1291 1806 1346 1847 ob
1381 1804 1609 1849 Ciceronis
1642 1806 1777 1848 verba
1809 1806 2082 1860 provinciam

1213 1865 1493 1908 Puteolanam
1532 1867 1680 1907 facere
1725 1865 1873 1919 velis3
1924 1865 2083 1906 deinde

1213 1931 1408 1981 quartam
1441 1925 1551 1967 adeo
1584 1926 1875 1980 quaestoriam
1900 1926 2083 1979 provin-

1212 1986 1320 2026 ciam
1355 1986 1589 2039 quaesivit,
1613 1997 1738 2039 quam
1762 1997 1857 2026 cum
1881 1985 2083 2025 invenire

1210 2045 1254 2084 in
1284 2043 1410 2085 ltalia
1445 2055 1532 2084 non
1563 2049 1725 2097 posset,
1766 2043 1819 2084 ad
1839 2043 2010 2085 Siculos
2042 2048 2086 2083 et

1211 2101 1467 2155 Lilybaeum
1509 2102 1724 2158 confugit.
1801 2101 1943 2142 Galles
1974 2103 2017 2142 h.
2054 2101 2084 2142 l.

1211 2163 1366 2202 vitium
1390 2167 1455 2202 est
1478 2162 1608 2202 nimis
1632 2161 1926 2204 manifestum.
1974 2159 2087 2201 [llud

1213 2221 1331 2263 Suet.
1350 2219 1496 2276 (CaeS.
1514 2221 1586 2276 19)
1594 2219 2089 2275 provinciae—minimi

1211 2281 1386 2334 nepotii,
1420 2280 1465 2319 id
1496 2286 1556 2320 est
1579 2278 1712 2321 silvae
1740 2279 1967 2333 callesque,
2001 2290 2089 2319 vox

1214 2344 1279 2381 est
1312 2338 1543 2390 invidiosa,
1581 2339 1626 2379 in
1658 2340 1891 2393 optimates
1923 2340 2039 2379 iacta
2063 2350 2088 2377 a

1215 2395 1402 2439 Caesare
1445 2404 1488 2439 et
1532 2398 1626 2439 eius
1675 2399 1844 2440 amicis.
1908 2396 2090 2441 Scilicet
2142 2424 2148 2429 -

1214 2459 1357 2512 questi
1412 2463 1511 2498 sunt
1575 2456 1671 2498 fore
1726 2463 1773 2497 ut
1825 2456 1878 2498 ab
1937 2457 2087 2510 iniquo

1214 2522 1369 2557 senatu
1411 2518 1454 2557 in
1497 2517 1748 2571 provincias
1795 2518 2087 2565 mitterentur,

1215 2588 1327 2631 quae
1374 2587 1462 2617 non
1504 2576 1590 2617 viis
1635 2574 1712 2617 scd
1749 2575 1933 2616 callibus
1980 2573 2087 2615 adiri

1215 2640 1409 2689 possent.

1304 2692 1409 2748 Cap.
1444 2693 1516 2737 28.
1572 2693 1625 2734 ab
1647 2692 1775 2734 exilio
1797 2700 2010 2734 retractus
2033 2717 2089 2724 —-

1213 2752 1455 2809 postulante
1483 2751 1605 2805 filio:
1655 2752 1765 2794 haec
1798 2765 1877 2807 per
1907 2753 2088 2806 apposi-

1216 2813 1381 2853 tionem
1431 2810 1576 2853 addita
1628 2817 1728 2852 sunt
1792 2812 1938 2853 verbis
1991 2825 2090 2852 reus

1212 2877 1363 2927 pater-,-
1404 2870 1586 2924 perinde
1633 2872 1829 2924 proxima
1862 2876 2092 2912 aecusator

1214 2930 1328 2984 filius
1344 2929 1619 2983 explicantur
1639 2931 1939 2984 sequentibus,
1955 2943 2089 2985 prae-

1215 2996 1397 3044 paratus
1421 2988 1671 3030 adulescens
1695 2989 1836 3030 multis
1856 2989 2088 3040 munditiis,

1220 3046 1363 3088 alacri
1381 3048 1510 3089 vultu.
1546 3046 1696 3102 Itaque
1719 3049 1977 3101 pronomine
2000 3046 2088 3098 ille,

1220 3106 1335 3161 quod
1366 3106 1703 3161 Bezzenberger
1733 3113 1833 3147 ante
1851 3106 2091 3158 inluvieque

1221 3167 1461 3206 inserturus
1504 3170 1619 3216 erat,
1666 3163 1952 3216 supersedere
1985 3174 2090 3216 pos-

1222 3236 1393 3275 sumus,
1442 3236 1586 3276 neque
1630 3227 1775 3275 aptum
1824 3227 1889 3262 est
1932 3233 2091 3261 nomen

1218 3289 1372 3337 pater,
1425 3281 1539 3335 quod
1602 3279 1772 3320 additur
1818 3293 1842 3320 a
1896 3279 2091 3332 pluribus

1225 3339 1465 3380 editoribus
1511 3345 1689 3379 auctore
1738 3337 1943 3379 Freliero.
2008 3336 2092 3378 Sed

1226 3404 1268 3438 et
1297 3405 1528 3453 perorante
1554 3398 1658 3450 filio,
1693 3403 1739 3436 ut
1764 3398 1891 3437 estin
1922 3395 2090 3447 codice,

1226 3463 1269 3497 et
1305 3464 1455 3497 orante
1494 3455 1582 3509 filio
1628 3455 1757 3509 plane
1796 3454 2092 3496 intolerabilia

1225 3521 1346 3566 sunt,
1383 3517 1484 3570 quia
1518 3525 1723 3568 perorare
1757 3521 1822 3556 est
1853 3516 2092 3555 orationem

1226 3575 1284 3615 ad
1309 3575 1437 3628 finem
1468 3574 1684 3615 adducere
1723 3574 1795 3615 vel
1834 3580 2092 3629 postremum

1226 3634 1367 3677 dicere
1386 3632 1534 3692 (1130,
1551 3631 1622 3676 <111
1647 3634 1714 3688 13,
1737 3633 1807 3683 ‚Vl
1831 3633 1902 3677 40.
1920 3632 1970 3676 Ο.
1990 3631 2089 3692 38),
