2280 4004
174 309 202 346 a
223 295 280 352 (J.
312 296 385 350 ‚18-
761 290 926 339 LIBER
955 287 1008 336 11.
1069 288 1178 334 cm».
1207 287 1402 334 254-56.
1909 284 1996 337 389

174 437 390 496 insulam
425 437 674 503 Rhodum,
713 435 846 486 haud
878 432 1105 485 nescium
1141 430 1320 497 quibus
1354 429 1776 485 insectationibus
1812 426 1996 495 petitus

176 533 338 590 foret:
377 531 469 584 sed
506 536 640 585 tanta
675 528 1060 583 mansuetudine
1097 526 1283 593 agebat
1316 531 1385 589 ut,
1428 540 1539 577 cum
1575 527 1689 574 orta
1728 526 1999 587 tempestas

176 628 380 690 raperet
425 623 479 697 ign
515 621 730 695 abrupta
769 625 1044 686 posse-tque
1090 617 1321 670 interitus
1368 616 1561 669 inimici
1596 614 1660 668 ad
1696 628 1870 666 casum
1911 607 2009 665 τις

179 716 320 781 ferri,
356 692 571 771 miseni
583 691 812 767 triremis
849 727 1058 779 quarum
1091 710 1320 765 subsidio
1359 707 1640 762 discrimini
1679 707 1998 759 eximeretur.

178 808 354 876 Neque
403 811 572 861 tamen
615 804 870 871 umigatus
912 803 1055 867 Piso,
1113 807 1162 855 et
1194 802 1283 855 vix
1337 801 1439 855 diei
1488 814 1680 852 meram
1729 802 2039 865 perpessus&

179 899 360 968 linquit
410 898 765 953 Germanicum
817 895 1196 963 praevenitque.
1270 893 1333 947 Et
1379 897 1644 959 postquam
1697 890 1893 958 Syriam
1939 904 2003 941 ac

180 990 413 1063 legiones
467 987 661 1055 attigit,
739 985 1011 1053 largitione
1075 985 1289 1048 ambitu,
1361 983 1558 1035 infimos
1620 979 2027 1059 manipularium*

180 1080 433 1143 iuvando,
489 1093 606 1148 eum
638 1083 843 1132 ’veteres
878 1076 1206 1128 centuriones
1218 1114 1236 1140 .‚
1291 1089 1507 1127 severos
1555 1073 1790 1126 tribunos
1827 1071 2009 1123 demo-

180 1176 325 1227 vetet
372 1170 589 1237 locaque
640 1184 815 1223 eorum
863 1167 1132 1220 clientibus
1188 1166 1297 1218 suis
1351 1165 1436 1217 vel
1492 1164 1767 1217 deterrimo
1825 1161 2008 1228 cuique

180 1263 494 1327 attribueret,
533 1261 784 1315 desidiam
823 1261 875 1311 in
912 1259 1127 1322 castris,
1165 1256 1420 1308 licentiam
1459 1254 1512 1308 in
1545 1254 1786 1319 urbibuS‚
1822 1267 2008 1321 vagum
2023 1258 2074 1296 ¹⁰

183 1370 247 1409 ae
284 1353 636 1408 lascivientem
675 1366 767 1418 per
802 1365 958 1418 agros
993 1349 1201 1402 militem
1237 1348 1455 1411 sineret,
1515 1360 1578 1399 eo
1629 1360 1791 1414 usque
1826 1358 2011 1398 corru—

182 1445 370 1513 ptionis
392 1449 679 1512 ¹provectus
716 1448 793 1497 est
817 1448 871 1494 ut
907 1455 1146 1494 sermone
1169 1439 1310 1506 vulgi
1344 1451 1531 1506 parens
1563 1437 1821 1505 legionum
1852 1435 2011 1488 habe..

183 1541 339 1591 retur.
410 1536 517 1589 Nec
552 1534 789 1587 Plancina
841 1548 899 1585 se
957 1533 1087 1584 intra
1142 1531 1332 1582 decora
1384 1528 1588 1582 seminis
1638 1527 1870 1592 tenebat,
1919 1526 2013 1580 sed

188 1627 436 1680 exercitio
466 1625 702 1693 equitum,
742 1623 1042 1676 decursibus
1076 1622 1357 1674 cohortium
1389 1620 1655 1685 interesse,
1694 1619 1746 1669 in
1771 1618 2012 1688 Agrippi-

187 1712 334 1783 nasu,
386 1718 439 1768 in
480 1717 832 1769 Germanicum
883 1714 1213 1767 contumelias
1260 1713 1462 1777 iacere,
1522 1710 1820 1781 quibusdam
1863 1710 2080 1764 etiamn

189 1810 438 1861 bonorum
478 1808 686 1860 militum
724 1808 787 1859 ad
825 1807 957 1858 mala
995 1805 1238 1871 obsequia
1276 1803 1547 1870 promptiS‚
1589 1802 1724 1868 quod
1762 1801 1894 1853 haud
1933 1801 2017 1852 in-

186 1901 290 1956 vito
320 1900 628 1967 imperatore
660 1915 722 1954 ea
753 1899 863 1954 fieri
898 1897 1127 1951 occultus
1156 1911 1330 1951 rumor
1369 1894 1656 1948 incedebat.
1724 1894 1854 1949 Nota
1890 1893 2018 1948 haec

188 1990 517 2048 Germanico:
568 1990 661 2044 sed
701 1989 954 2059 praeverti
1005 1988 1068 2040 ad
1111 1988 1382 2040 Armenios
1432 1986 1703 2039 instantior
1747 2001 1867 2038 cura
1907 1984 2015 2037 fuit.

102 2088 173 2138 56
187 2082 439 2149 Ambigua
470 2095 598 2148 gens
629 2097 688 2134 ea
721 2080 990 2145 antiquitus
1016 2078 1273 2132 hominum
1297 2078 1518 2144 ingeniis
1548 2082 1598 2127 et
1624 2077 1723 2129 situ
1750 2081 2016 2140 terrarum,

191 2172 426 2241 quoniam
462 2171 652 2224 nostris
705 2169 986 2239 provinciis
1038 2168 1141 2220 late
1186 2173 1449 2234 praetenta
1498 2169 1698 2235 penitus
1740 2166 1804 2218 ad
1840 2159 2084 2221 Medosno

189 2263 497 2331 porrigitur3
527 2261 860 2327 maximisque
887 2261 1110 2326 imperiis
1148 2259 1402 2312 interiecti
1438 2263 1489 2310 et
1520 2259 1723 2326 saepius
1753 2258 2020 2311 discordes

191 2357 321 2419 sunt,
363 2352 610 2404 adversus
644 2352 900 2407 Romanos
940 2349 1060 2402 odio
1100 2354 1149 2401 et
1185 2351 1237 2403 in
1274 2349 1506 2402 Parthum
1545 2349 1754 2402 invidia.
1829 2350 2022 2419 Regem

307 2479 351 2522 4.
386 2479 572 2521 triremis
607 2478 661 2534 M,
694 2490 781 2526 non
816 2478 1024 2519 triremes.
1114 2478 1180 2519 17.
1214 2477 1302 2533 inp.
1341 2476 1395 2520 M.
1488 2477 1704 2521 incidebat
1737 2477 1801 2520 M:
1834 2477 2025 2521 correxit

193 2536 378 2597 Lipsius.
444 2537 511 2582 19.
547 2541 604 2597 et]
639 2545 702 2580 set
730 2550 781 2594 pr
801 2537 854 2590 M,
887 2537 963 2578 scd
994 2536 1175 2578 corrM:
1211 2537 1401 2577 correxit
1423 2535 1630 2578 Pichena.
1695 2537 1766 2580 20.
1803 2537 2021 2593 quoniam]

193 2609 271 2652 quo
304 2609 402 2638 cum
433 2597 509 2639 lin.
544 2598 598 2654 M,
635 2596 678 2638 h.
714 2611 752 2640 e.
788 2597 1021 2652 quoniam,
1058 2609 1144 2637 non
1178 2595 1362 2652 quando.
1487 2595 1598 2638 laete
1633 2595 1776 2652 (prius
1809 2610 1830 2637 e
1862 2600 2024 2652 puncto

198 2660 395 2714 notatur)
429 2656 483 2707 M,

196 2783 404 2827 Similiter
419 2784 532 2826 infra
547 2784 605 2826 111
620 2785 678 2828 54
700 2791 833 2841 negat
848 2786 1064 2828 Romanos
1151 2784 1287 2826 Galba
1317 2785 1370 2827 6:
1420 2791 1699 2841 campestrem
1734 2785 2027 2827 decursionem

196 2844 280 2884 iam
311 2844 440 2887 unius
473 2843 592 2884 urbis
626 2845 746 2885 cives
781 2847 908 2888 esse’.
971 2844 1065 2885 En-
1150 2851 1266 2885 scuto
1313 2843 1586 2897 moderatus,
1649 2845 1694 2885 in
1749 2844 1923 2886 Nerone
1971 2845 2026 2886 7:

196 2915 390 2945 uastius.
1150 2903 1394 2957 indictaque
1438 2903 1688 2945 decursione
1733 2904 2042 2959 praetorianis⁴

284 2960 534 3016 compendia
560 2963 719 3003 maris:
753 2974 777 3002 a
801 2960 1066 3018 Cycladibus
1151 2969 1312 3003 scutum
1333 2976 1413 3003 sua
1437 2977 1569 3003 manu
1588 2963 1807 3019 praetulit.
1840 2962 1895 3004 Et
1921 2975 2026 3006 sane

197 3032 275 3074 per
300 3025 448 3073 aperta
472 3020 600 3061 maris
621 3021 942 3062 audentioribus
962 3035 1067 3077 spa·
1152 3021 1405 3063 indecorum
1438 3021 1645 3064 feminam
1677 3023 1719 3063 in
1745 3022 1813 3063 his
1837 3022 2027 3076 spectari

197 3080 266 3121 tiis
310 3077 508 3120 Rhodum
555 3081 805 3137 navigavit,
854 3093 956 3121 usus
990 3079 1066 3124 εὖ-
1154 3086 1197 3122 et
1232 3079 1355 3122 velut
1389 3081 1634 3122 moderari⁸.
1698 3081 1890 3123 Lipsius.

197 3141 411 3193 θυπλοίςι,
440 3150 527 3178 non
556 3141 861 3197 ἔγκολπίζων,
895 3145 940 3180 ut
972 3146 1067 3181 utar

199 3196 419 3238 Strabonis
450 3197 596 3239 verbis
630 3198 729 3241 XIV
766 3201 786 3240 1
820 3198 892 3241 27.
1243 3197 1347 3252 Cap.
1372 3198 1442 3241 56.
1502 3199 1659 3240 nostris
1686 3197 1920 3253 provinciis
1943 3196 2029 3240 late

295 3255 497 3295 exercitio
559 3258 764 3311 equitum,
826 3257 1068 3299 decursibus
1151 3264 1410 3312 praetenta:
1474 3256 1584 3299 haec
1645 3257 1820 3309 scripsit
1880 3255 2027 3298 orbem

200 3313 461 3355 cokortium:
502 3312 604 3358 ‘alia
643 3315 751 3358 haec
784 3315 984 3361 decursio
1019 3315 1071 3355 ab
1157 3315 1395 3358 Romanum
1429 3316 1494 3356 sui
1528 3317 1759 3368 temporis,
1810 3325 1898 3355 non
1932 3315 2026 3357 eius

200 3372 277 3415 illa
323 3370 495 3414 funebri
548 3371 601 3415 de
654 3386 739 3428 qua
793 3373 898 3417 dixi.
959 3373 1064 3415 Nam
1152 3373 1205 3414 (le
1241 3386 1325 3427 quo
1352 3373 1559 3428 loquitur,
1584 3374 1842 3427 respiciens,
1892 3370 2028 3415 Com..

203 3430 309 3474 haec
347 3430 546 3473 exercitii
581 3430 679 3482 fuit,
707 3431 837 3475 solita
869 3434 1064 3485 usurpari
1152 3437 1301 3484 parant
1350 3432 1611 3485 interpretes
1679 3431 1851 3487 Virgilii
1913 3433 2024 3475 Aen.

201 3495 267 3535 ter
309 3494 413 3546 quot
447 3489 669 3533 mensibus
706 3503 758 3531 ex
791 3490 1065 3532 institutione
1151 3489 1211 3531 ΙΙΙ
1260 3489 1377 3534 692:
1429 3491 1606 3531 Sicanio
1655 3497 1885 3546 praetenta
1930 3492 2026 3534 sinu

202 3547 255 3592 1).
291 3548 492 3604 Augusti.
558 3549 745 3606 Vegetio
784 3549 1065 3604 campicursio
1150 3548 1264 3590 iacet
1293 3547 1448 3591 insula.
1510 3549 1566 3592 Vl
1597 3549 1679 3594 60:
1718 3557 2026 3606 praetentaque

204 3605 390 3666 dicitur,
435 3621 563 3668 quem
606 3608 707 3653 vide
740 3608 757 3650 1
794 3609 875 3661 27,
924 3607 981 3651 ΙΙΙ
1015 3606 1065 3661 43
1151 3608 1344 3662 Syrtibus
1366 3621 1489 3651 arva.
1525 3608 1860 3666 Georg.1270:
1894 3612 2024 3672 segeti·

207 3666 448 3725 amatrix
486 3667 693 3729 defun&
757 3666 974 3726 Suetonio·
999 3667 1065 3725 ‚in
1149 3666 1431 3724 praetendere
1463 3681 1671 3728 saepen·
1794 3696 1799 3701 -
