2280 4004
111 423 184 480 85

196 272 301 324 KG.
340 275 407 319 19.
607 289 614 292 ·

798 270 961 317 LissER
991 272 1042 318 11.
1106 266 1219 317 cm
1244 263 1437 318 83-8'5.

1935 272 2022 317 161

283 428 287 432 '
332 418 530 471 Eodem
566 424 698 470 anno
738 416 982 485 gravibus
1023 416 1228 468 senatus
1268 413 1486 467 decretis
1527 411 1686 464 libido
1725 412 2025 465 feminarum

197 511 449 576 coercita,
507 515 806 576 cautumque
846 523 912 561 ne
950 513 1211 575 quaestum
1270 504 1488 573 corpore
1528 505 1723 557 faceret
1772 506 1852 556 cui
1895 520 2019 557 avus

197 606 282 654 aut
325 606 470 668 pater
510 605 594 652 aut
646 600 855 651 maritus
901 613 1056 666 eques
1094 599 1349 651 Romanus
1397 596 1590 648 fuisset.

1664 596 1789 648 Nam
1828 595 2026 646 Vistilia

197 692 452 760 praetoria
500 691 692 743 familia
729 691 900 758 genita
943 690 1198 760 licentiam
1239 689 1398 767 stupri
1436 686 1809 771 {Pudfledsses
1844 685 2031 754 vulga-

951 759 1035 769 κ,.,-
1045 758 1126 768 κ’»κὴ
1142 767 1147 769 ,

202 787 374 857 Yssfflh
403 796 545 833 more
582 781 715 832 inter
751 785 954 832 veteres
992 768 1217 845 recepto,
1242 768 1339 845 *qui
1375 765 1497 830 satis
1524 793 1801 845 poenarum
1840 776 2067 830 adver-⁵

201 852 310 926 sum
339 872 616 939 impudicas
652 871 702 921 in
731 871 838 936 ips'a
872 871 1197 936 professione
1226 870 1403 936 flagitii
1435 870 1728 921 credebant.
1785 870 2029 921 Exactum

205 970 254 1016 et
289 943 534 1016 a.Tffidio
572 962 810 1014 Labeone
852 962 1082 1013 Vistiliae
1137 961 1348 1026 marit0,
1411 977 1501 1012 cur
1552 962 1603 1012 in
1648 977 1811 1014 uxore
1859 961 2029 1012 delicti

209 1054 470 1107 manifesta
515 1053 756 1105 ultionem
795 1053 925 1119 legis
971 1053 1243 1103 omisisset.

1344 1052 1510 1118 Atque
1546 1052 1631 1103 illo
1666 1050 2032 1118 praetendente

206 1146 470 1213 sexaginta
523 1144 632 1195 dies
686 1144 748 1195 ad
805 1143 1189 1194 consultandum
1241 1142 1387 1193 datos
1436 1142 1652 1193 necdum
1701 1142 2029 1208 praeter1sse‚

203 1237 360 1289 satius
398 1235 560 1286 visum
603 1234 666 1286 de
701 1234 899 1286 Vistilia
941 1239 1204 1296 statuere;
1247 1247 1408 1298 eaque
1447 1233 1498 1282 in
1539 1232 1752 1284 insulam
1781 1232 2030 1298 Seriphon
2051 1249 2098 1284 ιο

200 1327 370 1378 abdita
411 1331 502 1378 est.

576 1327 757 1377 Actum
802 1331 851 1377 et
887 1325 950 1376 de
986 1325 1148 1376 sacris
1176 1324 1443 1391 Aegyptiis
1480 1324 1799 1390 Iudaicisque
1834 1324 2034 1390 pellen—

203 1418 309 1482 dis3
364 1418 650 1483 factumque
688 1422 884 1483 patrum
923 1416 1205 1468 consultum
1259 1420 1312 1466 ut
1354 1420 1590 1481 quattuor
1637 1416 1772 1467 milia
1809 1416 2033 1467 libertini

201 1509 426 1576 generiS,
455 1524 514 1560 ea
543 1509 903 1574 superstitione
932 1508 1138 1571 infecta,
1180 1507 1290 1572 quis
1322 1506 1508 1558 idonea
1541 1512 1699 1572 aetas,
1736 1508 1787 1558 in
1814 1508 2028 1558 insulam

203 1599 487 1652 Sardiniam
535 1599 876 1663 veherentur,
935 1598 1239 1650 coercendis
1288 1597 1391 1648 illic
1431 1598 1713 1649 latrociniis
1752 1604 1828 1663 et,
1889 1599 1931 1650 si
1970 1598 2034 1649 ob

202 1689 501 1755 gravitatem
565 1689 692 1740 caeli
745 1688 1062 1752 interissent,

310 1953 365 2021 ⁸2.
401 1960 589 2010 questum
619 1952 674 1996 M.
736 1957 778 1996 4.
814 1960 917 2009 aput
951 1954 1002 1997 M.

207 2017 391 2054 namus,

206 2071 246 2113 Μ
279 2071 385 2114 sitis.
454 2071 518 2113 16.
555 2072 789 2114 exsuissent
821 2072 874 2114 Μ.

298 2243 402 2300 Cap.
435 2243 511 2289 84.
561 2244 663 2286 duos
681 2244 806 2287 virile
821 2258 940 2287 secus
958 2246 1083 2287 simul

208 2306 339 2346 enixa
378 2311 464 2346 est:
519 2317 630 2345 unus
670 2318 723 2346 ex
767 2304 834 2345 bis
867 2306 1083 2359 superfuit

209 2376 345 2419 usque
377 2363 429 2404 ad
450 2364 738 2418 principatum
762 2362 838 2405 Gai
865 2362 1079 2416 Caesaris,

208 2423 283 2463 abs
317 2434 403 2478 quo
436 2422 632 2464 sublatus
666 2427 746 2464 est.
791 2423 889 2464 vid.
919 2423 976 2465 Vl
1007 2423 1080 2467 46.

209 2482 390 2524 Sueton.
425 2479 566 2538 Calig.
605 2482 657 2524 15
691 2488 734 2524 et
765 2483 837 2526 23.
883 2482 967 2523 Dio
990 2482 1082 2524 LIX

207 2540 251 2582 8.
309 2539 434 2582 Alter
475 2553 529 2581 ex
569 2541 755 2596 geminis
787 2547 984 2583 mortuus
1018 2547 1084 2584 est

211 2597 386 2640 Tiberio
427 2601 686 2654 superstite:
735 2599 870 2642 Tacit.
911 2601 972 2643 lv
1015 2602 1083 2644 15.

210 2657 255 2698 Iu
289 2660 502 2713 scriptura
547 2658 647 2700 libri
691 2659 731 2700 M
771 2660 917 2701 viriles
961 2675 1087 2703 sescus

212 2717 358 2759 littera
398 2717 578 2760 sibilans
626 2731 855 2773 perperam
901 2722 1087 2775 repetita

211 2775 392 2818 alterum
444 2777 598 2823 vitium
652 2792 776 2820 sexus
833 2791 910 2832 pro
967 2794 1087 2821 secus

213 2835 474 2887 procreavit.
525 2834 652 2878 Conf.
678 2836 738 2877 lv
758 2837 843 2880 62:
870 2838 1087 2893 adfluerere

212 2894 329 2934 avidi
363 2893 526 2946 talium,
553 2920 607 2926 —-
643 2894 767 2936 virile
799 2910 853 2937 ac
884 2896 1088 2938 muliebre

214 2966 347 2994 secus.
381 2952 432 2993 lt.
456 2953 492 2993 V
518 2954 597 2995 13:
617 2953 923 2996 multitudinem
945 2955 1089 2997 obses-

213 3024 356 3052 sorum
384 3035 453 3065 —-‚
483 3012 606 3053 virile
633 3026 687 3053 ac
719 3013 922 3055 muliebre
954 3029 1088 3067 secuS,

214 3076 416 3111 sexcenta
448 3069 569 3112 milia
604 3072 736 3126 fuisse
769 3075 1022 3130 accepimus.

303 3126 406 3183 Cap.
430 3129 503 3172 85.
549 3129 692 3171 eodem
713 3145 855 3174 anno.-
887 3132 940 3174 ad
962 3132 1090 3174 tinem

218 3188 318 3227 anni
361 3187 555 3229 accedit:
602 3203 643 3231 v.
689 3197 836 3233 annot.
882 3191 982 3233 adl
1016 3192 1086 3242 53,

220 3243 278 3284 ΙΙΙ
323 3246 364 3287 2.
482 3247 684 3288 ultionem
723 3250 859 3305 leyis:
911 3251 1087 3291 maritus

220 3301 450 3357 coniugem
486 3305 688 3347 adulterii
721 3309 992 3350 manifestam
1020 3314 1092 3349 aut

220 3361 392 3415 privato
409 3363 748 3418 propinquorum
762 3366 924 3408 iudicio
938 3368 1092 3420 punire

223 3425 297 3460 aut
329 3418 540 3462 ultionem
575 3421 687 3478 legis
711 3422 849 3466 Iuliae
880 3425 933 3466 de
966 3424 1093 3465 adul-

221 3480 343 3520 teriis
366 3478 544 3532 publico
566 3479 726 3522 iudicio
742 3493 922 3535 poscere
935 3484 1091 3535 potuit.

208 3536 314 3578 fnoc
356 3537 539 3579 alterum
581 3552 656 3580 cur
697 3539 844 3582 facere
883 3542 1091 3592 omiserit,

223 3595 368 3637 Labeo
424 3597 726 3654 interrogatur.
799 3599 865 3641 De
913 3599 1094 3641 necdum

225 3655 368 3711 posito
399 3668 476 3710 pro
509 3658 696 3702 nondum
732 3658 789 3704 cf.
823 3658 877 3703 ad
907 3657 1090 3708 11.131.

307 3749 456 3790 Tacitus
480 3752 510 3794 1.
846 3757 850 3761 ’

1073 1953 1114 1997 6.
1149 1955 1238 2010 inp.
1274 1953 1328 1998 M.

457 2013 496 2055 7.
529 2012 688 2054 uistilie
709 2013 763 2055 M.
825 2013 870 2055 8.
907 2015 1134 2055 omississet
1162 2014 1216 2056 M.

1149 1687 1249 1739 vile
1314 1688 1573 1752 damnum,
1652 1690 1807 1739 ceteri
1880 1689 2100 1740 cede-15

124 1799 129 1840 2
201 1785 313 1831 rent
354 1779 533 1845 ltalia,
580 1780 678 1831 nisi
731 1784 918 1831 certam
968 1784 1084 1830 ante
1136 1778 1268 1829 diem
1303 1779 1546 1844 profanos
1590 1780 1715 1831 ritus
1762 1781 2036 1834 exuissent.

1410 1963 1565 1997 exacta
1597 1955 1661 1998 M:
1697 1956 1888 1998 correxit
1923 1954 2037 1996 Ver-

1290 2015 1356 2057 10.
1391 2018 1524 2058 satius
1548 2015 1716 2057 editor:
1749 2015 1885 2070 vulgo
1918 2016 2037 2066 satis,

1665 2260 1760 2289 cum
1821 2247 2039 2290 Labeonis

1165 2308 1388 2347 excusatio
1443 2319 1592 2360 parum
1637 2307 1750 2348 iusta
1800 2308 2039 2361 videretur,

1163 2371 1308 2419 patres
1341 2366 1394 2407 de
1430 2365 1606 2407 Vistilia
1627 2366 1826 2409 adultera
1847 2373 2041 2409 statuere

1164 2437 1291 2479 quam
1340 2424 1527 2466 hominis
1577 2427 1786 2467 incuriosi
1836 2439 1886 2468 ac
1932 2427 2043 2468 tardi

1165 2484 1378 2525 ultionem
1412 2491 1647 2538 expectare
1665 2485 1901 2528 malebant.
1955 2486 2042 2528 lta-

1167 2556 1251 2598 que
1269 2555 1357 2583 non
1371 2545 1475 2585 satis
1488 2545 1635 2596 visum,
1652 2550 1698 2585 ut
1711 2545 1847 2602 vulgo
1863 2545 2041 2602 legitur,

1166 2602 1243 2644 sed
1274 2604 1409 2644 satius
1453 2604 1587 2644 visum
1638 2617 1735 2646 esse
1768 2604 1934 2648 debuit.
1999 2605 2043 2647 Si

1168 2662 1264 2716 quis
1298 2662 1615 2720 existimaverit
1652 2663 1738 2705 hoc
1770 2663 1918 2705 dicere
1959 2664 2043 2705 Ta-

1170 2722 1316 2774 citum,
1339 2723 1382 2762 in
1402 2724 1689 2775 responsione
1706 2722 1922 2764 Labeonis
1940 2725 2045 2765 satis

1170 2794 1327 2821 causae
1381 2783 1618 2836 agnovisse
1670 2787 1814 2835 patres
1864 2796 1940 2823 cur
1991 2783 2044 2823 de

1172 2840 1351 2880 Vistilia
1415 2846 1684 2893 statuerent,
1748 2853 1906 2882 moneo
1961 2842 2046 2882 hoc

1172 2899 1440 2940 efferendum
1490 2900 1627 2942 fuisse
1676 2900 1722 2941 id
1760 2902 1864 2941 satis
1913 2902 2047 2942 visum

1169 2965 1215 2998 ut
1257 2958 1306 2998 de
1355 2958 1524 3000 Vistilia
1566 2966 1814 3001 statuerent.
1882 2960 2045 3001 Vitium

1173 3029 1227 3058 ex
1267 3018 1525 3071 compendio
1581 3031 1807 3073 perperam
1850 3019 2045 3060 resoluto

1172 3081 1319 3117 natum
1354 3082 1432 3119 est.
1475 3105 1480 3108 -

1251 2247 1385 2288 satius
1443 2248 1577 2288 visum
1589 2261 1604 2288 .·

1259 3163 1304 3203 in
1336 3163 1521 3204 insulam
1540 3165 1754 3220 Seriphon
1786 3165 1931 3205 abdita
1962 3170 2047 3205 est:

1174 3219 1283 3262 haec
1324 3222 1461 3263 luliae
1504 3222 1617 3278 legis
1660 3235 1806 3277 poena
1848 3223 1951 3263 fuit:
2001 3235 2045 3263 v.

1173 3279 1226 3318 ad
1259 3279 1295 3320 ῙΙ
1331 3280 1401 3322 50.

1261 3371 1460 3417 quattuor
1490 3366 1612 3407 milia
1639 3365 1828 3407 libertini
1851 3368 2050 3421 generis:

1175 3421 1350 3475 loseph.
1384 3423 1483 3463 Ant.
1507 3424 1695 3466 xv1113
1728 3426 1772 3476 δ.
1796 3426 1837 3466 5.
1868 3425 2047 3466 Sueton.

1175 3479 1316 3522 'l'ibetu
1361 3481 1442 3522 36:
1493 3482 1750 3524 Iudaeorum
1794 3484 2050 3526 iuventutem

1173 3552 1253 3594 per
1271 3540 1451 3594 speciem
1466 3544 1726 3584 sacramenti
1748 3543 1794 3582 in
1802 3545 2052 3598 provincias

1176 3598 1392 3653 yravioris
1451 3601 1564 3642 caeli
1625 3601 1849 3644 distribuit.
1923 3601 2051 3646 Conf.

1178 3656 1347 3708 Seneca
1375 3657 1515 3717 Epist.
1552 3660 1636 3706 108
1668 3662 1714 3713 §.
1746 3662 1816 3706 21.
1854 3704 1859 3709 .
1931 3692 1935 3694 ἡ

1658 3742 1717 3794 11
