2280 4004
227 279 254 314 a
285 268 333 316 C.
366 270 438 317 59.

887 266 1051 316 LIBER
1081 266 1197 313 XIV.
1259 265 1366 312 cn.
1403 271 1442 312 1.

1951 270 2042 313 173
2083 323 2087 330 ,

227 421 391 470 questus
422 419 625 455 revocata
655 411 889 464 aNerone,
921 418 961 454 et
992 410 1141 453 turbae
1166 415 1343 468 propter
1372 408 1641 451 immodicam
1667 405 1803 463 plebis
1835 406 2044 449 laetitiam

223 488 271 528 in
300 486 418 529 urbe.
482 486 680 542 Poppaea
711 486 783 526 ira
814 492 854 526 et
885 491 996 526 metu
1026 490 1154 525 atroce
1186 497 1279 524 cum
1310 482 1482 524 Nerone
1514 479 1773 536 expostulat,
1819 493 1911 521 eum
1936 492 2044 535 per-

219 560 343 617 pellit
371 567 418 601 ut
439 558 552 615 salso
585 557 788 600 adulterii
810 558 988 600 crimine
1012 557 1233 599 Octaviam
1263 557 1310 597 in
1328 555 1513 596 insulam
1534 554 1840 596 Pandateriam
1869 552 2043 607 releyet,

226 634 324 675 dein
353 633 584 687 interficiat
613 634 841 690 (oo—64).
905 631 1043 673 Isdem
1074 630 1327 686 temporibus
1368 629 1614 670 libertorum
1639 628 1896 684 praecipuos
1928 626 2044 668 Nero

223 708 492 763 interfecisse
523 720 685 748 veneno
719 706 904 747 creditus
945 712 1005 747 est
1036 705 1151 763 (65).

223 782 383 823 mimum
413 780 568 823 librum
603 780 873 836 differuntur.

1213 703 1438 745 Eat-ternae
1478 703 1566 744 eius
1605 702 1713 744 anni
1751 715 1820 743 res
1859 701 1908 743 in
1934 708 2082 757 pro-5

342 933 493 984 ·Gaio
549 931 790 998 Vipstano
850 930 975 982 Gaio
1023 931 1233 982 Fonteio
1289 930 1581 982 consulibus
1633 931 1717 982 diu
1754 931 2043 982 meditatum

223 1024 392 1083 scelus
420 1039 520 1074 non
544 1023 671 1073 ultra
702 1023 838 1074 Nero
866 1022 1071 1086 distulit,
1100 1026 1349 1072 vetustate
1378 1022 1575 1087 imperii
1605 1022 1785 1072 coalita
1811 1021 2041 1086 audacia,

223 1119 272 1166 et
306 1113 606 1180 flagrantior
639 1114 690 1162 in
722 1112 832 1163 dies
868 1126 1041 1162 amore
1069 1112 1346 1177 Poppaeae,
1382 1126 1510 1177 quae
1544 1111 1643 1162 sibi
1676 1111 2044 1162 matrimonium

223 1210 272 1257 et
310 1204 577 1255 discidium
617 1203 860 1255 Octaviae
897 1203 1137 1254 incolumi
1164 1202 1446 1269 Agrippina
1485 1202 1619 1252 haud
1659 1218 1887 1268 sperans,
1927 1219 2045 1256 cre-
2062 1222 2108 1259 io

221 1295 327 1346 bris
352 1293 806 1357 criminationibus,
834 1292 1103 1358 aliquando
1128 1307 1220 1357 per
1245 1292 1458 1343 facetias
1483 1292 1740 1344 incusaret
1767 1293 2043 1359 principem

223 1390 273 1437 et
308 1385 544 1452 pupillum
586 1389 824 1447 vocaret,
886 1383 968 1449 qui
1019 1383 1171 1434 iussis
1227 1382 1407 1434 alienis
1464 1382 1714 1434 obnoxius
1752 1399 1855 1434 non
1891 1384 2043 1435 modo

220 1477 416 1544 imperii
453 1476 546 1528 sed
581 1475 828 1526 libertatis
867 1474 1016 1525 etiam
1061 1473 1331 1540 indigeret.
1407 1474 1508 1525 Cur
1544 1474 1674 1526 enim
1715 1474 1908 1527 differri
1948 1490 2047 1526 nu-

219 1567 350 1635 ptias
390 1548 545 1618 suas?
616 1567 845 1617 Formam
898 1565 1096 1616 scilicet
1136 1565 1407 1630 displicere
1449 1570 1498 1616 et
1535 1565 1860 1631 triumphales
1899 1580 2040 1632 aVOS,

222 1674 287 1710 an
324 1658 681 1710 secunditatem
737 1661 787 1708 et
823 1672 998 1707 verum
1037 1656 1294 1707 animum?
1365 1657 1547 1708 Timeri
1600 1672 1664 1708 ne
1701 1672 1830 1708 uxor
1865 1657 2108 1715 saltemus

218 1748 428 1799 iniurias
457 1753 669 1814 patrum,
711 1747 837 1797 iram
871 1747 1043 1812 populi
1077 1746 1323 1798 adversus
1360 1747 1646 1813 superbiam
1682 1748 2043 1815 avaritiamque

218 1839 391 1891 matris
417 1837 623 1905 aperiat.
689 1837 881 1899 Quodsi
913 1852 1091 1888 nurum
1117 1836 1396 1904 Agrippina
1433 1837 1636 1889 nonnisi
1672 1838 1772 1889 filio
1807 1838 2043 1890 infestam

339 2013 379 2056 7.
416 2013 524 2055 Gaio
554 2013 736 2069 uipsano
772 2010 898 2055 GMa:
934 2012 983 2054 C.
1015 2011 1217 2068 Vipstano
1252 2009 1461 2066 Ryckius.

636 2071 816 2115 consuli.
852 2069 940 2114 Ma:
974 2071 1214 2113 consulibus
1246 2073 1343 2128 (per
1374 2073 1535 2126 comp.)
1555 2070 1602 2114 G.

220 2070 321 2115 libri
357 2073 546 2114 Fonteio.

223 2133 291 2174 11.
323 2132 518 2188 facecias
548 2129 628 2173 Ma.

310 2272 416 2327 Cap.
463 2273 501 2314 1.
568 2271 674 2314 Gaio
734 2272 962 2327 Vipstano.-
1020 2276 1086 2312 est

222 2331 352 2374 Gaius
389 2333 623 2386 Vipstanus
661 2331 963 2385 Apronianus,
1010 2331 1083 2385 qui

219 2404 333 2432 anno
355 2390 413 2435 69
425 2414 477 2431 .—.-.
493 2391 581 2434 822
598 2390 952 2444 proconsulatum
963 2390 1085 2432 Afri-

221 2461 298 2492 cae
328 2451 490 2506 gessit:
522 2450 574 2491 H.
606 2450 625 2490 1
657 2449 726 2492 76.
789 2448 937 2491 Gentis
982 2449 1085 2504 Vip-

218 2517 370 2551 stanae
404 2522 526 2561 esse,
554 2521 640 2549 non
668 2509 913 2564 Vipsaniae,
946 2507 1086 2563 liquet

219 2582 274 2610 ex
305 2569 415 2609 actis
436 2568 613 2609 fratrum
634 2567 858 2609 Arvalium
884 2581 952 2622 ap.
992 2569 1084 2608 Ma-

214 2628 374 2669 rinium
413 2627 501 2668 tab.
538 2627 592 2669 14
624 2632 667 2668 et
703 2628 755 2669 15
792 2631 835 2668 et
869 2627 922 2669 16
955 2632 998 2667 et
1031 2626 1084 2668 19

216 2692 260 2728 et
291 2688 345 2730 21
381 2691 424 2728 et
454 2688 512 2730 22
537 2687 668 2736 et23,
701 2685 775 2727 ubi
806 2686 968 2727 totiens
989 2686 1083 2738 ipse

216 2745 288 2787 hic
321 2743 369 2787 G.
402 2744 704 2787 VIPSTANVS
729 2743 1006 2786 APRONIAN
1019 2744 1082 2786 VS

216 2803 440 2846 luculente
458 2803 617 2845 tabulis
643 2805 894 2845 marmoreis
918 2804 1083 2844 incisus

215 2862 258 2904 le
295 2862 392 2903 itur.

263 2877 406 2962 gGaio
439 2920 636 2961 Fonteio:
669 2931 931 2973 praenomen
958 2919 1083 2960 codi-

218 2978 340 3020 cibus
390 2984 434 3020 et
476 2978 742 3020 editionibus
787 2978 962 3020 deerat:
1004 2979 1082 3020 sed

215 3035 387 3078 Tacitus
419 3037 492 3078 ubi
527 3036 730 3078 consules
762 3038 806 3077 in
838 3039 938 3079 anni
957 3038 1081 3091 prin-

218 3097 330 3150 cipio
355 3097 567 3149 nominat,
590 3096 785 3149 exceptis
805 3095 1080 3149 Caesaribus,

215 3167 387 3209 semper
418 3155 520 3196 bina
554 3156 730 3196 nomina
760 3156 932 3209 posuit,
965 3167 1081 3196 nun-

216 3226 343 3268 quam
377 3226 524 3267 unum,
557 3226 701 3268 neque
734 3226 866 3255 causa
896 3214 1081 3269 cogitari

216 3278 361 3326 potest
392 3271 510 3324 ulla,
558 3285 634 3313 cur
664 3271 716 3312 ab
752 3285 804 3313 ea
841 3278 1079 3314 consuetu-

217 3330 319 3373 dine
354 3330 396 3373 h.
431 3330 460 3372 l.
495 3330 716 3371 deiiceret.
749 3329 883 3372 Immo
907 3331 955 3372 C.
975 3337 1080 3371 nota

214 3390 257 3430 in
293 3392 471 3444 antiquo
504 3389 616 3430 libro
651 3386 763 3445 (Ma)
801 3388 974 3430 delituit
1004 3395 1079 3430 aut

213 3450 358 3502 potius
401 3450 560 3489 omissa
603 3454 691 3498 est,
736 3448 832 3488 sive
877 3447 1078 3488 librarius

214 3520 310 3548 eam
375 3513 473 3561 post
535 3506 583 3548 C.
662 3506 851 3561 Vipstani
918 3518 1077 3547 nomen

212 3564 323 3608 falso
377 3566 519 3621 repeti
570 3566 766 3619 putavit,
816 3565 913 3607 sive
968 3565 1076 3608 Gaio

222 3623 421 3687 Vipstano
479 3625 655 3671 Fonteio
708 3623 836 3670 unius
888 3623 1075 3670 hominis

1540 2011 1646 2054 Gaio
1673 2012 1846 2053 Fonteio
1880 2009 2042 2053 editor:

1698 2071 1739 2114 9.
1768 2085 1929 2128 poppee
1961 2068 2040 2113 Ma.

1169 2270 1346 2311 nomina
1378 2282 1475 2312 esse
1506 2281 1732 2324 perperam
1766 2269 1965 2323 credidit,
2000 2274 2043 2312 et

1175 2341 1280 2370 sane
1313 2329 1397 2371 hoc
1429 2329 1469 2370 ei
1502 2329 1674 2371 videtur
1698 2329 1925 2382 accidisse,
1945 2343 2041 2371 cum

1175 2390 1320 2430 statim
1353 2387 1518 2430 consuli
1561 2389 1785 2443 scripserit
1817 2400 1893 2442 pro
1934 2403 2042 2431 con..

1173 2447 1347 2489 sulibus.
1411 2447 1496 2490 Sed
1545 2460 1691 2489 nonne
1743 2447 1918 2489 facilius
1976 2454 2042 2490 est

1174 2507 1367 2548 scribere
1401 2519 1496 2548 cum
1518 2505 1549 2549 Ι.
1574 2507 1642 2549 Fr.
1672 2507 1892 2549 Gronovio
1921 2507 2042 2550 Gaiis

1184 2565 1385 2621 Vipstano
1417 2566 1589 2607 Fonteio
1621 2565 1896 2608 consulibus?
1957 2565 2040 2609 Ta-

1174 2626 1250 2665 citi
1283 2637 1376 2666 mos
1419 2630 1462 2666 et
1495 2627 1767 2667 concinnitas
1807 2625 2040 2667 verborum

1173 2683 1303 2725 aliter
1339 2683 1521 2737 suadet3
1572 2685 1689 2726 conf.
1731 2684 1789 2725 IV
1837 2687 1884 2726 1:
1930 2685 2039 2727 Gaio

1171 2742 1322 2784 Asinio
1377 2743 1484 2784 Gaio
1541 2743 1723 2786 Antistio
1772 2743 2039 2795 consulibus3

1172 2801 1246 2842 XIl
1265 2802 1347 2844 64:
1385 2802 1538 2843 Marco
1555 2803 1705 2844 Asinio
1728 2803 1880 2844 Marco
1897 2803 2038 2845 Acilio

1173 2860 1435 2911 consulibus3
1470 2862 1505 2902 V
1539 2863 1588 2903 1:
1623 2861 1817 2904 Rubellio
1852 2869 1890 2903 et
1923 2862 2038 2915 Fufio

1171 2918 1425 2972 consulibus,
1451 2933 1627 2974 quorum
1651 2922 1818 2975 utrique
1840 2921 2040 2963 Geminus

1172 2986 1492 3033 coqnomentum
1538 2987 1644 3021 erat.
1707 2979 1918 3022 Fonteius
1973 2986 2039 3022 est

1173 3037 1220 3078 C.
1266 3038 1465 3079 Fonteius
1507 3038 1684 3094 Capite,
1727 3040 1821 3080 eius
1863 3038 2039 3093 collega

1172 3095 1221 3137 C.
1282 3096 1506 3152 Vipstanus
1554 3097 1859 3153 Apronianus,
1926 3109 2038 3150 quae

1170 3155 1346 3195 nomina
1400 3155 1708 3196 confirmantur
1751 3156 2036 3207 inscriptione

1168 3212 1456 3265 Neapolitana
1505 3227 1593 3254 non
1649 3214 1709 3254 ita
1756 3214 1919 3267 pridem
1961 3226 2036 3255 re-

1168 3276 1292 3324 perta
1333 3277 1376 3312 et
1419 3271 1534 3312 edita
1573 3273 1616 3312 in
1671 3272 1884 3314 Bulletino
1939 3271 2035 3314 ‹lell’

1170 3330 1308 3371 Instit.
1343 3331 1468 3372 arch.
1502 3344 1540 3371 a.
1578 3330 1687 3373 1831
1723 3343 1763 3384 p.
1797 3331 1868 3374 50.

1254 3402 1400 3430 verum
1448 3390 1661 3430 animum:
1716 3389 1758 3430 h.
1802 3403 1841 3430 e.
1884 3401 2035 3431 verum

1168 3446 1370 3488 affectum
1409 3448 1504 3489 sive
1546 3461 1632 3489 non
1667 3446 1840 3489 dubiam
1872 3448 2035 3490 volun-

1166 3510 1313 3548 tatem.
1379 3506 1431 3549 H.
1482 3505 1499 3547 1
1544 3507 1623 3549 15:
1669 3507 1895 3562 pessimum
1943 3508 2036 3549 veri

1165 3565 1343 3667 pffectus
1372 3579 1604 3620 venenum,
1647 3579 1728 3609 sna
1768 3567 1916 3623 cuique
1944 3567 2034 3610 uti-

1183 3624 1278 3669 itas.
