2280 4004
162 611 229 660 31

247 287 276 319 a
305 270 355 322 C.
387 276 578 323 56-57.

812 274 977 321 LIBER
1006 273 1116 321 XIII.
1182 273 1288 321 Cn.
1320 276 1513 321 30—31.

1980 262 2070 319 141

250 419 330 471 cui
361 423 464 473 tres
491 424 541 472 et
571 418 847 487 nonaginta
877 417 994 471 anni
1025 418 1236 485 spatium
1265 417 1489 483 vivendi,
1516 417 1918 485 praecipuaeque
1945 431 2069 486 opes

247 511 397 563 bonis
441 511 661 576 artibUS,
700 509 951 562 inoffensa
987 513 1061 560 tot
1098 509 1453 574 imperatorum
1488 507 1678 560 malitia
1715 508 1822 561 fuit.

393 603 598 655 Nerone
646 602 826 653 iterum
866 600 1022 652 Lucio
1061 600 1244 652 Pisone
1295 599 1585 652 consulibus
1622 615 1783 667 pauca
1819 598 2066 652 memoria

249 695 404 763 digna
444 710 692 759 evenere,
746 693 846 744 nisi
888 693 968 764 cui
1001 692 1157 743 libeat
1192 691 1460 743 laudandis
1498 691 1838 744 fundamentis
1875 695 1924 744 et
1960 696 2070 744 tra·-

247 786 419 851 bibus,
477 785 587 852 quis
623 783 805 836 molem
845 783 1194 850 amphitheatri
1230 783 1361 850 apud
1399 797 1626 849 campum
1662 783 1837 835 Martis
1877 782 2109 837 Caesar}

248 881 553 942 extruxerat,
581 875 836 928 volumina
873 875 1098 942 implere,
1133 890 1243 926 cum
1282 891 1348 927 ex
1383 874 1629 942 dignitate
1664 874 1835 941 populi
1856 873 2071 928 Romani

249 953 503 1035 repertum
542 968 606 1019 sit
639 982 723 1019 res
758 966 997 1018 inlustres
1035 965 1325 1031 annalibus,
1369 965 1489 1018 talia
1530 965 1724 1017 diurnis
1762 966 1902 1019 urbis
1943 966 2070 1018 actis

246 1058 504 1110 mandare.

601 1057 833 1109 Ceterum
890 1055 1126 1108 coloniae
1183 1056 1351 1122 Capua
1406 1061 1554 1122 atque
1606 1057 1824 1108 Nuceria
1882 1055 2070 1108 additis

245 1149 503 1201 veteranis
550 1148 776 1200 firmatae
831 1153 974 1212 sunt3
1039 1147 1309 1214 plebeique
1357 1147 1674 1214 congiarium
1731 1146 2069 1216 quadringeni

245 1240 432 1293 nummi
471 1240 657 1293 viritim
695 1239 828 1305 dati,
886 1243 935 1291 et
971 1239 1258 1291 sestertium
1297 1239 1712 1307 quadringenties
1749 1239 1950 1291 aerario
1986 1239 2070 1291 in-
2087 1251 2136 1289 ιο

365 1423 404 1467 1.
437 1424 565 1466 annis
595 1435 646 1478 pr
676 1420 757 1465 Ma.

245 1480 286 1527 6.
322 1481 411 1526 PR.
446 1496 543 1526 cum
574 1482 652 1526 lin.
685 1480 766 1524 Ma.

247 1548 291 1585 et
324 1544 498 1586 ceteris.
600 1542 643 1585 8.
679 1547 848 1583 ceterae
880 1538 960 1582 Ma.

243 1601 391 1657 Lipsio
423 1602 635 1645 suadente
668 1600 860 1643 correxit
889 1598 1096 1641 Pichena.

841 1481 881 1523 7.
914 1479 978 1522 ill.
1013 1479 1084 1523 Or.

244 1763 354 1809 gens
384 1750 507 1794 nulla
538 1753 715 1810 cognita
748 1757 840 1805 est,
883 1765 935 1794 ac
966 1751 1113 1795 littera

242 1810 357 1853 male
410 1811 615 1854 distracta
669 1813 829 1854 ceteris
891 1812 1111 1865 adiuncta,

243 1870 376 1913 facile
409 1873 500 1914 exit
523 1871 747 1914 Caninius.
791 1871 923 1913 Porro
952 1884 1112 1914 nomen

243 1930 432 1984 Rebius,
465 1932 534 1972 cui
567 1931 714 1973 littera
745 1931 760 1972 l
791 1931 1011 1973 subtracta
1047 1938 1113 1973 est

242 1989 528 2044 imprudentis
559 1989 727 2032 librarii
763 2003 910 2032 errore
936 1996 979 2032 et
998 1992 1112 2032 assi-

243 2048 424 2091 milandi
457 2049 745 2092 inclinatione
764 2049 995 2106 (Caninius
1021 2050 1112 2091 Re-

242 2107 377 2166 bius),
410 2109 607 2166 ignotum
645 2115 711 2152 est
746 2122 890 2164 neque
924 2109 1110 2150 Caninio

244 2169 453 2210 convenit
483 2175 701 2224 tamquam
736 2181 997 2225 cognomen,
1034 2167 1112 2210 sed

241 2227 406 2281 ipsum,
449 2229 485 2270 si
518 2229 663 2270 extitit
693 2241 908 2283 unquam,
952 2239 1111 2270 nomen

245 2292 312 2328 est
353 2288 520 2343 gentile
565 2301 684 2329 nunc
726 2288 906 2328 minime
947 2292 1108 2341 aptum.

244 2344 405 2387 Contra
435 2346 611 2390 Rebilus
641 2351 791 2387 notum
834 2351 900 2388 est
932 2359 983 2388 ac
1015 2346 1111 2388 fere

243 2411 502 2459 perpetuum
524 2405 804 2448 Caniniorum
836 2417 1110 2462 cognomen..

243 2469 359 2517 tum,
399 2464 454 2507 de
486 2477 572 2520 quo
605 2465 662 2508 cf.
693 2465 966 2507 Drumannus
998 2465 1108 2507 Hist.

244 2523 295 2566 R.
331 2529 361 2566 t.
395 2522 435 2565 11
463 2537 506 2578 p.
543 2525 794 2569 107—110.
854 2525 936 2566 Hic
976 2521 1111 2565 Cani.-

242 2584 341 2624 nius
389 2582 578 2626 fortasse
627 2583 706 2626 ille
746 2583 854 2637 fuit,
901 2583 977 2625 abs
1023 2595 1109 2638 quo

241 2643 472 2696 pecuniam
520 2642 574 2685 ad
623 2643 863 2698 impensam
909 2641 1110 2684 ludorum

241 2701 324 2743 sibi
359 2701 549 2744 oblatam
581 2703 783 2757 accipere
808 2701 951 2744 noluit
972 2701 1110 2743 lulius

244 2761 479 2803 Graecinus
511 2775 536 2803 a
568 2761 674 2804 Gaio
704 2761 892 2804 Caesare
921 2761 1110 2803 interfe-

243 2825 353 2862 ctus.
416 2821 585 2864 Seneca
633 2822 686 2863 de
736 2820 893 2863 Benef.
941 2820 980 2862 Il
1026 2822 1108 2864 21:

245 2892 340 2921 cum
368 2880 443 2922 ille
476 2879 650 2923 Rebilus
688 2880 957 2932 consularis,
986 2879 1108 2920 homo

244 2938 428 2981 eiusdem
467 2939 702 2994 infamiae,
746 2940 954 2981 maiorem
992 2952 1109 2979 sum-

242 3011 355 3040 mam
382 2998 561 3040 misisset
583 2999 859 3053 instaretque,
891 3005 937 3040 ut
968 2998 1111 3054 accipi

243 3056 420 3110 iuberet,
448 3057 599 3113 ‘roqo,'
631 3059 783 3113 inquit,
811 3059 1043 3113 ‘iqnoscas,
1070 3063 1111 3098 et

244 3128 274 3155 a
303 3115 474 3158 Persico
514 3131 602 3158 vion
635 3115 811 3172 accepi.³
876 3117 953 3159 Est
985 3116 1108 3158 dives

245 3179 290 3214 et
317 3175 490 3216 infamis
522 3175 695 3232 qualem
719 3175 892 3218 Tacitus
923 3176 1106 3217 notavit.

244 3231 350 3274 Eius
388 3240 535 3288 pater,
584 3236 765 3289 opinor,
807 3234 855 3277 C.
900 3233 1109 3276 Caninius

244 3291 449 3346 Rebilus,
497 3305 536 3334 a.
570 3294 657 3338 742
688 3293 841 3335 consul
884 3294 1108 3346 suffectus,

243 3357 437 3393 mortuus
471 3357 536 3393 est
568 3352 611 3393 in
650 3353 928 3409 magistratu,
978 3358 1108 3407 atque

245 3409 374 3452 huius
415 3417 538 3466 pater
585 3423 671 3452 uno
705 3411 776 3453 die
808 3425 847 3453 a.
881 3410 968 3454 709
1000 3423 1109 3453 con-

243 3469 430 3512 sulatum
464 3472 627 3526 gessit:
662 3470 718 3513 cf.
753 3471 803 3512 H.
837 3469 893 3510 111
924 3470 995 3512 37.

333 3531 546 3585 inoffensa
578 3536 636 3571 tot
677 3531 982 3586 imperatorum
1010 3541 1109 3569 ma-

244 3584 340 3631 litia
370 3590 477 3644 fuit.-
535 3591 595 3631 ita
628 3589 719 3645 egit
750 3595 797 3630 ut
825 3594 888 3630 tot
919 3587 1111 3642 impera-

244 3650 386 3692 totum
416 3647 627 3695 malitiam
655 3661 878 3707 nunquam
907 3648 1112 3694 offende-

831 1422 874 1464 3.
910 1419 973 1463 ΙΙ.
1007 1420 1058 1462 L.
1085 1418 1165 1473 Ma,
1200 1419 1234 1462 G
1263 1420 1450 1462 secundo
1483 1420 1534 1464 L.

1150 1480 1377 1522 actissimd
1407 1481 1526 1523 dare.
1559 1480 1651 1522 Ma:
1686 1487 1928 1523 correctum
1959 1482 2004 1524 in
2038 1478 2073 1526 G

1084 1539 1126 1582 9.
1160 1539 1415 1596 quadriqeni
1444 1538 1536 1594 Ma,
1581 1555 1681 1583 cccc
1713 1543 1912 1596 apposito
1945 1543 1978 1585 ti
2009 1540 2070 1584 G:

1629 1435 1714 1464 cos.
1750 1433 1846 1463 cum
1877 1421 1955 1464 lin.
1988 1418 2071 1465 Ma.

1196 1754 1277 1791 ret.
1340 1749 1412 1793 Sic
1453 1749 1502 1792 H.
1535 1748 1555 1790 Ι
1584 1749 1639 1792 47
1691 1763 1818 1791 cursu
1859 1750 2070 1793 honorum

1195 1809 1421 1864 inoffenso,
1444 1808 1487 1851 h.
1510 1821 1549 1851 e.
1579 1814 1626 1849 ut
1651 1821 1822 1850 cursum
1855 1808 2071 1852 honorum

1195 1880 1283 1909 non
1316 1868 1576 1910 offenderet.
1622 1867 1704 1910 'De
1736 1868 1784 1910 L.
1807 1868 1991 1910 Volusio
2023 1883 2069 1913 v.

1194 1928 1304 1970 Plin.
1338 1927 1389 1970 N.
1420 1927 1472 1970 H.
1491 1927 1571 1969 VII
1601 1927 1653 1969 12
1676 1933 1720 1969 et
1738 1927 1810 1971 49.
1860 1927 2069 1971 Eiusdem

1193 1988 1391 2029 meminit
1434 1987 1548 2040 apud
1589 1986 1782 2028 Tacitum
1813 1986 1927 2029 Nero
1963 1988 2065 2031 XIV

1195 2046 1265 2089 56.
1329 2045 1465 2087 Filius
1499 2047 1594 2087 eius
1630 2046 1712 2087 fuit
1752 2046 1802 2098 Q.
1839 2046 2062 2100 Volusius,

1196 2105 1349 2147 consul
1390 2118 1428 2148 a.
1470 2105 1559 2149 809
1599 2106 1731 2164 (56):
1776 2118 1818 2147 v.
1861 2106 1957 2148 X111
1992 2109 2064 2162 25,

1193 2163 1290 2206 XIV
1328 2164 1399 2207 46.

1282 2222 1388 2277 Cap.
1421 2224 1493 2266 31.
1558 2224 1730 2266 Nerone
1760 2225 1942 2268 iterum:
1972 2239 2060 2268 nu-

1192 2284 1300 2325 meri
1332 2288 1479 2324 notam
1511 2282 1551 2324 11
1582 2283 1813 2326 Bekkerus
1858 2291 1902 2326 et
1937 2284 2062 2327 Wal-

1192 2342 1341 2385 therus
1372 2355 1452 2396 per
1492 2344 1722 2384 secundum
1755 2344 2064 2386 reddiderunt:

1193 2402 1269 2444 sed
1285 2401 1394 2444 cf.11
1414 2403 1486 2444 53:
1506 2416 1682 2456 sequens
1704 2417 1843 2445 annus
1860 2404 2068 2446 Tiberium

1193 2462 1333 2514 tertio,
1364 2461 1667 2504 Germanicum
1688 2464 1840 2504 iterum
1873 2463 2067 2505 consules

1193 2521 1354 2563 habuit.
1418 2520 1469 2563 H.
1496 2521 1515 2562 I
1546 2523 1592 2562 1:
1625 2524 1793 2564 initium
1821 2523 1926 2565 mihi
1958 2537 2062 2579 ope-

1191 2582 1254 2623 ris
1312 2580 1487 2622 Servius
1549 2580 1686 2622 Galba
1746 2583 1898 2623 iterum
1955 2583 2066 2624 Titus

1202 2639 1348 2681 Vinius
1384 2638 1577 2681 consules
1610 2647 1748 2682 erunt.
1804 2641 1855 2684 H.
1890 2641 1949 2683 IV
1974 2641 2064 2684 38:

1190 2700 1359 2741 interea
1386 2698 1671 2755 Vespasianus
1696 2701 1848 2742 iterum
1868 2715 1922 2742 ac
1954 2701 2066 2743 Titus

1192 2758 1458 2801 consulatum
1489 2759 1682 2800 absentes
1713 2761 1922 2802 inierunt.

1278 2818 1430 2860 molem
1459 2818 1768 2875 amphitheatri
1799 2819 1914 2875 apud
1939 2833 2062 2861 cam-

1185 2891 1287 2933 pum
1331 2876 1515 2918 Martis.-
1569 2878 1803 2920 Suetonius
1845 2878 1945 2921 Ner.
1983 2880 2063 2920 12:

1190 2950 1365 2977 munere
1379 2937 1488 2991 quod
1509 2937 1556 2978 in
1574 2937 1887 2994 amphitheatro
1905 2937 2062 2993 ligneo,

1190 2996 1366 3051 reyione
1411 2995 1566 3037 Martii
1614 2999 1754 3053 campi
1793 2998 1913 3039 intra
1955 2997 2063 3038 anni

1189 3057 1373 3111 spatium
1406 3056 1648 3110 fabricato,
1682 3057 1822 3107 dedit,
1852 3058 2064 3098 neminem

1191 3115 1360 3166 occidit,
1394 3127 1448 3154 ne
1480 3116 1708 3156 noxiorum
1740 3115 1918 3169 quidem.

1278 3173 1447 3213 diurnis
1476 3173 1596 3214 urbis
1627 3175 1762 3215 actis:
1796 3173 1850 3214 de
1883 3172 1950 3214 his
1989 3172 2060 3215 di..

1191 3232 1331 3272 ximus
1364 3230 1418 3272 ad
1448 3229 1505 3272 111
1538 3233 1580 3274 3.

1273 3289 1493 3345 plebeique
1537 3291 1804 3346 conpiarium
1848 3291 2061 3346 quadrin-

1188 3349 1290 3403 9eni
1319 3351 1478 3390 nummi
1507 3350 1666 3391 viritim
1715 3351 1804 3392 dati
1817 3364 1831 3391 .-
1879 3351 2058 3393 Sueton.

1196 3407 1273 3450 10.-
1306 3408 1452 3450 divisis
1478 3407 1633 3464 populo
1665 3409 1825 3450 viritim
1848 3410 2060 3464 quadrin-

1189 3467 1310 3521 9enis
1349 3469 1554 3520 nummis,
1595 3475 1840 3510 senatorum
1879 3468 2060 3510 nobilis-

1189 3526 1292 3566 simo
1336 3528 1508 3581 cuique,
1557 3528 1631 3568 sed
1677 3540 1705 3568 a
1755 3542 1803 3569 re
1847 3527 2062 3582 familiari

1196 3584 1404 3639 destituto,
1445 3587 1833 3639 annua salaria,
1877 3594 1918 3630 et
1962 3587 2061 3644 qui-

1196 3645 1370 3688 busdam
1407 3648 1622 3705 quingena
1653 3647 1882 3692 constituit.
