2280 4004
255 313 344 359 128

256 470 366 507 cam
413 468 587 506 rursus
632 451 893 503 invadere.

1017 303 1310 354 ANNALIVM

1770 296 2076 360 πωλῶ.

998 451 1138 504 Haec
1191 451 1374 505 Iturius
1434 457 1484 506 et
1541 451 1789 508 Calvisius
1835 437 2084 524 Auiiieff,

253 545 502 597 Domitiae
526 542 745 596 Neronis
783 542 967 595 amitae
1000 543 1201 609 liberm,
1242 545 1487 610 aperiunt.
1563 547 1659 608 Qui
1694 543 1870 600 laetus
1895 524 2082 601 obla'tl‘s'

254 637 462 703 (quippe
507 635 638 687 inter
675 634 1018 716 Agrippinam·
1050 641 1098 687 et
1129 635 1398 687 Domitiam
1437 637 1638 691 infensa
1674 639 1944 692 aemulatio
1967 630 2082 693 ''exi'ss

254 726 546 792 ercebatur)
583 725 813 777 Paridem
854 726 1182 792 histrionem,
1239 727 1474 779 libertum
1525 733 1574 780 et
1609 730 1771 796 ipsum
1809 728 2078 798 Domitiae,

214 818 444 885 simpulit
499 818 574 869 ire
621 832 839 884 propere
887 818 1180 884 crimenque
1230 819 1472 871 atrociter
1521 819 1739 873 deferre.

251 925 357 963 nox
395 914 529 974 crat,
571 914 620 960 et
654 909 845 961 Neroni
887 925 978 975 per
1014 909 1341 962 vinolentiam
1378 910 1698 977 trahebatur,
1754 927 1866 964 cum
1901 908 2082 982 ingfelss

254 1001 386 1054 ditur
423 1000 580 1066 PariS,
619 999 797 1051 solitus
826 1000 1049 1066 alioquin
1085 1000 1135 1052 id
1177 1001 1417 1067 temporis
1447 1001 1594 1053 luxus
1631 1003 1875 1069 principis
1910 999 2083 1056 intem

253 1091 392 1156 dere,
435 1091 527 1142 sed
563 1096 680 1141 tunc
721 1091 1030 1157 compositus
1071 1091 1134 1142 ad
1172 1092 1489 1157 maestitiam,
1530 1094 1864 1160 expositoque
1901 1087 2079 1145 indicii

254 1184 433 1236 ordine
473 1184 540 1235 ita
584 1183 871 1235 audientem
911 1188 1158 1248 exterret,

1210 1189 1263 1234 ut
1300 1199 1403 1235 non
1454 1189 1643 1235 tantum
1685 1191 1894 1238 matrem
1930 1183 2082 1239 Plau-

190 1289 236 1326 io
254 1281 453 1342 tumque
494 1275 805 1340 interlicere,
867 1274 958 1326 sed
996 1274 1207 1325 Burrum
1245 1276 1393 1326 etiam
1450 1270 1727 1328 demovere
1761 1276 2083 1344 praefectura

253 1368 532 1421 destinaret
591 1371 842 1431 tamquam
879 1366 1193 1432 Agrippinae
1243 1367 1406 1434 gratia
1465 1372 1758 1432 provectum
1818 1373 1867 1420 et
1917 1359 2082 1420 vicerit

252 1458 566 1510 reddentem.

368 1604 410 1648 2.
448 1603 616 1646 domitie
649 1601 729 1645 Ma.
822 1602 928 1645 letus
961 1601 1039 1644 Ma.

250 1661 294 1707 8.
326 1670 443 1706 mest.
479 1661 559 1705 Ma.
657 1663 724 1705 11.
760 1669 876 1718 tanq.
912 1661 991 1705 Ma.

251 1811 294 1843 v.
330 1798 423 1841 XIII
456 1799 538 1851 34,
583 1797 681 1839 XIV
718 1798 774 1840 53
810 1803 852 1839 et
887 1799 942 1840 55
978 1803 1021 1839 et
1053 1798 1123 1840 57.

252 1857 474 1901 Iuvenalis
511 1856 607 1899 VIII
638 1857 719 1900 39:
764 1865 900 1899 tecum
932 1865 992 1899 est
1023 1858 1127 1898 mihi

251 1933 414 1971 sermo,
449 1917 621 1960 Rubelli
652 1916 826 1968 Plaute,
867 1924 997 1958 tumes
1041 1917 1127 1958 alto

252 1979 493 2020 Drusorum
525 1983 754 2018 stemmate.
803 1975 944 2017 Plauti
966 1976 1056 2017 fata
1087 1982 1141 2031 et*

254 2044 448 2079 extrema
490 2037 732 2078 necessitas
765 2042 994 2077 narrantur
1027 2035 1128 2077 XIV

252 2099 309 2141 22
347 2103 390 2138 et
422 2096 621 2139 57—59:
656 2096 711 2137 cf.
747 2095 846 2138 XVI
886 2096 940 2139 10
973 2101 1016 2137 et
1053 2096 1126 2139 30.

253 2156 307 2199 II.
341 2157 357 2197 l
394 2155 462 2198 14.

332 2215 546 2257 Domitiae
570 2215 756 2257 Neronis
788 2215 972 2255 amitae:
1007 2226 1130 2256 soror

252 2275 334 2316 fuit
367 2274 585 2316 Domitiae
628 2274 819 2328 Lepidae
867 2274 920 2315 ab
963 2275 1129 2330 Agrip-

252 2335 354 2389 pina
386 2334 586 2389 perditae
614 2333 715 2390 (XII
737 2333 796 2376 64
820 2339 862 2375 et
887 2333 985 2390 65).
1032 2333 1130 2387 Ipsa

251 2405 424 2436 veneno
459 2401 617 2436 necata
641 2400 706 2435 est
727 2406 751 2434 a
771 2392 958 2435 Nerone.
1017 2393 1130 2434 Dio-

252 2455 318 2495 nis
354 2461 561 2508 excerpta
598 2453 688 2494 LXI
718 2453 785 2495 17.
834 2452 935 2493 Alia
967 2458 1127 2503 autem,

252 2520 372 2568 putO,
407 2514 489 2555 fuit
523 2514 645 2555 cuius
675 2513 872 2552 meminit
890 2511 1130 2563 Quintilia-

253 2586 332 2614 nus
357 2573 411 2613 VI
434 2575 454 2614 1
479 2573 559 2616 50:
597 2572 706 2626 quod
730 2578 788 2611 est
810 2585 944 2626 yenus
961 2572 1129 2626 eyreyie

253 2639 484 2674 tractatum
507 2645 535 2672 a
557 2631 775 2681 Passieno,
802 2644 896 2670 cum
915 2630 1130 2671 Domitiae

251 2693 399 2733 umoris
428 2705 530 2732 suae
551 2689 811 2746 pecuniaria
834 2689 905 2729 lite
927 2689 1130 2729 adversus

252 2753 434 2806 fratrem
489 2751 577 2791 eius
622 2748 922 2790 Aenobarbum
965 2755 1127 2803 aqeret.

252 2809 357 2852 Nam
414 2807 567 2863 Crispo
615 2808 822 2849 Passieno
868 2807 1127 2862 Agrippina,

252 2875 391 2910 mater
447 2868 660 2919 Neronis,
716 2873 851 2920 nupta
905 2867 988 2907 fuit
1034 2871 1131 2920 post

252 2935 436 2970 mortem
479 2927 660 2968 Domitii
704 2927 846 2967 mariti
896 2927 1053 2980 prioris
1088 2931 1130 2966 et

253 2987 516 3043 aliquamdiu
542 2993 643 3028 ante
666 2998 793 3040 quam
813 2984 995 3026 Claudio
1021 2986 1123 3026 iun-

254 3047 453 3103 gebatur.
514 3045 593 3087 Cui
626 3045 901 3085 matrimonio
935 3050 981 3084 ut
1007 3044 1130 3085 locus

254 3107 400 3158 tieret,
457 3108 644 3160 priorem
700 3104 895 3145 Passieni
949 3116 1129 3144 uxorem

256 3166 538 3222 (Domitiam)
573 3170 646 3205 aut
675 3169 814 3205 morte
844 3167 918 3204 aut
945 3162 1130 3204 discidio

256 3227 529 3267 concessisse
597 3225 804 3278 oportuit.
868 3221 933 3263 De
991 3227 1130 3263 morte

257 3284 433 3326 facilius
470 3282 675 3336 creditur,
713 3296 809 3324 cum
843 3282 1129 3337 Agrippinam

255 3343 297 3384 in
352 3343 496 3385 locum
563 3343 724 3383 sororis
779 3342 921 3382 mariti
974 3340 1132 3395 prioris

255 3403 438 3445 discidio
499 3408 726 3456 separatae
778 3401 954 3443 venisse
1018 3398 1133 3440 haud

254 3461 495 3503 verisimile
550 3461 764 3503 videatur.
830 3460 980 3514 Itaque
1036 3459 1132 3500 Do-

255 3523 374 3562 mitia
396 3521 470 3562 illa
496 3521 700 3561 Passieno
726 3524 824 3560 ante
847 3519 1131 3574 Agrippinam

254 3581 530 3621 matrimonio
564 3581 711 3620 iuncta
739 3590 862 3619 soror
883 3585 1027 3619 aetate
1048 3578 1132 3618 mi-

256 3651 336 3678 nor
370 3638 498 3679 huius
517 3637 736 3679 Domitiae
770 3637 943 3679 videtur
974 3637 1128 3679 fuisse.

257 3696 323 3748 De
355 3697 563 3742 Passieno
597 3696 759 3742 (lictum
792 3697 845 3742 ad
880 3694 938 3740 VI
969 3697 1039 3743 20.

1131 1603 1173 1646 3.
1208 1602 1407 1646 emulatio
1442 1602 1520 1647 Ma.

654 1457 836 1508 Fabius
890 1458 1124 1508 Rusticus
1182 1462 1361 1508 auctor
1424 1463 1500 1509 est
1565 1458 1784 1524 scriptos
1842 1469 1959 1512 esse
2000 1455 2082 1511 'aii

1613 1604 1655 1648 6.
1689 1605 1969 1654 vinulentiam
1999 1597 2080 1651 Ma.

1301 1796 1404 1852 Cap.
1439 1800 1512 1842 20.
1586 1798 1712 1840 lua-us
1748 1798 1989 1856 principis:
2023 1798 2086 1841 IV

1210 1857 1292 1899 67:
1346 1857 1532 1898 occultos
1573 1858 1619 1898 in
1661 1857 1784 1899 luxus
1841 1865 1880 1899 et
1927 1858 2086 1900 malum

1214 1918 1343 1957 otium
1372 1917 1597 1960 resolutus.
1661 1915 1728 1958 De
1759 1916 1963 1960 noctibus
1993 1916 2086 1960 Ne-

1212 1977 1331 2016 ronis
1365 1976 1421 2019 cf.
1455 1976 1553 2017 XVI
1595 1976 1666 2020 20.
1790 1977 1946 2018 Fabius
1990 1977 2086 2020 Ru-

1213 2036 1369 2077 sticus.-
1403 2035 1460 2077 cf.
1482 2034 1573 2077 Ind.
1608 2034 1711 2076 hist.
1746 2035 1842 2092 Non
1866 2041 1932 2092 est
1950 2036 2087 2092 ¹quem

1215 2094 1511 2146 Quintilianus
1544 2093 1765 2151 significat
1793 2095 1970 2138 nomine
1999 2107 2087 2138 non

1213 2153 1434 2209 appellato
1486 2156 1517 2197 X
1557 2155 1579 2196 1
1626 2154 1736 2207 1043
1791 2168 1835 2198 v.
1868 2154 2088 2201 Prooemii

1215 2227 1307 2268 cap.
1342 2213 1385 2255 8.

1300 2273 1536 2316 Caecinam
1558 2273 1760 2315 Tuscum.-
1797 2279 1950 2328 postea
1969 2272 2086 2316 Nero

1213 2332 1434 2374 hominem
1460 2335 1666 2390 Aegypto
1699 2333 1916 2387 praefecit
1935 2339 1980 2375 et
2006 2333 2086 2376 sub

1212 2392 1340 2433 finem
1374 2393 1546 2447 imperii
1579 2392 1814 2448 relegavit.
1868 2391 1953 2435 Dio
1974 2392 2087 2448 apud

1212 2450 1484 2505 Xiphilinum
1512 2451 1641 2494 LXIII
1677 2452 1745 2495 18.
1809 2452 2082 2496 Sueton.35'.‘

1212 2510 1375 2552 Neroni
1430 2518 1574 2553 tamen
1632 2517 1855 2565 superstes
1904 2511 1989 2554 ruit
2044 2516 2088 2554 et

1213 2571 1381 2623 patriae
1421 2571 1637 2623 redditus,
1678 2577 1725 2611 ut
1762 2570 1902 2627 liquet
1941 2584 1996 2613 ex
2033 2569 2087 2616 Η.

1304 2687 1491 2728 Plinius:
1543 2687 1585 2728 in
1631 2687 1813 2729 historia
1856 2694 2089 2745 temporum

1213 2760 1409 2799 suorum,
1445 2759 1571 2801 quam
1607 2753 1911 2802 composuerat
1946 2761 1975 2789 a
2001 2749 2088 2802 fine

1214 2806 1374 2859 Aufidii
1427 2806 1552 2847 Bassi
1594 2805 1714 2848 libris
1756 2808 1937 2863 triyinta
1985 2820 2087 2860 uno,

1215 2866 1442 2919 excipiens
1498 2865 1791 2908 narrationem
1843 2878 1987 2908 rerum
2032 2865 2087 2909 ab

1213 2923 1386 2965 Aufidio
1431 2923 1567 2965 Basso
1612 2924 1821 2979 (Quintil.
1857 2925 1892 2968 X
1929 2927 1951 2969 1
1988 2925 2085 2969 1³03.

1213 2983 1345 3025 Tacit.
1393 2982 1441 3025 O.
1486 2985 1558 3027 23.
1623 2984 1792 3026 Seneca
1831 2983 1971 3040 Epist.
2011 2984 2085 3028 30.

1215 3043 1382 3084 Seneca
1413 3048 1535 3096 pater
1570 3043 1743 3085 Suasor.
1780 3044 1848 3100 7),
1881 3044 2087 3087 extremis

1215 3100 1385 3143 Claudii
1410 3103 1549 3153 annis,
1584 3108 1630 3142 ut
1656 3101 1844 3156 videtur,
1884 3103 1975 3146 vita
2006 3101 2088 3144 de.-

1215 3161 1382 3213 functo,
1415 3160 1630 3203 relictam.
1694 3160 1805 3203 Plin.
1844 3160 1986 3216 Epist.
2029 3158 2087 3203 111

1215 3221 1268 3262 5:
1316 3234 1343 3260 a
1385 3220 1470 3273 fine
1518 3220 1680 3273 Aufidii
1730 3221 1856 3262 Bassi
1907 3221 2089 3278 triginta

1213 3293 1335 3321 uvius.
1413 3278 1523 3321 Plin.
1566 3279 1617 3320 N.
1652 3278 1703 3321 H.
1738 3279 1791 3321 ad
1821 3279 1958 3322 Titum
1996 3279 2087 3322 Ve-

1215 3340 1463 3392 spasianum
1514 3338 1728 3380 I’raefat.:
1790 3353 1870 3382 nos
1923 3338 2088 3395 quidem

1216 3412 1384 3450 omnes,
1416 3405 1605 3453 patrem,
1639 3404 1691 3450 te,
1723 3401 1985 3453 fratremque
2016 3394 2086 3439 da·-

1214 3458 1352 3499 :cimus
1388 3471 1514 3512 opere
1546 3459 1680 3510 iusto,
1731 3465 1961 3513 temporum
2001 3468 2085 3496 no-

1215 3524 1399 3558 strorum
1432 3515 1654 3557 historiam
1689 3517 1780 3557 orsi
1813 3530 1840 3557 a
1865 3515 1951 3568 fine
1989 3513 2084 3556 Au-

1211 3576 1304 3630 fidii
1328 3576 1463 3617 Bassi.
1513 3575 1630 3616 Idem
1658 3573 1694 3615 11
1719 3574 1803 3617 85:
1838 3586 1926 3614 non
1947 3573 2086 3615 minus

1214 3636 1368 3676 mirum
1401 3640 1609 3676 ostentum
1639 3639 1678 3674 et
1708 3639 1858 3675 nostra
1890 3633 2085 3688 coqnovit

1216 3701 1336 3737 aetas
1380 3707 1495 3736 anno
1534 3691 1719 3737 Neronis
1753 3691 1967 3755 principis
2009 3705 2085 3740 su-

1833 815 2079 875 Provec‘i'a
2095 824 2167 873 20
