2280 4004
213 263 248 305 a*
267 258 318 305 G.
355 262 424 306 1⁷6.

795 260 961 305 LIBER
989 259 1041 305 Π.
1105 261 1212 306 CAr.
1245 262 1436 307 30—31.

1947 247 2035 310 113

214 402 443 454 consulto
485 402 712 468 quaestio
758 402 811 453 in
862 403 1009 469 caput
1055 402 1244 453 domini
1285 402 1674 468 prohibebatur,
1735 403 1946 456 callidus
1987 411 2036 457 et

211 493 332 544 novi
371 493 495 544 iuris
528 499 761 559 repertor
784 494 1012 545 Tiberius
1051 493 1330 559 mancipari
1368 494 1597 562 singulos
1633 495 1794 568 actori
1829 494 2033 567 publico

211 583 364 648 iubet,
403 583 603 635 scilicet
627 588 680 633 ut
713 584 765 633 in
792 585 1035 635 Libonem
1071 599 1135 634 ex
1171 585 1334 635 servis
1372 584 1515 636 salvo
1556 564 1761 637 senatus
1802 567 2033 637 consulto

211 678 554 739 quaereretur.
618 674 694 726 Ob
733 688 862 740 quae
891 679 1149 740 posterum
1187 675 1318 726 diem
1347 691 1466 727 reus
1502 676 1694 742 petivit,
1733 676 2036 742 domumque

211 763 474 830 digressus
513 768 764 815 extremas
804 779 985 831 preces
1021 765 1196 817 Publio
1239 748 1452 827 Quirino
1504 767 1786 833 propinquo
1839 782 1932 819 suo
1971 767 2076 819 ads

207 854 487 920 principem
537 855 810 907 mandavit.

918 857 1234 923 Responsum
1292 862 1369 908 est
1420 862 1475 908 ut
1530 863 1758 910 senatum
1810 862 2035 926 rogaret.

125 937 191 983 31
211 943 520 1011 Cingebatur
542 946 743 997 interim
772 945 930 997 milite
966 947 1161 1012 domUS,
1200 948 1492 1014 strepebant
1517 949 1666 1000 etiam
1689 949 1740 999 in
1764 949 2034 1015 vestibulo,

208 1037 492 1101 ut⁴audiri,
535 1043 590 1087 ut
630 1038 789 1103 aspici
826 1043 1063 1104 possent,
1107 1054 1217 1106 cum
1257 1039 1381 1090 Libo
1421 1040 1573 1105 ipsis,
1614 1055 1738 1106 quas
1775 1041 1827 1090 in
1858 1041 2039 1092 novis-

209 1127 386 1178 simam
422 1127 729 1194 voluptatem
768 1128 1093 1193 adhibuerat,
1136 1129 1296 1195 epulis
1335 1130 1656 1181 excruciatus
1691 1144 1882 1182 vocare
1916 1145 2039 1196 per-

332 1298 370 1338 1.
404 1298 562 1351 questio
596 1298 650 1340 M.
708 1297 1049 1353 prohibebantur
1079 1310 1130 1353 pr
1159 1299 1232 1341 lti-
1279 1301 1320 1342 5.
1355 1299 1401 1342 Ρ.
1435 1300 1491 1342 Μ.
1556 1301 1735 1352 Quirino
1767 1300 2035 1343 Beroaldus:

207 1353 247 1397 Μ
281 1354 491 1406 Quirinio.

207 1416 292 1456 sint
322 1415 384 1457 M:
429 1416 564 1458 tacite
606 1417 796 1458 correxit
825 1416 1077 1459 Rhenanus.

209 1553 324 1595 Fast.
358 1567 399 1608 p.
437 1555 518 1597 107
553 1553 621 1596 ed.
653 1554 842 1611 Foggin.
864 1556 938 1598 vel
967 1555 1083 1609 apud

212 1611 422 1655 Orellium
454 1614 653 1668 Inscript.
695 1614 787 1656 Lat.
821 1614 859 1655 II
891 1627 933 1669 p.
967 1614 1080 1668 3883

211 1672 267 1715 cf.
288 1672 394 1713 ibid.
420 1673 579 1726 p.386.
628 1674 712 1715 Sed
739 1674 947 1716 fastorum
972 1686 1082 1715 con-

210 1731 417 1772 sularium
448 1734 664 1786 scriptura
698 1732 975 1774 confirmatur
1008 1734 1080 1773 in-

208 1790 631 1904 ssffsssiailmlsssssi'ss‘}
662 1792 944 1904 ΨζωὲἓἚἻ
967 1792 1078 1892 Νἲίιῖὲ

404 1883 413 1892 .
635 1882 643 1891 .
758 1883 768 1892 .
958 1883 969 1903 ,

210 1913 275 1950 est
325 1908 371 1950 P.
426 1908 672 1951 SVLPITIO
724 1908 980 1961 QVIRINO,
1037 1915 1079 1951 et

207 1980 381 2008 nummo
413 1969 458 2008 in
493 1969 718 2011 Vaillantii
743 1968 911 2010 Numm.
947 1969 1078 2016 fami-

206 2025 363 2067 liarum
410 2026 533 2070 Rom.
576 2034 608 2068 t.
647 2026 686 2067 ΙΙ
730 2028 817 2069 tab.
869 2026 1076 2079 CXXXV,

206 2084 281 2126 ubi
345 2091 411 2127 est
471 2085 516 2126 P.
580 2085 864 2128 SVLPICIVS
928 2085 973 2128 P.
1028 2086 1075 2127 F.

209 2142 474 2194 Qvfflles
497 2143 668 2197 IIIVIR,
681 2144 1078 2201 quemVaillantius

208 2214 285 2255 pro
319 2209 442 2257 patre
474 2202 603 2246 huius
626 2205 762 2245 nostri
786 2203 932 2246 habet.
980 2202 1077 2244 Pri-

206 2274 302 2302 mus
351 2262 575 2315 Quirinum
616 2264 661 2304 in
707 2262 854 2305 Tacito
901 2269 1077 2304 strenue

206 2320 446 2363 vindicavit
486 2327 530 2363 et
560 2323 802 2375 Quirinium
832 2321 1080 2376 repudiavit

205 2379 422 2433 Ryckius:
475 2379 559 2422 hoc
601 2381 699 2423 loco
733 2379 912 2433 Quirino
946 2382 1077 2422 etiam

206 2439 320 2492 apud
349 2439 624 2482 Beroaldum.
687 2439 754 2482 De
786 2439 964 2481 homine
998 2452 1077 2480 co-

206 2498 330 2551 piose
363 2498 602 2552 disputavit
613 2498 812 2541 Norisius
831 2497 1074 2552 Cenotaph.

207 2556 292 2598 Pis.
326 2557 496 2599 dissert.
530 2557 567 2599 11
599 2573 636 2600 c.
675 2558 728 2602 16
758 2559 802 2609 §.
829 2559 897 2600 12.
952 2556 1077 2609 Quod

209 2613 361 2658 Graeci
411 2618 646 2671 scriptores
703 2628 949 2672 cognomen
992 2617 1077 2657 viri

208 2675 254 2715 in
287 2691 356 2725 ιος
387 2675 597 2729 efferunt,
637 2675 775 2718 veluti
809 2676 962 2718 Strabo
1002 2674 1078 2716 XII

208 2733 236 2775 6
264 2733 290 2776 5
311 2736 600 2792 (Κυρίνιος),
614 2734 752 2776 Lucas
764 2733 978 2791 Evangel.
993 2733 1031 2775 11
1050 2736 1078 2777 2

210 2793 511 2851 (Κυρηνίου),
537 2793 749 2847 Iosephus
772 2794 920 2848 Antiq.
941 2792 1080 2834 XVIII

212 2852 233 2891 1
268 2851 312 2901 §.
350 2853 397 2904 1,
438 2855 466 2895 2
497 2855 542 2903 δ.
580 2855 601 2894 1
637 2853 948 2907 (Κυρὴνιος),
995 2851 1079 2893 hoc

209 2907 310 2950 inde
346 2910 685 2963 explicaverim,
719 2911 833 2966 quod
866 2910 931 2951 illi
966 2923 1079 2966 gen-

211 2965 395 3008 tilicium
438 2968 483 3009 id
515 2982 612 3010 esse
645 2971 810 3023 opinati
859 2971 966 3010 sint:
1007 2970 1079 3010 ni-

212 3026 363 3067 mirum
396 3027 441 3067 in
476 3026 682 3080 Quirino,
724 3029 792 3069 cui
836 3027 946 3069 nihil
978 3027 1080 3069 affi-

212 3085 358 3126 nitatis
371 3098 466 3126 cum
479 3086 769 3140 Sulpiciorum
784 3092 917 3143 gente
927 3092 1079 3128 vetere

214 3149 257 3183 et
288 3145 494 3197 patricia,
529 3157 775 3200 cognomen
803 3146 943 3201 magis
974 3158 1080 3200 per-

213 3201 438 3257 vulgatum
456 3210 548 3244 erat
565 3216 691 3259 quam
711 3216 869 3245 nomen
883 3203 1079 3259 Sulpicii.

214 3258 342 3312 Apud
382 3258 556 3302 Florum
606 3259 664 3302 IV
709 3264 763 3304 12
800 3264 854 3304 41
905 3261 1079 3303 codices

215 3318 330 3357 inter
363 3316 540 3359 Curinio
574 3323 616 3359 et
645 3319 823 3371 Quirino
854 3320 1078 3371 fluctuant,

216 3374 330 3429 apud
370 3375 624 3417 Suetonium
677 3376 820 3418 Tiber.
867 3377 926 3419 49
977 3377 1082 3418 editi

216 3435 455 3490 genitivum
489 3435 661 3486 Quirini
693 3434 916 3476 exhibent.

305 3491 408 3546 Cap.
442 3494 514 3535 31..
579 3507 671 3534 cum
695 3492 796 3533 Libo
824 3506 1080 3534 —vocaret

217 3554 337 3607 quasi
386 3565 472 3594 non
520 3552 706 3593 relativa
744 3551 957 3605 particula
990 3566 1084 3593 cum

217 3610 293 3654 sed
324 3610 410 3652 alia
441 3612 483 3653 ei
514 3610 784 3668 respondens
808 3623 858 3656 ae
878 3610 1085 3657 relationi

297 3703 446 3744 Tacitus
470 3706 498 3744 1.

567 1357 607 1399 7.
642 1357 896 1412 strepebant·
917 1358 1045 1398 etiam
1076 1358 1130 1411 M,
1171 1370 1258 1399 non
1290 1360 1616 1415 strepebantquc
1649 1361 1790 1402 eliam.
1858 1360 1901 1403 8.
1932 1375 2036 1417 pos-

1167 1554 1283 1597 haud
1316 1554 1507 1597 obnoxia
1537 1556 1659 1613 (tum)
1708 1559 2035 1611 praecessisset,

1166 1616 1364 1670 sequitur
1405 1615 1646 1657 infinitivus
1686 1615 1920 1658 historicus
1961 1619 2037 1672 qui

1166 1674 1340 1728 dicitur,
1373 1675 1500 1729 isque
1532 1681 1636 1716 tunc
1668 1689 1693 1716 a
1725 1675 1872 1717 Tacito
1905 1676 2034 1718 adhi-

1164 1733 1319 1785 betur,
1370 1746 1467 1775 cum
1514 1747 1676 1776 novum
1724 1734 1902 1790 aliquod
1962 1735 2037 1777 vel

1165 1792 1387 1834 insolitum
1421 1792 1636 1835 relaturus
1670 1799 1750 1835 est.
1802 1794 2036 1837 Cf.1140:

1163 1852 1331 1906 iamque
1363 1853 1525 1894 Ostiam
1567 1855 1779 1895 invectum
1815 1852 2036 1894 multitudo

1161 1911 1336 1965 inqens,
1395 1912 1483 1951 iam
1531 1913 1579 1952 in
1631 1911 1736 1953 urbe
1782 1911 2040 1953 clandestini

1164 1977 1304 2011 coetus
1340 1969 1637 2023 celebrabant,
1687 1985 1781 2013 cum
1831 1971 2040 2012 Tiberium

1163 2043 1320 2084 anceps
1353 2043 1461 2070 cura
1492 2029 1746 2071 distrahere.
1803 2029 1862 2071 lv
1884 2031 1963 2073 50:
1999 2036 2039 2070 et

1162 2088 1389 2142 ingruebat
1418 2102 1506 2129 noa·
1535 2089 1675 2129 nimbo
1704 2095 1845 2141 atrox,
1869 2114 1925 2121 --
1944 2102 2038 2130 cum

1162 2146 1348 2188 Sabinus
1386 2148 1629 2189 circumire.
1679 2147 1837 2190 VI44:
1868 2149 2038 2202 iamque

1161 2205 1295 2246 multa
1346 2219 1478 2248 manu
1520 2208 1767 2263 propinqua
1813 2206 2038 2248 Seleuciae

1163 2264 1450 2317 adventabat,
1503 2280 1598 2307 cum
1653 2265 1861 2306 Tiridates
1912 2264 2039 2306 simul

1160 2326 1282 2378 sama
1313 2330 1437 2378 atque
1461 2325 1551 2379 ipso
1570 2323 1794 2365 Artabano
1813 2323 2037 2379 perculsus

1162 2382 1346 2424 distrahi
1378 2383 1582 2425 consiliis.
1645 2382 1741 2423 XIII
1773 2383 1851 2425 57:
1899 2396 2037 2437 neque

1161 2443 1353 2496 eoetinqui
1377 2449 1577 2497 poterant
1611 2442 1802 2498 (ignes),
1821 2467 1877 2473 —-
1902 2443 2038 2483 donec

1161 2525 1218 2531 —-
1261 2508 1450 2555 a9restes
1497 2500 1669 2554 quidam
1716 2502 1876 2542 eminus
1925 2514 2037 2542 saxa

1160 2559 1322 2600 iacere.
1371 2559 1469 2600 XIV
1502 2560 1553 2601 5:
1585 2559 1832 2601 Acerronia
1855 2584 1910 2591 —
1942 2574 2034 2601 me-

1159 2617 1382 2672 morabat,
1439 2632 1533 2659 cum
1586 2618 1685 2659 dato
1736 2619 1857 2674 signo
1908 2632 2037 2659 ruere

1163 2684 1329 2718 tectum.
1377 2678 1427 2718 H.
1461 2676 1518 2717 111
1548 2678 1632 2720 31:
1664 2678 1752 2718 iam
1784 2677 1971 2732 legiones
1988 2678 2037 2718 in

1163 2736 1410 2778 testudinem
1435 2736 1815 2791 ylomerabantur‚
1850 2761 1906 2768 —
1943 2751 2038 2777 cum

1162 2794 1439 2849 languescere
1465 2794 1676 2851 paulatim
1711 2794 2038 2837 Vitellianorum

1162 2854 1310 2894 animi.
1371 2853 1512 2895 Etiam
1554 2855 1599 2895 in
1641 2855 1803 2908 protasi
1853 2853 2035 2894 eandem

1163 2911 1386 2953 licentiam
1419 2913 1614 2965 admisit,
1657 2912 1734 2954 sed
1767 2914 1826 2953 ita
1858 2918 1904 2952 ut
1935 2918 2035 2966 post

1163 2971 1347 3024 primum
1405 2973 1619 3013 sermonis
1671 2971 1909 3013 membrum
1960 2976 2036 3011 aut

1165 3035 1283 3070 certe
1337 3036 1438 3071 ante
1499 3029 1710 3084 apodosin
1766 3029 1819 3071 ad
1875 3031 2033 3070 iustam

1163 3093 1421 3131 structuram
1453 3089 1617 3130 reditus
1650 3088 1738 3129 fiat.
1801 3087 1838 3127 11
1867 3087 1926 3129 4:
1960 3088 2035 3128 sed

1162 3146 1235 3187 ubi
1266 3148 1461 3188 minitari
1492 3147 1764 3196 Artabanus,
1811 3152 1849 3186 et
1876 3158 2034 3199 parum

1163 3204 1339 3246 subsidii
1367 3206 1415 3245 in
1447 3205 1677 3254 Armeniis,
1710 3203 1776 3244 vel
1797 3227 1853 3235 --
1881 3202 2034 3243 bellum

1164 3262 1366 3303 adversus
1410 3262 1589 3303 Parthos
1634 3261 1880 3303 sumendum
1924 3266 2033 3312 erat,

1165 3326 1308 3361 rector
1338 3321 1493 3375 Syriae
1526 3345 1581 3352 —-
1629 3321 1811 3361 excitum
1841 3318 2035 3359 custodia

1167 3379 1419 3419 circumdat.
1482 3377 1536 3418 111
1591 3378 1673 3421 26:
1725 3384 1769 3419 at
1811 3383 2036 3432 postquam

1168 3437 1267 3476 exui
1298 3435 1535 3490 aequalitas
1568 3443 1607 3477 et
1635 3449 1712 3492 pro
1744 3435 1950 3477 modestia
1981 3449 2037 3477 ac

1162 3494 1325 3549 pudore
1372 3494 1543 3536 ambitio
1600 3502 1640 3536 et
1690 3496 1753 3537 vis
1812 3495 2039 3536 incedebat

1169 3558 1252 3594 cet.
1285 3551 1360 3594 XII
1392 3553 1473 3595 51:
1519 3553 1593 3595 ubi
1631 3555 1748 3609 quati
1783 3560 1953 3606 uterus,
1998 3559 2038 3594 et

1166 3612 1335 3658 viscera
1388 3612 1643 3668 vibrantur,
1703 3626 1832 3656 orare
1890 3636 1946 3649 --
1991 3617 2039 3659 ut

1678 3693 1713 3750 8
