2280 4004
1211 24 1253 98 A

207 269 235 325 a
257 254 314 301 0.
344 257 443 304 25..
775 257 939 304 LIBER
967 257 1044 303 1v.
1076 256 1213 304 worn».
1244 259 1436 306 39—40.

1939 265 2028 332 επ

207 401 453 453 velutin
498 408 667 468 partes
724 404 926 456 domum
964 406 1236 458 Caesarum
1285 404 1620 458 distraxisset.
1694 404 1778 458 Sic
1831 418 2030 474 quoque

211 506 475 557 erumpere
511 493 899 546 aemulationem
937 494 1262 565 feminarum,
1319 509 1481 561 eaque
1519 493 1778 547 discordia
1817 500 2030 561 nepotes

210 597 331 634 suos
388 585 637 636 convelli:
692 585 810 652 quid
864 586 908 637 si
955 586 1243 637 intendatur
1296 590 1552 638 certamen
1603 585 1690 637 tali
1748 585 2031 654 coniugio?

200 669 427 726 ‘Falleris
456 675 605 738 enim,
629 673 830 738 Seiane,
869 674 912 724 si
950 679 999 726 te
1030 689 1316 727 mansurum
1361 673 1414 725 in
1441 673 1622 726 eodem
1655 675 1836 726 ordine
1865 680 2030 742 putaS,

210 770 260 814 et
290 764 509 828 Liviam,
569 778 697 829 quae
735 763 860 814 Gaio
896 764 1130 830 Caesari,
1185 779 1304 816 mox
1337 765 1504 816 Druso
1542 769 1694 832 nupta
1732 765 1911 831 fuerit,
1970 781 2071 822 eas

208 858 374 906 mente
401 858 625 905 acturam
650 858 703 903 ut
727 869 837 904 cum
866 855 1034 920 equite
1060 856 1287 907 Romano
1321 861 1572 908 senescat.
1637 856 1748 924 Ego
1769 861 1822 907 ut
1851 838 2055 921 sinam,

209 943 445 1014 credisne
492 958 734 1010 passuros
786 945 869 1010 qui
914 945 1120 997 fratrem
1159 947 1295 1011 eiuS,
1352 947 1435 1012 qui
1479 951 1671 1012 patrem
1711 946 2033 1014 maioresque

207 1040 412 1088 nostros
472 1036 523 1085 in
578 1035 783 1087 summis
829 1036 1053 1102 imperiis
1109 1036 1324 1088 videre?
1393 1037 1482 1089 Vis
1532 1042 1585 1088 tu
1636 1038 1839 1103 quidem
1884 1039 2032 1090 istum

206 1128 337 1178 intra
373 1127 540 1178 locum
576 1127 789 1178 sistere:
848 1127 940 1178 sed
978 1127 1049 1177 illi
1087 1128 1412 1194 magistratus
1449 1133 1498 1179 et
1529 1128 1807 1194 primores,
1861 1130 2032 1203 ‘Ilii„.l‘.³

203 1201 739 1291 inyit-offlperrumpuntffl
765 1217 1099 1282 omnibusque
1138 1217 1202 1268 de
1236 1218 1391 1268 rebus
1428 1216 1714 1283 consulunt,
1741 1198 2096 1274 excessissem

207 1287 549 1374 iampridem
601 1313 837 1374 equestre
894 1308 1152 1376 fastigium
1201 1307 1456 1375 longeque
1511 1309 1702 1362 antisse
1740 1310 1897 1375 patris
1932 1316 2031 1362 mei
2073 1294 2076 1296 Α

207 1399 452 1451 amicitias
490 1413 594 1451 non
632 1399 816 1450 occulti
854 1399 1044 1464 ferunt,
1100 1414 1292 1466 perque
1330 1399 1571 1451 invidiam
1607 1400 1677 1450 tui
1716 1416 1795 1452 me
1833 1415 2034 1467 quoque

207 1490 457 1541 incusant.
530 1490 597 1541 At
635 1490 767 1542 enim
801 1490 1062 1556 Augustus
1099 1489 1252 1541 filiam
1289 1504 1431 1541 suam
1470 1490 1626 1556 equiti
1661 1491 1890 1542 Romano
1927 1497 2036 1543 tra-

209 1580 331 1632 dere
365 1579 631 1632 meditatus
666 1586 760 1633 est.
834 1581 1012 1633 Mirum
1048 1580 1294 1645 Hercule,
1344 1581 1388 1631 si
1427 1595 1539 1631 cum
1581 1581 1633 1630 in
1678 1581 1842 1632 omnis
1885 1597 2032 1634 curas

209 1670 597 1737 distraheretur,
657 1671 1053 1737 immensumque
1092 1671 1251 1722 attolli
1297 1671 1592 1737 provideret
1631 1687 1777 1738 quem
1816 1672 2097 1728 coniun-is

211 1760 379 1811 ctione
413 1760 499 1811 tali
538 1775 691 1826 super
724 1761 853 1813 alios
893 1761 1181 1826 extulisset,
1225 1760 1400 1812 Gaium
1438 1760 1753 1812 Proculeium
1792 1767 1841 1812 et
1875 1777 2035 1828 quos-

211 1849 325 1900 dam
361 1850 413 1899 in
449 1851 767 1903 sermonibus
817 1851 992 1903 habuit
1029 1851 1218 1918 insigni
1269 1850 1629 1917 tranquillitate
1663 1851 1827 1916 vitae,
1883 1851 2033 1903 nullis

211 1939 286 1990 rei
325 1939 558 2006 publicae
594 1941 812 2008 negotiis
862 1941 1155 2006 permixtos.
1229 1941 1327 1993 Sed
1379 1942 1422 1992 si
1471 1941 1782 1992 dubitatione
1818 1942 2035 2008 Augusti

211 2046 502 2105 moremur,
568 2037 751 2098 quanto
805 2031 1022 2083 validius
1074 2036 1150 2082 est
1192 2031 1326 2097 quod
1362 2032 1535 2084 Marco
1573 2032 1860 2098 Agrippae,
1916 2047 2035 2083 mox

212 2122 331 2171 mihi
369 2122 677 2173 collocavit?
724 2123 890 2187 Atque
930 2136 1029 2188 ego
1057 2122 1184 2172 haec
1218 2135 1309 2186 pro
1349 2121 1568 2173 amicitia
1607 2136 1712 2173 non
1751 2122 2097 2180 occultavizw

213 2216 433 2262 ceterum
469 2226 634 2278 neque
672 2212 770 2263 tuis
807 2227 972 2278 neque
1002 2211 1175 2262 Liviae
1211 2211 1476 2262 destinatis
1513 2211 1845 2264 adversabor.
1920 2213 2032 2278 lpse

212 2300 329 2366 quid
380 2301 510 2353 intra
551 2302 768 2352 animum
800 2301 1157 2365 volutaverim,
1214 2301 1393 2366 quibus
1440 2300 1604 2352 adhuc
1639 2300 2038 2354 necessitudini-

210 2390 304 2442 bus
343 2391 628 2443 immiscere
663 2397 712 2443 te
748 2391 870 2442 mihi
902 2406 1107 2457 parem,
1154 2391 1377 2442 omittam
1429 2390 1494 2443 ad
1529 2406 1773 2457 praesens
1822 2393 2033 2445 referre.

300 2545 341 2588 5.
376 2546 424 2588 C.
443 2545 496 2588 M.
560 2546 601 2588 7.
625 2546 868 2601 maioreque
890 2545 944 2587 M.

214 2617 238 2645 a
270 2603 502 2646 Beroaldo.

217 2663 284 2705 15.
321 2663 638 2706 destraheretur
670 2664 724 2707 Μ.

214 2721 286 2764 23.
317 2722 420 2765 inm.
454 2722 509 2765 Μ.

1015 2545 1082 2588 10.
1114 2544 1246 2587 invite
1276 2544 1330 2586 M.
1397 2545 1464 2586 11.
1481 2545 1674 2601 peridem
1697 2545 1762 2587 M:
1792 2551 2035 2587 correctum

609 2603 812 2661 longeque
844 2606 979 2646 tacite
1011 2603 1273 2646 Rhenanus:
1309 2603 1349 2645 M
1382 2602 1568 2659 leyeque.
1648 2606 1715 2649 12.
1745 2618 1948 2660 perquem
1978 2605 2033 2647 M.

801 2663 868 2707 ¹6.
905 2663 954 2706 C.
990 2663 1043 2705 M.
1125 2664 1198 2707 20.
1232 2662 1344 2705 conl.
1378 2662 1434 2705 M.
1513 2665 1585 2708 22.
1618 2664 1948 2706 nessituclinibus
1980 2664 2035 2707 M.

216 2868 496 2917 perrumpunt
537 2862 682 2905 locum
724 2864 836 2904 intra
869 2875 997 2918 quem
1032 2868 1078 2902 tu

215 2923 282 2962 vis
313 2922 569 2974 consistere,
602 2927 733 2976 teque
750 2928 965 2976 tamquam
995 2933 1079 2975 po-

216 2985 379 3021 tentem
410 2981 452 3020 in
472 2986 625 3021 senatu
647 2980 846 3022 omnibus
871 2979 924 3021 de
950 2979 1079 3021 rebus

218 3037 463 3080 consulunt.
504 3037 685 3080 Occulte
716 3052 766 3080 ac
784 3038 979 3080 modeste
997 3038 1079 3080 Se-

218 3099 316 3138 iano
341 3098 563 3151 potentiae
586 3098 808 3154 fastigium
832 3096 1078 3152 exprobrat.

1164 2864 1306 2917 aptius
1328 2863 1502 2905 videtur
1521 2863 1723 2917 esse,sed
1740 2862 1915 2907 videtur
1938 2869 2037 2906 tan..

1164 2927 1268 2964 tum.
1331 2922 1542 2964 Nimirum
1585 2937 1673 2964 non
1706 2923 1864 2965 occulti
1889 2926 2038 2979 ferunt

1165 2980 1280 3022 idem
1307 2981 1426 3022 valet
1448 2988 1578 3037 atque
1608 2990 1754 3038 aperte
1765 2982 2035 3038 profitemur,

1164 3044 1212 3079 ut
1266 3039 1381 3081 ferre
1433 3042 1489 3081 sit
1528 3053 1631 3094 prae
1679 3054 1727 3082 se
1775 3041 1890 3082 ferre
1941 3043 2037 3083 sivo

1167 3098 1329 3153 eloqui.
1395 3098 1462 3141 Cf.
1509 3098 1567 3139 111
1608 3102 1688 3141 41:
1740 3100 2034 3151 ostentandae,

306 3158 531 3198 excessisse
571 3159 659 3198 iam
698 3157 863 3213 pridem
902 3181 958 3189 —
992 3170 1081 3197 non

218 3214 374 3254 occulti
403 3217 574 3268 serunt.-
616 3228 702 3256 non
750 3221 816 3257 est
849 3221 976 3257 cauto
1006 3214 1081 3255 Ti-

218 3271 326 3312 berii
348 3273 526 3327 ingenio
549 3279 903 3326 consentaneum,
923 3279 968 3314 ut
989 3275 1083 3327 ipse

220 3329 430 3371 concedat
462 3336 505 3371 et
536 3338 685 3384 aperte
715 3332 902 3373 fateatur
927 3344 1084 3372 exces-

217 3389 327 3429 sisse
362 3389 563 3430 Seianum
591 3393 671 3430 iam
691 3390 857 3442 pridem
882 3394 1085 3444 equestre

218 3447 441 3501 fastigium
476 3447 696 3502 longeque
722 3449 884 3488 antisse
901 3447 1086 3502 Augusti

220 3507 448 3547 amicitias,
511 3505 593 3547 Sed
638 3506 722 3547 hoc
764 3505 840 3547 ille
882 3505 1010 3557 facit,
1052 3505 1088 3546 si

220 3564 363 3616 serunt
413 3565 626 3619 accipitur
674 3577 749 3619 pro
784 3562 993 3615 tolerant,
1038 3576 1088 3604 ac

225 3625 311 3663 tum
357 3625 543 3678 fremunt
594 3629 637 3666 et
684 3623 848 3668 homini
893 3627 937 3668 eli
989 3620 1090 3666 stilo

311 3716 460 3756 Tacitus
485 3720 513 3759 1.

1165 3163 1211 3198 ut
1241 3157 1430 3211 ferebat,
1463 3158 1644 3198 virtutis.

1259 3215 1413 3256 Gaium
1444 3214 1735 3256 Proculeium:
1771 3220 1835 3255 est
1868 3216 1935 3256 vir
1958 3214 2035 3256 ille

1171 3273 1362 3313 moribus
1394 3273 1714 3324 sanctissimus,
1757 3273 1810 3314 de
1848 3285 1933 3328 quo
1964 3275 2036 3315 vi-

1171 3330 1299 3371 dendi
1334 3331 1537 3371 Horatius
1577 3328 1716 3372 Carni.
1763 3331 1799 3372 11
1829 3334 1857 3374 2
1888 3331 2035 3384 5-8,

1172 3387 1254 3428 Dio
1287 3387 1382 3429 le
1401 3390 1444 3431 3.
1494 3387 1644 3430 Frater
1674 3390 1709 3429 is
1739 3394 1830 3430 erat
1846 3389 2036 3432 Terentii

1175 3445 1381 3487 Varronis
1433 3446 1637 3488 Murenae
1700 3452 1744 3489 et
1791 3447 2036 3502 Terentiae,

1173 3503 1437 3547 Maecenatis
1460 3506 1676 3562 coniugis.
1708 3505 1904 3549 Eundem
1923 3507 2037 3549 Tha-

1174 3562 1388 3666 }iagcgum
1411 3562 1648 3621 alloquitur
1667 3564 1869 3608 Horatius
1895 3564 2035 3629 Carm.

1648 3705 1711 3759 18
