2280 4004
232 273 322 320 308
997 273 1295 321 ANNALlw
1806 290 1847 322 a.
1875 288 1924 330 ῃ,
1955 277 2058 331 781.

233 419 434 472 feraces
476 419 666 481 saltus,
691 415 893 468 modica
934 415 1072 467 domi
1111 421 1337 469 armenta
1379 421 1512 470 sunt.
1586 415 1665 471 Ac
1693 416 1863 484 primo
1895 418 2057 473 boves

230 510 389 577 ipsos,
429 525 549 562 mox
586 521 759 575 agroS,
798 511 1058 573 postremo
1100 522 1318 574 corpora
1355 510 1628 576 coniugum
1664 514 1751 564 aut
1781 509 2056 571 liberorum

230 601 437 653 servitio
475 599 760 650 tradebant.
845 598 974 648 Hinc
1003 598 1128 670 'itm
1153 604 1203 650 et
1261 603 1494 665 questuS‚
1547 604 1598 651 et
1654 603 1919 666 postquam
1952 614 2057 657 non

228 690 640 754 subveniebatur,
664 687 948 743 remedium
980 704 1047 741 ex
1072 673 1224 740 bello.
1297 689 1458 755 Rapti,
1489 690 1573 756 qui
1609 689 1793 741 tributo
1827 689 2055 757 aderant,

190 781 410 834 smilites
446 786 498 834 et
529 780 756 847 patibulo
794 778 965 831 adfixi.
1056 779 1300 833 Olennius
1352 780 1582 834 infensos
1618 781 1740 849 fuga
1772 781 2054 848 praevenit,

230 878 466 939 receptus
508 871 736 936 castelle,
774 872 854 923 cui
890 885 1077 924 nomen
1101 872 1335 936 Flevum3
1377 877 1426 924 et
1457 872 1593 926 haud
1633 873 1922 939 spernenda
1952 873 2056 925 illic

223 965 414 1017 civium
448 964 811 1030 sociorumque
848 979 1028 1016 manus
1065 963 1216 1044 litora
1256 964 1458 1034 Oceani
1461 964 1830 1036 praesidebat
1902 963 2052 1027 Quod
2071 967 2140 1014 ⁷3

225 1055 312 1106 ubi
345 1055 502 1107 Lucio
539 1054 769 1121 Apronio
807 1054 1069 1107 inferioris
1109 1054 1411 1107 Gen-mamae
1458 1070 1551 1122 pro
1587 1061 1825 1122 praetore
1870 1056 2056 1124 cogni-

225 1150 358 1213 tum,
405 1147 591 1199 vexilla
631 1146 891 1214 legionum
930 1163 959 1198 e
995 1147 1260 1213 superiore
1300 1147 1594 1213 provincia,
1646 1148 1969 1215 peditumque
2005 1153 2055 1200 et

162 1248 209 1286 io
227 1238 448 1305 equitum
476 1238 794 1290 auxiliarium
835 1238 1063 1290 delectos
1102 1238 1301 1304 accivit,
1334 1254 1394 1290 ac
1428 1239 1576 1290 simul
1600 1245 1866 1307 utrumque
1901 1254 2056 1294 exer-

226 1331 380 1382 citum
415 1330 594 1383 Rheno
632 1329 899 1382 devectum
934 1329 1111 1381 Frisiis
1147 1329 1344 1394 intulit,
1384 1329 1550 1382 soluto
1589 1330 1687 1383 iam
1727 1329 1921 1385 castelli
1957 1330 2056 1382 ob-

225 1422 358 1473 sidio
402 1426 452 1473 et
492 1421 556 1472 ad
595 1437 687 1474 sua
727 1421 935 1472 tutanda
977 1421 1226 1488 digressis
1264 1421 1557 1474 rebellibus.
1627 1421 1788 1488 Igitur
1823 1421 2054 1488 proxima

223 1512 479 1565 aesuiaria
517 1513 797 1580 aggeribus
847 1517 903 1566 et
949 1512 1186 1578 pontibus
1236 1513 1550 1566 traducendo
1588 1513 1816 1580 graviori
1862 1513 2056 1581 agmini
2130 1530 2134 1532 ·

220 1602 401 1654 firmat.
474 1602 642 1669 Atque
679 1602 879 1653 interim
930 1601 1148 1668 repertis
1195 1601 1341 1655 vadis
1393 1602 1521 1654 alam
1557 1601 1968 1668 Canninefatem,
2004 1607 2056 1654 et

157 1703 208 1741 1⁵
223 1693 359 1760 quod
397 1693 621 1759 peditum
663 1693 1030 1745 Germanorum
1080 1693 1212 1744 inter
1264 1697 1468 1745 nostros
1526 1693 1778 1758 merebat,
1833 1693 2055 1745 circum-

220 1784 371 1851 gredi
422 1788 569 1852 ter-ga
619 1784 838 1836 hostium
890 1785 1052 1848 iubet3
1111 1784 1193 1850 qui
1246 1784 1345 1836 iam
1401 1785 1512 1836 acie
1562 1785 1829 1852 compositi
1863 1785 2052 1851 pellunt

222 1880 413 1927 turmas
450 1875 675 1927 sociales
729 1876 1024 1942 equitesque
1078 1875 1338 1943 legionum
1384 1875 1616 1928 subsidio
1653 1876 1858 1931 missos.
1930 1876 2050 1929 Turn

220 1972 324 2020 tres
361 1966 504 2019 leves
543 1964 798 2030 cohortes,
841 1980 901 2015 ac
938 1979 1137 2016 rursum
1174 1964 1322 2029 duae,
1361 1964 1479 2016 dein
1514 1969 1744 2031 tempore
1782 1956 2048 2019 interiecto

221 2059 410 2110 alarius
458 2072 614 2125 eques
650 2057 920 2108 immissus
995 2055 1127 2108 Satis
1166 2055 1352 2120 validi,
1405 2056 1450 2108 si
1490 2056 1637 2108 simul
1679 2056 2048 2124 incubuissent,

154 2159 312 2217 anper
363 2148 683 2202 intervallum
740 2147 1074 2199 adventantes
1138 2161 1304 2213 neque
1362 2147 1696 2200 constantiam
1745 2147 2051 2201 addiderant

815 2283 860 2324 4.
893 2280 1165 2322 subveniebat
1197 2279 1262 2322 M:
1297 2292 1527 2322 correxere
1557 2280 1749 2323 Muretus
1785 2286 1830 2323 et
1860 2279 2046 2336 Lipsius.

1000 2342 1067 2382 11.
1105 2339 1279 2382 castello
1312 2341 1376 2382 M:
1412 2341 1602 2381 correxit
1633 2340 1884 2383 Rhenanus.
1980 2341 2046 2383 12.

332 2284 375 2327 3.
409 2289 606 2337 quaestus
638 2281 693 2326 M.

220 2342 262 2384 8.
301 2341 349 2385 L.
385 2338 438 2384 M.
528 2346 813 2398 propraetore
844 2339 899 2381 M.

222 2402 432 2457 depressis
462 2400 517 2443 M.
675 2400 742 2443 16.
772 2398 994 2456 pelluntur
1027 2399 1094 2455 (in
1126 2399 1212 2441 fine
1244 2403 1421 2456 versus)
1464 2399 1531 2442 M:
1575 2401 1764 2441 correxit
1796 2398 2046 2442 Rhenanus.

224 2460 293 2504 18.
333 2460 423 2504 leve
454 2461 509 2503 M.
1638 2459 1742 2501 inm.
1779 2458 1832 2500 M.

310 2562 511 2604 Flevum.-
544 2560 629 2602 hoc
662 2560 889 2602 castellum
923 2559 983 2601 ibi
1010 2571 1093 2614 po-
1176 2559 1399 2602 itt-edicens
1445 2567 1752 2616 propraetore,
1801 2559 1884 2600 nisi
1932 2557 2048 2615 quod

221 2620 374 2673 sitinii,
423 2619 498 2661 u'bi
533 2619 652 2661 fossa
683 2619 898 2660 Drusiana
933 2618 1093 2675 (Yssel)
1179 2618 1660 2661 faciliorisintellectus
1679 2618 2048 2674 gratiadisiunete

222 2678 265 2720 in
323 2678 444 2720 lacus
490 2679 772 2736 (Zuydersee)
824 2676 1091 2719 effunditur:
1174 2692 1256 2734 pro
1276 2685 1479 2733 praetore
1496 2677 1771 2719 scribendum
1793 2683 2048 2733 est3neque

608 2460 675 2504 19.
709 2459 876 2501 alarius
915 2458 1273 2501 Freinshemius:
1317 2459 1355 2502 M
1389 2461 1548 2502 aerius.

219 2737 330 2780 Plin.
374 2737 435 2781 lv
470 2737 528 2783 29
562 2738 699 2794 053:
747 2750 854 2792 quae
899 2735 1093 2792 (insulae

221 2796 474 2851 Frisiorum,
497 2795 802 2838 Frisiabonum
838 2801 947 2854 cet.)
981 2803 1094 2838 ster-

219 2863 382 2898 nuntur
419 2858 534 2899 inter
580 2855 748 2898 Helium
795 2869 849 2897 ac
895 2855 1091 2898 Flevum.-

219 2918 283 2957 ita
314 2915 590 2972 appellantur
622 2917 754 2968 ostia,
804 2917 851 2957 in
885 2929 992 2970 quae
1025 2918 1094 2971 ef-

217 2977 340 3031 fusus
372 2975 548 3018 Rhenus
592 2976 644 3017 ab
685 2976 972 3030 septentrione
1008 2975 1093 3030 (ibi

221 3033 418 3088 Flevum,
464 3039 510 3076 ut
555 3047 608 3076 ex
652 3034 824 3076 collatis
858 3033 924 3075 his
957 3033 1091 3075 'faciti

220 3093 367 3135 verbis
402 3093 590 3150 clarum)
630 3094 677 3135 in
709 3093 853 3146 lacus,
887 3094 940 3135 ab
973 3095 1092 3134 occi-

220 3153 343 3195 dente
363 3153 447 3209 (ihi
464 3152 661 3211 Helium)
684 3154 731 3195 in
743 3167 910 3195 amnem
927 3151 972 3195 M
976 3166 1093 3195 osam

219 3227 263 3255 se
294 3213 476 3270 sparqit.

316 3271 420 3327 Cap.
448 3271 518 3316 73.
574 3270 834 3313 Germaniae
854 3284 933 3327 pro
954 3284 1092 3327 prae-

221 3338 342 3373 tore.-
386 3333 551 3373 tirones
585 3330 845 3372 admonendi
879 3336 1002 3383 sunt,
1035 3343 1091 3371 ne

220 3403 380 3432 nomen
419 3397 624 3447 praetore
666 3390 854 3432 habeant
893 3403 970 3444 pro
1011 3403 1091 3444 ap-

220 3451 439 3503 positione
502 3449 807 3504 praecedentis
870 3451 1089 3505 Apronio.-

222 3520 318 3550 nam
353 3510 389 3550 is
424 3508 594 3550 dativus
629 3514 719 3560 est,
772 3507 824 3549 ad
857 3522 984 3563 quem
1017 3521 1091 3549 re-

223 3567 361 3607 fertur
393 3567 508 3623 quod
542 3567 730 3607 Graecus
763 3568 949 3621 scriptor
979 3580 1090 3609 voce

225 3623 326 3669 ὄντι
378 3626 664 3680 exprimeret,
711 3626 887 3667 Latinus
935 3626 1091 3668 lectori

220 3683 511 3743 supplendum
543 3683 766 3742 relinquit.
800 3685 936 3730 Recte
958 3684 1093 3743 igitui

1179 2750 1288 2838 olpus
1315 2738 1593 2795 propraetori
1615 2750 1643 2779 a
1672 2737 1884 2780 Quane
1910 2739 2047 2780 tacite

1180 2798 1191 2838 i
1233 2802 1320 2838 ato.

1266 2855 1426 2898 vemilla
1468 2854 1704 2911 leyiomtm:
1753 2853 1950 2898 delectos
1992 2868 2047 2898 ex
2130 2898 2134 2903 ,

1180 2914 1446 2971 legionibus.
1509 2913 1637 2956 Conf.
1671 2920 1820 2958 annot.
1851 2914 1907 2957 nd
1930 2914 1949 2959 Ι
1971 2914 2044 2959 38.

1268 2975 1419 3017 Blaene
1453 2973 1692 3016 devectum:
1729 2974 1772 3017 h.
1797 2987 1835 3017 e.
1861 2975 2046 3029 primum

1179 3034 1221 3072 in
1267 3033 1445 3075 flumine
1486 3046 1571 3074 non
1617 3033 1784 3085 diviso,
1835 3045 1936 3077 mox
1969 3045 2047 3087 per

1179 3092 1338 3133 fossam
1373 3093 1646 3134 Drusianam.
1767 3091 1826 3133 ad
1863 3105 1943 3134 sua
1974 3098 2045 3133 tu-

1180 3152 1340 3192 tanda.-
1375 3153 1447 3206 qui
1480 3151 1703 3206 aliquanto
1734 3157 1832 3204 post
1850 3150 2044 3196 Tacitum

1179 3216 1278 3252 octo
1323 3210 1626 3266 Gcographiae
1664 3208 1799 3252 libros
1848 3211 2046 3253 conscri-

1178 3271 1287 3324 psit,
1330 3269 1538 3311 Claudius
1579 3267 1887 3324 Ptolemaeus,
1939 3267 2045 3311 hinc

1178 3330 1326 3371 urbem
1350 3328 1679 3374 Σιατουτάνδα
1713 3327 1865 3371 elicuit
1899 3327 1961 3383 (Π
1991 3329 2042 3369 11

1178 3390 1221 3440 §.
1243 3390 1340 3446 27),
1375 3403 1399 3430 a
1431 3389 1590 3432 nostris
1614 3387 1880 3445 geographis
1906 3397 2043 3440 prope

1175 3449 1382 3490 Amisiam
1419 3449 1578 3490 ssumen
1623 3446 1897 3489 collocatam.
1958 3441 2042 3484 Er-

1176 3520 1318 3549 iorem
1366 3510 1582 3564 insignem
1635 3505 1836 3547 sollerter
1876 3501 2043 3543 detexit

1176 3567 1324 3609 Herm.
1367 3567 1524 3609 Mulie:
1564 3568 1608 3607 in
1648 3563 1759 3605 libro
1799 3573 1927 3617 quem
1970 3562 2042 3601 in-

1176 3628 1350 3680 scripsit
1369 3627 1436 3667 die
1461 3626 1643 3668 Marken
1663 3622 1735 3665 des
1759 3618 2043 3665 Valet-landes

1177 3691 1207 3729 t.
1241 3685 1260 3729 1
1291 3697 1333 3743 p.
1370 3685 1467 3729 118.
