2280 4004
185 299 215 336 a
242 284 291 334 0.
333 285 409 332 15..

782 281 946 326 LIBER
974 279 1007 323 1.
1072 277 1180 323 CA?-

1214 278 1403 324 70-72.
1950 274 2009 318 ⁵75

187 427 345 480 Lucio
383 426 644 493 AproniO,
698 425 824 477 Gaio
877 423 998 477 Silio
1055 422 1119 473 ob
1172 436 1256 473 res
1311 435 1423 472 cum
1460 415 1764 470 Germanico
1817 418 2007 483 gestas.

187 521 383 572 Nomen
428 519 585 585 patris
630 518 823 584 patriae
863 516 1117 579 TiberiuS,
1173 531 1201 565 a
1244 512 1431 580 populo
1481 512 1685 577 saepius
1736 509 2007 575 ingestum,

188 611 499 678 repudiavit³
549 624 740 682 neque„
762 609 815 678 in
862 606 1352 678 acie-.Qaffliflfstis

1427 617 1724 672 quamquam
1773 604 2012 652 censente

189 707 392 766 senatu,
449 701 702 767 permisit,
762 704 941 750 cuncta
980 697 1264 749 mortalium
1301 696 1524 759 incerta,
1577 690 2012 760 quantoque‘plus

193 794 401 859 adeptus
423 791 573 856 foret,
611 795 749 842 tanto
793 806 849 843 se
875 791 1036 858 magis
1072 790 1126 840 in
1162 789 1358 839 lubrico
1387 787 1639 838 dictitans.
1698 784 1812 837 Non
1846 787 2053 835 tament

192 886 309 937 ideo
346 884 584 960 faciebat
601 883 750 959 fidem
786 883 965 958 civilis
991 882 1162 950 animi.

310 952 320 963 a
434 957 442 959 „
451 946 571 959 ram--
595 951 615 956 ..

1248 881 1374 933 Nam
1410 879 1576 946 legem
1614 876 1890 929 maiestatis
1927 890 2018 927 re·-

193 975 431 1038 duxerat3
471 974 550 1025 cui
588 954 774 1025 nomen
813 973 943 1039 apud
979 978 1181 1024 veteres
1224 972 1385 1038 idem,
1423 970 1515 1025 sed
1550 970 1649 1024 alia
1687 969 1739 1022 in
1776 967 2018 1022 iudicium

193 1066 481 1132 veniebant,
521 1066 565 1119 si
603 1065 715 1133 quis
749 1064 1039 1131 proditione
1078 1063 1353 1116 exercitum
1391 1067 1475 1113 aut
1509 1061 1708 1127 plebem
1746 1058 2019 1111 seditioni-

191 1157 304 1221 buS,
343 1156 561 1223 denique
598 1155 729 1207 male
763 1159 909 1223 gesta
943 1170 1001 1206 re
1031 1154 1233 1220 publica
1257 1152 1571 1205 maiestatem
1609 1150 1780 1217 populi
1806 1148 2020 1202 Romani

194 1249 470 1299 minuisset.
544 1249 694 1307 Facta
717 1247 1104 1314 arguebantur,
1162 1246 1298 1296 dicta
1345 1245 1548 1310 impune
1595 1247 1753 1294 erant.
1825 1241 2084 1293 Primusw

195 1339 453 1407 Augustus
506 1339 849 1406 cognitionem
890 1338 954 1390 de
1011 1337 1219 1389 famosis
1269 1335 1453 1387 libellis
1504 1334 1676 1401 specie
1728 1333 1860 1401 legis
1911 1332 2019 1384 eius

195 1431 442 1495 tractavit,
477 1435 754 1482 commotus
791 1430 955 1483 Cassii
990 1407 1166 1485 Severi
1194 1429 1422 1492 libidine,
1462 1442 1558 1495 qua
1595 1427 1737 1480 viros
1774 1425 2022 1480 feminas-

198 1537 294 1588 que
330 1521 567 1573 inlustres
598 1521 903 1587 procacibus
944 1520 1145 1586 scriptis
1184 1516 1557 1582 diffamaverat,
1614 1531 1734 1569 mox
1771 1515 2019 1580 TiberiuS,

201 1612 514 1664 consultante
549 1613 786 1680 Pompeio
837 1613 1009 1666 Macro
1068 1616 1306 1678 praetore
1369 1626 1433 1662 an
1492 1609 1695 1682 iudicia
1745 1607 2026 1684 maiestatis

315 1752 357 1795 3.
392 1753 637 1809 rupudiavit
666 1752 721 1795 M.
793 1754 834 1795 5.
869 1751 1008 1794 lubico
1040 1763 1258 1806 super-scr
1292 1764 1316 1791 r
1348 1749 1404 1791 M

1392 1675 1518 1692 ΜΛ-

1218 1699 1311 1747 bak«
1332 1704 1425 1747 ίὲζν.
1459 1695 1516 1746 Ces..
1554 1700 1641 1745 (a
1683 1703 1739 1742 ...J
1778 1683 1987 1754 Massa&

202 1811 316 1867 quod
347 1811 400 1854 ah
433 1812 519 1855 alia
549 1825 678 1854 manu
710 1811 883 1854 videtur
915 1824 1038 1854 esse:
1074 1811 1264 1852 conexit
1279 1810 1472 1852 Muretus
1505 1821 1556 1850 ac
1577 1807 1782 1850 Pichena.
1848 1807 1889 1851 7.
1927 1812 2029 1864 aput

201 1869 256 1911 M.
326 1871 512 1914 iudicum
541 1871 597 1914 M.

201 1928 241 1971 M
271 1936 330 1974 ut.
427 1932 495 1975 10.
527 1931 616 1987 inp.
649 1931 705 1974 M.

207 2060 390 2114 aliquem
438 2059 575 2101 locum
625 2060 879 2102 consolandi
925 2074 1071 2102 causa.

206 2119 367 2161 Catull.
401 2117 616 2161 XXXVIII
647 2120 674 2162 5
707 2125 750 2161 et
782 2121 831 2161 7:
880 2133 1001 2174 quem
1033 2128 1076 2161 tu

207 2204 263 2211 —
295 2192 379 2232 qua
410 2178 570 2220 solatus
603 2192 645 2220 es
683 2178 988 2221 adlocutione?
1019 2205 1071 2210 —

205 2237 384 2280 Paulum
405 2238 505 2292 quid
524 2237 637 2279 lubet
656 2237 941 2279 adlocutionis
955 2252 1077 2279 mae-

204 2298 309 2339 seius
341 2297 532 2338 lacrimis
564 2297 834 2338 Simonideis.
878 2296 1075 2338 Formam

206 2356 396 2410 adloquii
438 2363 483 2398 et
529 2355 679 2397 Livius
741 2354 894 2411 (134,
943 2355 1001 2397 lx
1032 2356 1074 2408 6,

206 2415 323 2459 XXV
368 2414 448 2472 24)
506 2421 550 2458 et
594 2413 766 2457 Tacitus
812 2426 867 2456 ex
909 2416 1076 2458 Horatii

206 2477 396 2517 sacrario
440 2475 645 2516 videntur
690 2473 950 2529 protulisse,
1002 2476 1075 2529 qui

206 2533 344 2587 Epod.
367 2533 462 2575 XIII
491 2534 546 2576 18
577 2534 780 2588 deformis
812 2534 1075 2589 aegrimonio

208 2592 398 2635 dulcibus
431 2592 656 2648 adloquiis.

298 2649 402 2706 Cap.
429 2654 500 2696 72.
561 2665 714 2693 nomen
734 2653 875 2708 patris
901 2653 1077 2708 patriae

209 2733 265 2743 --
297 2711 343 2751 in
373 2710 537 2753 lubrico
571 2712 800 2753 dictitans.-
842 2712 958 2753 conf.
991 2712 1075 2753 Dio

207 2769 320 2811 LVII
350 2770 392 2812 8.
437 2771 616 2814 Sueton.
668 2769 809 2812 Tiber.
842 2772 899 2814 26
934 2776 977 2812 et
1007 2771 1077 2814 67.

297 2830 335 2869 si
366 2831 456 2883 quis
484 2831 727 2885 proditione
741 2855 797 2862 --
816 2831 1081 2872 maiestatem

205 2887 354 2944 populi
405 2889 592 2930 Romani
647 2889 890 2930 minuisset:
963 2890 1078 2930 conf.

210 2946 370 2988 Ascon.
400 2956 567 3003 argum.
590 2947 765 2989 Cornel.
799 2961 842 3002 p.
862 2947 920 2991 60
949 2954 993 2989 et
1023 2948 1078 2991 61

213 3004 280 3046 ed.
316 3003 450 3047 Orcll.
485 3004 577 3047 Cic.
611 3008 655 3048 in
690 3006 813 3048 Verr.
847 3006 923 3048 lib.
957 3008 975 3048 1
1005 3007 1077 3059 33,

211 3065 257 3105 in
310 3062 454 3106 Pison.
517 3067 588 3117 21,
649 3077 726 3120 pro
771 3064 944 3108 Cluent.
1006 3067 1078 3109 33.

213 3122 421 3165 Maiestas
443 3123 558 3177 apud
579 3126 781 3180 antiquos
807 3125 959 3179 populi
997 3125 1080 3166 fuit

211 3182 316 3249 siYe·
338 3184 403 3223 rei
435 3182 638 3283 &bucy
657 3196 798 3283 ,Onotn
831 3185 968 3285 tlilnigz
992 3183 1083 3250 ho-·

213 3252 368 3281 minis:
475 3254 530 3283 ic.
611 3255 634 3283 e
714 3254 762 3283 ra
786 3273 795 3283 .
980 3257 990 3283 z
1045 3257 1083 3283 si

211 3299 412 3339 maiestas
443 3305 505 3339 est
535 3300 764 3355 amplitudo
805 3313 861 3341 ac
896 3301 1082 3355 diqnitas

214 3357 422 3407 civitatis,
471 3356 509 3397 is
539 3370 634 3398 eam
664 3360 818 3399 minuit
849 3360 919 3412 qui
953 3372 1082 3399 eoeer-

214 3416 342 3456 citum
372 3414 556 3456 hostibus
590 3416 738 3471 populi
767 3418 952 3458 Romani
986 3423 1082 3457 tra-

215 3472 334 3515 didit.
416 3473 580 3515 Auctor
621 3474 674 3515 ad
708 3474 896 3515 Herenn.
929 3473 966 3515 11
1002 3477 1079 3517 12:

213 3533 475 3575 maiestatem
517 3534 554 3574 is
583 3534 735 3574 minuit
775 3534 849 3588 qui
887 3546 939 3573 ea
977 3531 1084 3574 tollit

217 3604 270 3633 em
289 3591 436 3646 quibus
451 3593 636 3635 civitatis
649 3592 879 3649 amlitudo
902 3598 1082 3644 constat,

217 3651 427 3706 tnffl’uqia
439 3651 588 3709 populi
617 3658 656 3694 et
677 3653 951 3709 maqistratus
978 3664 1083 3692 con-

687 1871 731 1915 8.
764 1872 960 1913 veniebat
989 1884 1039 1925 pr
1070 1870 1132 1923 M,
1167 1882 1263 1912 corr
1294 1869 1535 1911 veniebant.

798 1933 866 1974 11.
899 1932 1029 1987 spetie
1061 1930 1115 1974 M.

1651 1873 1725 1908 aut
1756 1865 2027 1910 Beroaldus:

1156 2061 1312 2103 silium
1349 2059 1447 2100 Vid.
1467 2055 1882 2099 DrumanniHistor.
1903 2055 2027 2098 Rom.

1157 2119 1247 2162 vol.
1281 2118 1318 2159 ΙΙ
1349 2131 1449 2174 pag.
1483 2117 1585 2161 487.

1225 2179 1389 2233 primus
1411 2177 1623 2232 Auqustus
1643 2174 1928 2230 coqnitionem
1945 2177 2030 2215 cet.

1162 2237 1278 2278 conf.
1303 2236 1386 2277 Dio
1408 2235 1503 2278 LVI
1523 2236 1594 2279 27.
1624 2234 1803 2276 Sueton.
1826 2234 1941 2288 Aug.
1959 2233 2030 2275 55.

1160 2297 1261 2352 Dig.
1295 2295 1467 2337 XLVIII
1498 2296 1541 2337 4.
1576 2291 1682 2334 Cod.
1715 2293 1867 2334 lustin.
1900 2291 1958 2333 IX
1988 2292 2031 2334 8.

1251 2355 1393 2396 Cassii
1424 2354 1575 2396 Severi
1606 2352 1807 2394 libidine:
1856 2352 1909 2393 dc
1950 2350 2035 2392 hoc

1161 2413 1262 2455 vide
1296 2414 1482 2464 Quintil.
1520 2411 1576 2454 VI
1611 2414 1632 2454 1
1666 2413 1738 2464 43,
1772 2411 1810 2453 Χ
1843 2413 1864 2453 1
1898 2412 1957 2454 22
1989 2416 2033 2452 et

1165 2473 1263 2525 116,
1296 2472 1352 2514 XI
1383 2475 1405 2515 1
1426 2473 1498 2516 57.
1561 2470 1694 2512 Tacit.
1726 2444 1779 2512 '0.
1818 2470 1870 2514 19
1895 2475 1938 2511 ct
1960 2470 2031 2512 26.

1162 2533 1342 2574 Sueton.
1375 2534 1491 2588 Aug.
1525 2531 1581 2573 55
1609 2535 1652 2571 et
1683 2530 1754 2581 56,
1789 2527 1931 2584 Calig.
1963 2528 2032 2581 16,

1165 2591 1315 2634 Vitell.
1350 2594 1401 2642 2,
1449 2591 1502 2632 de
1542 2588 1702 2631 Illustr.
1740 2587 1924 2630 Gramm.
1959 2589 2033 2631 22.

1161 2652 1332 2693 Seneca
1374 2650 1580 2704 Excerpt.
1615 2647 1764 2689 Contr.
1797 2646 1854 2688 111
1893 2646 2033 2701 praef.

1162 2710 1455 2763 Hieronymus
1497 2711 1543 2750 in
1574 2707 1736 2749 Euseb.
1779 2705 1940 2748 Chron.
1981 2706 2036 2747 ad

1162 2783 1202 2811 a.
1224 2769 1310 2812 786
1330 2769 1382 2811 ab
1415 2781 1458 2810 u.
1473 2768 1693 2809 :Cassius
1713 2767 1897 2807 Severus
1927 2778 2035 2806 ora-

1164 2835 1232 2870 tor
1265 2829 1482 2884 eqreyius,
1517 2829 1588 2881 qui
1618 2826 1897 2879 Quintianum
1926 2823 2037 2865 illud

1159 2887 1433 2986 prolverbium
1453 2886 1628 2938 luserat,
1658 2885 1856 2927 vicesimo
1890 2883 2033 2939 quinto

1165 2961 1234 2987 ecci
1253 2961 1286 2987 n
1315 2961 1382 2988 sui
1413 2960 1528 2987 anno
1559 2957 1722 2987 summa
1762 2945 1912 2999 inopia
1940 2956 2035 2983 mo-

1164 3006 1291 3058 ritur,
1322 3006 1396 3047 vix
1419 3019 1567 3060 panno
1594 3003 1785 3046 verenda
1804 3008 2033 3044 contectus.

1166 3063 1294 3106 Gonf.
1327 3064 1461 3106 Tacit.
1495 3064 1555 3106 IV
1588 3065 1660 3107 21.

1267 3123 1532 3165 consultante
1563 3121 1759 3177 Pompeio
1793 3121 1945 3162 Macro
1978 3144 2033 3151 -—

1165 3183 1404 3237 respondit.-
1426 3181 1663 3223 Suetonius
1688 3185 1867 3221 auctore
1885 3178 2032 3219 Tacito

1164 3253 1243 3293 pro
1275 3253 1395 3281 more
1428 3252 1531 3280 usus
1564 3241 1609 3279 in
1626 3238 1798 3279 Tiberio
1830 3237 1888 3279 58
1921 3238 2033 3277 39νί-

1165 3299 1257 3339 bit:
1297 3298 1539 3340 consulente
1561 3304 1765 3352 praetore
1789 3309 1847 3336 an
1867 3294 2050 3335 iutlicia‘

1164 3358 1398 3397 maiestatis
1433 3357 1528 3410 coyi
1557 3355 1735 3406 iuberet,
1770 3353 2058 3410 exercendas,

1166 3429 1254 3455 esse
1271 3414 1383 3469 leyes
1399 3413 1628 3469 respondit.
1664 3411 1729 3455 Cf.
1741 3412 1824 3454 Dio
1837 3410 1951 3454 LVII
1966 3412 2038 3463 19.

1167 3473 1344 3514 Praetor
1387 3472 1465 3514 ille
1517 3473 1695 3514 sortitus
1735 3478 1827 3513 erat
1874 3470 2037 3513 iudicia

1168 3533 1426 3573 maiestatis.
1489 3531 1659 3573 Iudicia
1690 3535 1774 3573 tam
1806 3529 1920 3586 apud
1951 3529 2034 3572 Ta-

1167 3591 1302 3634 citum
1349 3603 1479 3646 quam
1524 3590 1784 3634 Suetonium
1827 3588 2034 3645 intellige

1168 3649 1355 3723 iudicum
1387 3648 1569 3719 consilia
1599 3648 1652 3720 ad
1671 3647 1949 3714 iudicandum
1968 3647 2034 3713 ¹(lo

2124 882 2165 920 ⁸2¹²!

2142 1756 2245 1769 1⁸>1‘

1486 1748 1635 1790 dictan
1664 1747 1719 1800 M,
1754 1731 1979 1802 superscr!
2006 1760 2026 1789 s
2085 1758 2222 1785 “as-..vv
