2280 4004
247 275 312 323 ῃ
871 286 883 318 ·,
1028 274 1323 320 Asnaum
1819 293 1859 324 a.
1872 239 1938 330 1⁸».
1966 275 2077 328 scot

242 422 475 474 Etruriae
511 426 719 488 sponte,
773 425 858 471 aut
891 422 1086 487 patrum
1124 417 1465 474 Roma-norum
1507 419 1749 489 impulsu,
1800 423 2077 478 retinuisse

244 514 508 565 scientiam
548 517 596 563 et
628 511 679 562 in
719 511 934 563 familias
970 527 1314 580 propagasse3
1361 513 1668 580 quod-nunc
1716 514 1929 582 segnius
1960 512 2077 566 fieri*

239 603 440 670 publica
484 603 622 658 circa
663 603 825 654 bonas
858 608 994 656 artes
1031 605 1299 669 socordia,
1349 609 1398 657 et
1444 606 1559 671 quia
1610 611 1852 658 externae
1888 619 2075 672 super-

240 694 472 744 stitiones
512 693 803 745 valescant:
869 699 918 746 et
952 695 1083 747 laeta
1128 695 1331 761 quidem
1369 696 1421 746 in
1456 711 1702 763 praesens
1740 697 1908 748 omnia
1924 696 2070 762 ,sed

201 785 542 851 aheni-gnitati
568 785 714 837 deum
751 786 967 853 gratiam
998 769 1338 851 referendam,
1377 803 1442 839 ne
1479 788 1605 840 ritus
1641 800 1905 840 sacrorum
1937 787 2073 839 inter

238 875 477 942 ambigua
517 876 635 926 culti
680 891 774 942 per
823 892 1069 944 prospera
1128 877 1554 930 oblitterarentur.
1641 879 1844 930 Factum
1893 891 1959 932 ex
2003 891 2069 930 eo

235 971 443 1018 senatus
481 966 790 1033 consultum,
829 968 1064 1021 viderent
1097 968 1362 1036 pontifices
1402 983 1531 1037 quae
1563 969 1834 1022 retinenda·
1865 969 2077 1022 firman-

239 1056 404 1123 daque
444 1057 784 1124 haruspicum.
2055 1111 2058 1115 .

377 1149 572 1201 Eodem
623 1164 756 1201 anno
812 1149 1184 1202 Cheruscorum
1247 1166 1376 1218 gens
1435 1167 1611 1220 regem
1661 1153 1821 1206 Roma
1873 1151 2067 1219 petivit,
2088 1157 2157 1206 16

178 1239 439 1293 immissis
487 1256 581 1307 per
625 1242 823 1294 interna
880 1242 1011 1293 bella
1049 1242 1333 1308 nobilibus,
1399 1249 1464 1295 et·
1496 1259 1598 1295 uno
1652 1244 1851 1312 reliquo
1900 1243 2072 1311 stirpis

237 1331 431 1399 regiae,
468 1333 552 1399 qui
583 1334 712 1400 apud
740 1334 916 1385 urbem
948 1334 1246 1399 habebatur,
1278 1335 1482 1387 nomine
1513 1336 1732 1388 italicus.
1803 1336 2069 1388 Paternum

236 1421 355 1475 huic
389 1438 551 1492 genus
592 1441 619 1476 e
653 1425 806 1477 Flavo
846 1425 1003 1477 fratre
1039 1425 1274 1492 Arminii,
1315 1431 1477 1478 mater
1514 1438 1578 1479 ex
1622 1427 1899 1478 Catumero.
1927 1426 2077 1493 prin-

239 1514 350 1582 cipe
390 1516 681 1567 Chattorum
720 1521 855 1580 erat3
906 1516 1016 1582 ipse
1052 1517 1219 1568 forma·
1251 1516 1496 1582 decoruS,
1543 1522 1592 1568 et
1629 1517 1784 1569 armis
1826 1517 2078 1584 equisque·

235 1606 287 1657 in
309 1607 524 1672 patrium
549 1613 887 1674 nostrumque.
903 1623 1095 1659 morem
1125 1609 1399 1661 exercitus.
1460 1609 1620 1675 Igitur
1645 1609 1837 1661 Caesar
1870 1613 2078 1660 auctum*

174 1699 479 1764 15pecunia,
546 1699 732 1750 additis
774 1699 1131 1765 stipatoribus,
1192 1699 1422 1750 hortatur
1459 1700 1649 1766 gentile
1691 1699 1847 1751 decus
1883 1714 2068 1767 magno

234 1789 403 1841 animo
442 1805 741 1856 capessere:
794 1790 930 1841 illum
966 1791 1179 1856 primum
1216 1792 1409 1843 Romae
1447 1796 1644 1856 ortum,
1702 1806 1799 1843 nec
1839 1790 2076 1843 obsidem

233 1881 325 1933 sed
376 1881 569 1945 civem,
636 1882 712 1933 ire
765 1887 1027 1933 externum
1077 1883 1140 1933 ad
1196 1882 1475 1948 imperium.
1567 1882 1646 1932 Ac
1693 1882 1863 1948 primo·
1907 1881 2077 1934 laetus*

236 1971 502 2024 Germanis
543 1972 807 2038 adventuS,
850 1978 998 2039 atque
1038 1988 1129 2038 ρο,
1173 1973 1308 2039 quod
1345 1971 1495 2024 nullis
1537 1972 1811 2024 discordiis
1852 1970 2076 2027 imbutus

232 2064 343 2130 pari
385 2062 437 2114 in
476 2078 651 2115 omnes
688 2064 855 2115 studio
895 2070 1088 2132 ageret,
1133 2064 1384 2124 celebrari
1427 2064 1556 2128 coli,
1595 2064 1749 2115 modo
1786 2063 2071 2116 comitatem

167 2169 220 2207 20
237 2160 286 2208 et
311 2155 693 2221 temperantiam
718 2155 841 2206 nulli
868 2156 1100 2221 invisam,
1131 2156 1333 2223 saepius
1361 2155 1688 2208 vinolentiam
1725 2171 1786 2208 ac
1811 2154 2070 2222 libidineS,

358 2332 395 2374 1.
429 2331 517 2388 inp.
551 2330 633 2374 Ma.
726 2335 769 2375 4.
814 2330 1036 2374 calescant
1078 2330 1167 2374 Ma:
1210 2330 1479 2373 invalescant
1517 2330 1564 2373 G.
1687 2331 1730 2375 6.
1779 2329 1944 2373 obliter.
1985 2326 2068 2372 Ma}

237 2390 278 2433 9.
312 2405 459 2433 romae
482 2389 575 2433 Ma:
611 2391 861 2434 emendavit
880 2392 1131 2434 Rhenanus.
1229 2392 1295 2434 10.
1331 2391 1540 2432 ammissis
1561 2388 1641 2431 Ma.
1739 2391 1804 2434 ¹1.
1835 2389 1966 2432 italus
1987 2387 2069 2442 Ma,

237 2452 309 2506 qui
344 2464 445 2492 mox
479 2457 525 2492 ut
555 2451 707 2507 vulgo.
776 2453 843 2495 12.
881 2451 1012 2493 Flavo
1046 2450 1134 2493 Ma:
1177 2450 1210 2492 G
1244 2449 1407 2492 Flavio.
1473 2450 1659 2491 armenii
1690 2449 1723 2491 G
1757 2455 1801 2491 et
1831 2447 1913 2492 Ma.
1989 2462 2070 2490 ca-

235 2517 397 2551 tumero
432 2511 465 2553 G
500 2514 608 2566 (non
639 2512 898 2563 Callumero,
933 2517 980 2551 ut
1012 2514 1156 2552 narrat
1181 2510 1395 2566 Orellius)
1431 2515 1474 2550 et
1507 2510 1619 2552 infra
1662 2507 1755 2551 Ma:
1807 2508 1922 2551 idem
1953 2520 2074 2550 nunc-

234 2568 479 2610 Actumero.
519 2571 787 2625 Chattorum]
819 2571 1039 2611 Gallorum
1060 2569 1140 2621 ma,
1185 2577 1404 2610 caetorum
1438 2569 1484 2610 G.
1549 2568 1735 2610 Medicei
1769 2569 1926 2622 prioris
1956 2569 2069 2608 scri-

233 2634 402 2681 pturam
436 2628 549 2680 dedi,
585 2642 711 2683 quam
746 2628 849 2669 alibi
886 2630 1014 2669 etiam
1049 2628 1160 2669 alter
1189 2627 1384 2681 praebet.
1489 2629 1556 2669 14.
1592 2634 1762 2668 auctum
1795 2626 1854 2667 G:
1888 2624 1954 2669 Ma
1985 2640 2068 2668 au-

232 2695 377 2741 9ustus
420 2689 457 2744 (s
490 2687 620 2728 finale
656 2701 709 2729 ex
744 2691 965 2744 correct.).
1093 2687 1159 2729 18.
1207 2702 1280 2740 σο,
1328 2686 1437 2741 quod
1466 2684 1559 2728 Ma:
1602 2700 1648 2727 eo
1692 2686 1828 2740 maqis
1876 2685 1988 2740 quod
2018 2683 2066 2726 G.

233 2745 320 2788 inb.
354 2743 435 2789 Ma.
532 2747 604 2790 20.
641 2747 824 2789 invisam
857 2745 912 2788 G:
945 2745 1011 2789 Ma
1043 2747 1198 2789 invisa.
1307 2744 1584 2788 vinulentiam
1619 2757 1836 2799 superscr.
1870 2757 1894 2786 ο
1926 2742 2007 2787 Ma.

1191 2888 1336 2930 iudico
1371 2894 1550 2943 propter
1590 2887 1863 2944 subsequens
1904 2888 2065 2944 ignara

1191 2948 1413 3001 barbaris5
1438 2955 1525 2989 tum
1548 2948 1723 2990 facilius
1757 2954 1952 2989 extrema
1982 2959 2068 2990 vo-

321 2891 508 2945 yratiam
530 2891 830 2945 referendam:
866 2902 944 2944 per
965 2890 1102 2944 ipsam

235 2946 416 3004 collegii
464 2948 749 2991 sacerdotalis
782 2950 1102 2991 institutionem

233 3006 401 3050 referre
436 3021 529 3050 eam
563 3010 744 3065 gratiam
775 3007 981 3050 Claudius
1006 3010 1104 3050 ani-

233 3078 349 3108 mum
382 3067 627 3110 induxerat.

324 3125 428 3181 Cap.
467 3127 534 3170 16.
599 3143 620 3169 e
668 3126 798 3169 Flavo
839 3130 980 3183 fratre
1013 3127 1104 3169 Ar-

233 3187 381 3228 minii:
424 3186 541 3229 conf.
575 3186 613 3229 11
647 3187 675 3231 9
708 3201 804 3229 cum
837 3193 985 3229 annot.

321 3246 432 3288 nulli
462 3247 673 3288 invisam:
708 3246 823 3302 quod
852 3246 963 3288 hanc
983 3251 1108 3287 cete-

231 3317 378 3345 rorum
435 3306 632 3347 codicum
675 3308 930 3360 scripturam
976 3319 1110 3360 prae-

234 3365 329 3405 fero
366 3365 407 3406 ei
442 3378 569 3419 quam
607 3368 648 3406 in
685 3366 882 3408 mediceo
931 3365 1108 3407 invenio

233 3423 344 3464 nulli
385 3425 551 3478 invisa,
608 3438 695 3465 non
739 3438 789 3466 ea
833 3438 963 3467 causa
996 3423 1110 3480 quod

235 3481 348 3523 hanc
380 3484 522 3524 minus
556 3497 682 3539 quam
703 3486 891 3538 priorem
913 3479 1108 3525 Latinam

238 3554 334 3582 esse
387 3542 589 3595 credam,
640 3543 717 3584 sed
773 3544 875 3598 quia
927 3545 1111 3598 primum

234 3600 492 3642 variationis
523 3609 738 3643 amantem
784 3615 881 3644 esse
917 3602 1111 3644 Tacitum

235 3660 358 3714 scio,
419 3659 608 3719 ideoque
668 3663 852 3705 invisam
902 3661 1121 3711 maluisse·

1191 3010 1252 3049 cis
1272 3009 1454 3048 invisam
1487 3008 1632 3050 littera
1664 3009 1708 3048 in
1742 3007 1895 3049 codice
1930 3006 2068 3049 Medi-

1192 3079 1270 3108 ceo
1297 3080 1565 3108 evanescere
1601 3070 1782 3122 (sponte
1814 3066 2067 3117 meministi,

1194 3125 1359 3177 lector,
1403 3125 1618 3167 vocabula
1659 3127 1701 3166 in
1745 3139 1787 3166 m
1820 3125 2068 3166 desinentia
2121 3132 2129 3145 “

1194 3185 1288 3227 fere
1343 3197 1420 3238 per
1475 3184 1778 3238 compendium
1829 3185 1971 3226 notari
2022 3188 2068 3225 in

1195 3244 1331 3301 line),
1365 3257 1491 3299 quam
1526 3243 1622 3285 addi
1657 3257 1679 3285 a
1717 3244 1876 3286 ceteris
1909 3244 2069 3298 potuit.

1286 3303 1573 3359 exploratoris
1608 3302 1757 3344 Flavi.-
1802 3302 1964 3345 Flavus
1993 3315 2071 3344 sa-

1197 3362 1326 3404 telles
1361 3369 1404 3404 et
1438 3369 1584 3404 custos
1619 3362 1818 3405 Caesaris
1850 3361 2066 3404 invidiose

1196 3424 1458 3464 nominatur.
1524 3423 1616 3463 lloc
1662 3424 1777 3463 enim
1811 3427 1876 3464 est
1907 3419 2065 3474 explo-

1196 3488 1337 3524 rator:
1373 3482 1423 3524 H.
1458 3482 1474 3522 l
1507 3482 1564 3524 24
1597 3486 1641 3522 et
1672 3483 1727 3524 25
1761 3486 1804 3522 et
1827 3481 1899 3531 27,
1931 3477 1967 3520 ll
1997 3481 2063 3520 11.

1286 3543 1491 3595 infectum
1515 3540 1718 3581 alimonio
1737 3539 1908 3580 servitio
1925 3536 2064 3579 cultu:

1198 3601 1254 3643 cf.
1289 3600 1342 3642 ad
1375 3600 1391 3641 1
1425 3600 1496 3642 58.
1539 3599 1712 3640 Eximie
1744 3609 1928 3653 magnus
1962 3597 2066 3639 imi-

1196 3658 1314 3703 tandi
1338 3659 1497 3703 artifex
1518 3657 1795 3701 barbarorum
1814 3655 1914 3700 odio
1942 3661 2067 3701 atro-
