2280 4004
239 273 328 315 340

994 252 1287 312 ANNALIVM'
1310 263 1312 266 ’
1364 257 1366 262 ’

1804 285 1844 315 a.
1877 282 1922 316 u.
1956 269 2060 317 786.

235 430 439 468 scurum
475 415 574 465 huc
611 411 950 463 confidentiae
982 412 1218 476 venisse,
1269 415 1324 462 ut
1361 407 1858 478 tamquam'dimotis
1881 415 2096 480 ”palie--¹

238 509 372 559 tibus
411 504 704 558 ostenderet
738 507 972 570 nepotem
1012 503 1105 554 sub
1143 503 1363 555 verbere
1400 503 1741 570 centurionis,
1780 497 1915 556 inter
1950 499 2066 559 ser-2

237 613 415 650 vorum
451 597 607 661 ictus,
646 600 868 647 extrema
909 595 1045 646 vitae
1082 594 1320 661 alimenta
1361 595 1547 647 frustra
1585 601 1829 648 orantem.

376 687 610 739 Nondum
647 687 691 738 is
729 686 878 738 dolor
912 667 1223 751 exoleverat,
1264 702 1376 738 cum
1413 686 1479 739 de
1502 687 1785 755 Agrippina
1825 688 2185 755 auditum,25-

202 794 387 846 squam
441 779 712 830 interfecto
751 778 939 831 Seiano
985 793 1076 844 spe
1113 783 1440 830 sustentatam
1477 779 1767 845 provixisse
1816 784 1965 845 reor,
2019 784 2068 847 et

238 877 503 938 postquam
540 870 665 921 nihil
704 870 768 921 de
805 869 1017 921 saevitia
1051 869 1427 935 remittebatur,
1481 870 1741 922 voluntate
1777 872 2068 935 extinctam,

239 964 338 1016 nisi
377 964 421 1014 si
459 963 660 1030 negatis
702 962 952 1014 alimentis
990 962 1318 1015 adsimulatus
1368 966 1445 1014 est
1494 962 1634 1028 finiS,
1691 965 1774 1030 qui
1811 963 2071 1015 videretur

240 1060 421 1122 sponte
446 1059 686 1120 sumptus.
741 1054 1013 1105 Enimvero
1041 1054 1271 1106 Tiberius
1299 1053 1608 1105 foedissimis
1636 1053 2071 1106 criminationibus

242 1146 458 1212 exarsit,
509 1146 870 1212 impudicitiam
906 1161 1127 1213 arguens
1177 1150 1226 1197 et
1261 1145 1491 1197 Asinium
1529 1145 1723 1197 Gallum
1771 1145 2069 1210 adulterum,

180 1239 454 1304 1oeiusque
498 1242 661 1288 morte
706 1237 770 1288 ad
823 1237 1043 1295 taedium
1082 1242 1218 1289 v1tae
1254 1237 1579 1303 compulsam.
1653 1236 1754 1290 Sed
1789 1228 2072 1303 Agrippina

243 1328 392 1394 aequi
432 1328 728 1393 impatienS,
769 1327 1065 1379 dominandi
1103 1327 1279 1392 avida,
1332 1327 1564 1378 virilibus
1600 1327 1736 1378 curis
1774 1327 2072 1379 feminarum

242 1419 364 1470 vitia
419 1424 644 1470 exuerat.

754 1418 948 1469 Eodem
1012 1418 1094 1468 die
1147 1417 1469 1482 defunctam,
1534 1432 1633 1483 quo
1694 1417 1904 1468 biennio
1935 1419 2076 1467 ‘ante

243 1510 458 1562 Seianus
494 1524 687 1575 poenas
722 1508 929 1573 luisset,
982 1509 1362 1574 memoriaeque
1410 1508 1461 1559 id
1511 1507 1828 1574 prodendum
1882 1506 2076 1559 addidit

246 1601 465 1665 Caesar,
526 1600 833 1666 iactavitque
874 1599 1009 1666 quod
1057 1614 1161 1650 non
1211 1599 1397 1666 laqueo
1455 1599 1766 1666 strangulata
1815 1613 1981 1665 neque
2025 1598 2078 1648 in

183 1693 522 1751 15Gemonias
559 1692 788 1757 proiecta
824 1691 971 1742 soret.

1073 1691 1236 1742 Actae
1285 1691 1348 1742 ob
1401 1690 1450 1741 id
1488 1696 1660 1758 grates
1699 1687 2078 1756 decretumque,

247 1791 300 1835 ut
335 1783 814 1849 quintumdecimum
852 1781 1098 1832 kalendas
1136 1781 1455 1847 NovembriS,
1493 1782 1754 1848 utriusque
1793 1781 1937 1833 necis
1975 1779 2076 1844 die,

244 1891 337 1942 per
377 1875 540 1926 omnis
578 1888 739 1925 annos
779 1873 966 1924 donum
1003 1872 1110 1933 lovi
1149 1878 1456 1924 sacraretur.

386 1964 530 2016 Haud
578 1964 731 2015 multo
784 1968 899 2029 post
956 1963 1204 2014 Cocceius
1256 1963 1456 2028 Nerva,
1525 1964 1792 2017 continuus
1845 1963 2164 2031 principi,26

251 2057 414 2108 omnis
454 2055 612 2107 divIni
650 2055 956 2121 humanique
994 2055 1119 2106 iuris
1157 2054 1354 2120 sciens,
1410 2055 1612 2123 integro
1647 2061 1806 2123 statu,
1865 2062 2082 2123 corpore

367 2208 409 2252 6.
442 2223 528 2252 sev.
562 2207 617 2250 M.
701 2214 806 2249 eoest.
842 2205 914 2250 Or.

254 2282 333 2322 qne
363 2268 418 2313 M.
516 2269 583 2311 15.
613 2268 751 2321 gratis
781 2266 836 2308 M.

255 2329 356 2368 item
389 2339 506 2368 mox.

354 2477 548 2512 extrema
589 2470 703 2511 vitae
749 2468 980 2511 alimenta.-
1027 2474 1128 2510 sunt

257 2530 468 2570 eiusmodi
503 2530 710 2571 alimenta
742 2528 900 2583 quibus
933 2533 1128 2569 extrema

255 2589 497 2630 necessitas
519 2594 562 2628 et
581 2588 718 2628 fames
743 2588 925 2640 sopitur.
964 2586 1127 2627 Eadem

255 2646 387 2700 paulo
421 2652 521 2687 ante
556 2649 618 2701 (c.
654 2647 733 2701 23)
764 2645 1012 2686 miseranda
1043 2656 1128 2685 no-

255 2706 454 2747 minavit.

348 2764 453 2819 Cap.
476 2764 546 2808 25.
595 2763 848 2819 provixisse,
873 2763 914 2804 h.
939 2776 977 2805 e.
1001 2773 1130 2817 porro

258 2825 438 2876 vixisse,
468 2821 650 2864 verbum
674 2822 822 2864 Tacito
844 2824 1064 2878 proprium
1088 2827 1132 2863 et

259 2884 451 2923 unicum.
517 2880 775 2935 Corruptum
810 2882 853 2923 id
888 2895 985 2923 esse
1011 2881 1131 2923 difli-

260 2942 344 2983 cile
394 2941 445 2982 ad
487 2940 765 2983 credendum.
840 2940 970 2982 Certe
1018 2940 1132 2996 quod

260 3001 499 3054 Seyffertus
513 3001 703 3041 coniecit
720 3002 850 3041 vitam
863 3000 1131 3056 produxisse,

259 3060 303 3101 id
324 3073 349 3100 a
369 3058 518 3100 Tacito
552 3063 655 3101 tunc
676 3059 916 3101 adhibitum
935 3064 1016 3112 est,
1036 3071 1131 3099 cum

261 3126 434 3173 tempus
453 3117 603 3159 subest
627 3118 740 3160 ultra
763 3117 878 3174 quod
904 3120 994 3160 vita
1026 3129 1131 3172 pro-

261 3179 391 3219 ducta
423 3180 479 3218 sit
522 3177 726 3232 quodque
757 3178 898 3232 ipsum
940 3178 1130 3219 futurum

264 3243 358 3288 est,
411 3243 457 3277 ut
501 3236 557 3278 VI
605 3237 663 3278 48
700 3237 943 3293 produxere
987 3237 1132 3287 vitam,

263 3296 305 3337 h.
341 3309 378 3336 e.
413 3296 525 3336 ultra
558 3295 718 3336 'l'iberii
760 3296 911 3348 linem,
964 3301 1037 3337 aut
1069 3296 1133 3336 sic

262 3361 309 3395 ut
341 3367 410 3395 res
443 3355 495 3395 ad
528 3368 654 3409 quam
689 3356 852 3396 vivitur
886 3357 1025 3409 posita
1062 3355 1132 3406 sit,

263 3412 623 3467 quemadmodum
656 3413 713 3455 111
745 3414 804 3458 24
837 3415 874 3455 si
906 3440 960 3447 -—
989 3414 1135 3471 plures

263 3473 320 3512 acl
352 3486 480 3512 curas
511 3473 641 3513 vitam
670 3473 930 3529 produ-tem.

352 3531 478 3584 aequi
496 3532 747 3586 impatiens:
783 3532 854 3573 vel
889 3532 990 3573 hinc
1023 3533 1136 3587 quod

262 3589 506 3642 Agrippina
538 3590 803 3632 mediocrem
838 3590 1134 3632 conditionem

264 3647 547 3693 aversabatur
604 3662 654 3693 ac
700 3662 789 3694 non
836 3650 919 3695 nisi
969 3662 1134 3695 summa

998 2208 1068 2251 10.
1102 2220 1226 2263 conp.
1263 2207 1316 2249 M.

935 2265 1002 2308 16.
1036 2265 1093 2308 Κ.
1130 2279 1225 2307 cum
1258 2265 1336 2308 lin.
1371 2266 1427 2309 M.

604 2326 672 2368 18.
701 2326 897 2382 principi
926 2325 977 2368 N.
1014 2325 1245 2367 Heinsius:
1281 2325 1318 2368 M
1348 2326 1576 2382 principis.

1410 2208 1477 2250 11.
1510 2209 1602 2263 inp.
1635 2208 1691 2252 M.
1777 2207 1845 2252 14.
1880 2207 2083 2252 lactavit-

1522 2267 1590 2310 17.
1622 2281 1710 2310 oms
1771 2280 1868 2310 cum
1905 2267 1984 2311 lin.
2016 2268 2082 2322 M3

1214 2466 1575 2522 concupiscebat,
1618 2466 1777 2510 Tiberii
1810 2459 2084 2510 criminatio-

1214 2541 1313 2569 nem
1348 2527 1502 2569 falsam
1537 2533 1580 2569 et
1612 2528 1785 2569 inanem
1818 2527 1956 2570 fuisse
1988 2526 2085 2570 col-

1216 2587 1294 2641 ligi
1328 2598 1458 2639 posse
1489 2585 1662 2627 Tacitus
1693 2585 1974 2642 significavit.

1331 2646 1590 2699 iactavitque
1622 2671 1677 2677 —
1706 2645 1904 2701 proiecta
1945 2647 2084 2701 soret:

1216 2703 1452 2745 Suetonius
1479 2703 1572 2746 Tib.
1592 2704 1672 2747 53:
1705 2704 1928 2760 imputavit
1959 2705 2087 2746 eliam

1217 2762 1327 2816 quod
1365 2776 1453 2804 non
1495 2763 1646 2817 laqueo
1690 2761 2006 2819 strangulatam
2039 2763 2086 2804 in

1219 2820 1447 2864 Gemonias
1478 2823 1700 2865 abiecerit.
1765 2821 1832 2865 Cf.
1865 2821 1918 2864 ad
1948 2821 1968 2864 l
1999 2823 2042 2865 5.

1314 2882 1712 2936 quintumdecimum
1750 2880 1960 2924 kalendas
1991 2881 2086 2924 No-

1216 2941 1424 2982 vembris.-
1487 2954 1511 2983 a
1562 2940 1693 2983 solita
1746 2940 1958 2997 loquendi
2014 2941 2086 2982 via

1218 2999 1392 3054 paulum
1428 3000 1666 3042 deflectens
1705 3007 1806 3042 ante
1845 2999 2087 3055 suppressit

1219 3064 1263 3099 et
1285 3060 1487 3100 omittere
1521 3060 1684 3113 potuit:
1717 3071 1813 3100 nam
1839 3065 1939 3100 ante
1959 3059 2087 3114 quin-

1219 3118 1515 3159 tumdecimum
1586 3117 1793 3159 kalendas
1842 3117 2090 3160 Novembris

1219 3189 1315 3217 cum
1353 3176 1562 3226 dicimus,
1608 3184 1708 3218 ante
1739 3189 1826 3217 non
1861 3182 1927 3219 est
1957 3189 2088 3233 prae-

1218 3236 1378 3289 positio
1411 3235 1487 3277 sed
1521 3235 1774 3277 adverbium
1803 3236 1979 3292 (vor-her
2008 3235 2090 3278 den

1218 3295 1499 3350 stiviszelmten
1532 3295 1593 3336 bis
1623 3309 1674 3336 zu
1714 3295 1796 3336 ‹lcn
1831 3294 2090 3337 November-

1220 3353 1483 3408 Kalemlen),
1510 3361 1553 3395 et
1573 3357 1847 3396 accusativus
1874 3356 2089 3409 quintum-

1221 3413 1427 3455 decimum
1454 3413 1632 3455 denotat
1664 3414 1870 3468 temporis
1895 3411 2087 3453 duraturi

1221 3472 1441 3514 modulum
1466 3506 1476 3525 ,
1511 3473 1718 3514 kalendas
1749 3478 1891 3513 autem
1924 3469 2090 3512 calcem

1225 3532 1277 3572 ad
1342 3545 1467 3587 quam
1537 3532 1802 3585 computatio
1865 3528 2089 3584 dirigitur,

1223 3603 1362 3646 eaque
1408 3592 1537 3632 etiam
1595 3591 1690 3630 sine
1747 3588 1824 3630 illo
1878 3587 2088 3630 adverbio
2129 3597 2132 3601 ’

1221 3650 1320 3694 talis
1353 3649 1496 3707 qualis
1524 3654 1590 3692 est
1616 3645 1897 3707 int-elligitur.
1960 3645 2088 3694 Conf-
