2280 4004
206 307 236 344 'a
260 296 314 344 C.
347 301 419 346 64.

813 300 980 345 LIBER
1011 302 1105 347 XV.
1184 300 1291 345 GAP.
1323 300 1515 348 40-41.

1945 290 2034 346 επ)

209 446 266 493 θῐ
293 441 607 508 templorum,
647 454 776 506 quae
813 441 997 492 amissa
1040 446 1182 505 sunt,
1222 456 1483 492 numerum
1516 441 1647 493 inire
1686 440 1820 492 haud
1858 457 2035 507 prom-

206 537 341 599 ptum
380 532 556 584 fuer-it:
597 531 689 583 sed
723 531 1064 583 vetustissima
1099 532 1379 599 religione,
1429 533 1564 598 quod
1601 533 1806 585 Servius
1845 533 2032 587 Tullius

205 624 395 687 lauriae,
423 627 486 674 et
519 637 702 689 magna
739 638 825 673 ara
854 624 1142 688 fanumque,
1186 638 1314 688 quae
1352 624 1606 689 praesenti
1634 623 1837 675 Herculi
1864 625 2030 677 Arcas

205 713 445 766 Euander
497 718 820 778 sacraverat,
877 713 1133 779 aedesque
1180 714 1394 765 Statoris
1441 715 1577 766 Iovis
1630 720 1748 766 vota
1796 715 2028 781 Romule,

205 807 497 871 Numaeque
548 806 693 872 regia
750 810 799 856 et
851 804 1112 860 delubrum
1151 806 1337 856 Vestae
1379 821 1490 856 cum
1550 807 1815 871 penatibus
1864 807 2071 873 populis

205 897 419 950 Romani
473 901 666 948 exusta.

743 897 845 947 Iam
886 911 1009 963 opes
1046 901 1121 947 tot
1168 896 1397 947 victoriis
1434 897 1726 962 quaesitae,
1787 903 1836 949 et
1871 898 2035 950 Grae-

204 995 379 1038 carum
414 987 594 1038 artium
649 986 868 1051 decora3
926 987 1044 1037 exin
1103 992 1425 1038 monumenta
1465 987 1784 1053 ingeniorum
1829 989 2032 1055 antiqua

206 1083 272 1130 et.
283 1079 593 1144 incorrupta,
619 1078 846 1144 quamvis
874 1077 925 1128 in
961 1082 1096 1129 tanta
1129 1079 1446 1145 resurgentis
1472 1079 1612 1129 urbis
1642 1079 2029 1145 pulchritudine,

202 1169 355 1220 multa
402 1170 635 1220 seniores
672 1170 1035 1232 meminerunt,
1076 1184 1205 1234 quae
1242 1169 1470 1234 reparari
1508 1170 1797 1234 nequibant.

1872 1172 2032 1222 Fuere

205 1259 301 1326 qui·
329 1259 632 1310 adnotarent
670 1259 1153 1325 quartumdecimum
1192 1258 1436 1310 kalendas
1477 1259 1693 1312 Sext-iles
1731 1261 2088 1326 principiumno

203 1351 613 1404 incendiihuius
652 1356 840 1416 ortum,
898 1365 997 1417 quo
1037 1356 1086 1402 et
1120 1351 1350 1403 Senones
1389 1356 1583 1416 captam
1620 1351 1794 1402 urbem
1834 1352 2034 1404 inflam-

320 1491 363 1533 3.
396 1489 532 1532 erculi
560 1489 642 1532 Ma.

203 1554 310 1606 (non
339 1550 635 1608 monimenta).

200 1610 496 1652 meminerant.

749 1491 791 1534 6.
827 1492 1014 1545 quesitae
1047 1498 1085 1532 et
1113 1505 1343 1546 qrecarum
1376 1491 1453 1532 Ma.

765 1550 808 1593 9.
841 1552 1122 1592 meminerunt
1157 1550 1329 1604 editor:
1369 1550 1436 1592 Ma
1466 1552 1763 1603 meminerint,
1796 1551 2032 1594 Rhenanus

581 1610 648 1653 10.
682 1610 1088 1663 quartumdecimum
1121 1609 1208 1652 kat.
1244 1610 1409 1652 editor:
1442 1610 1597 1653 XIIII.
1632 1610 1718 1652 kal.
1754 1609 1843 1662 Ma,
1880 1619 2030 1665 quarto

203 1667 364 1710 decimo
398 1668 604 1710 calendas
638 1668 888 1722 Bekkerus3
924 1669 980 1711 cf.
1017 1675 1162 1711 annot.
1196 1670 1250 1710 ad
1279 1669 1306 1712 6
1341 1670 1411 1712 50.

1549 1492 1588 1533 7.
1623 1499 1898 1533 monumenta
1932 1491 2033 1535 GMa

1509 1671 1576 1711 11.
1611 1683 1689 1724 quo
1725 1676 1763 1710 et
1795 1671 2029 1712 Rhenanus

202 1729 247 1770 in
280 1733 511 1781 contextu,
551 1729 623 1783 qui
660 1729 704 1769 in
737 1729 1099 1785 castigationibus
1133 1735 1172 1770 et
1203 1742 1307 1782 quo,
1359 1734 1405 1769 ut
1444 1734 1508 1770 est
1544 1729 1586 1769 in
1620 1727 1686 1769 Ma
1721 1735 1763 1770 et
1795 1731 1910 1784 apud
1940 1730 2030 1772 Be..

202 1785 421 1840 roaldum,
455 1801 509 1829 ecc
539 1801 617 1842 quo
649 1788 694 1828 in
725 1787 971 1830 Basileensi
1003 1791 1098 1831 sive
1131 1787 1351 1830 Aleiatina
1383 1801 1421 1828 a.
1461 1788 1572 1831 1519
1609 1794 1652 1829 et
1685 1785 1733 1830 C.

199 1916 244 1952 ,et
261 1910 308 1951 in
323 1909 498 1965 posticis
517 1909 712 1965 partibus
729 1909 901 1951 Cereris
930 1909 1076 1966 templi

203 1969 356 2024 affixit.
418 1967 540 2010 Adde
565 1968 709 2011 Ovidii
731 1968 846 2011 Fast.
878 1969 936 2011 111
968 1969 1070 2012 883.

206 2028 429 2069 Vitruvius
466 2028 500 2069 V
533 2028 559 2070 5
591 2028 634 2071 8.
714 2027 893 2070 Orosius
929 2030 965 2070 V
1002 2031 1068 2071 12.

201 2085 268 2131 Cf.
301 2086 474 2129 Becker
504 2087 557 2130 A.
591 2088 641 2130 R.
676 2093 706 2129 t.
743 2087 775 2129 1.
810 2102 851 2143 p.
880 2088 967 2131 455
1003 2102 1066 2144 sq.

198 2146 348 2189 Lunae
379 2147 587 2201 templum
621 2159 646 2188 a
672 2147 823 2189 Servio
856 2153 1071 2190 sacratum

201 2216 298 2249 esse
330 2219 442 2248 unus
460 2206 635 2248 Tacitus
654 2208 861 2249 narravit.
904 2207 1070 2249 Aedem

198 2266 367 2309 Dianae
407 2266 451 2306 in
484 2266 705 2307 Aventino
746 2266 887 2309 Servii
939 2279 1072 2320 opera

200 2326 478 2368 constitutam
501 2338 598 2367 esse
627 2338 723 2367 cum
747 2326 933 2368 celebris
958 2326 1072 2367 fama

198 2385 335 2427 fuerit
370 2384 488 2440 (Liv.
517 2384 535 2426 I
565 2386 638 2437 45,
672 2385 856 2439 Dionys.
879 2385 938 2426 IV
971 2385 1069 2442 26),

197 2443 369 2486 Tacitus
403 2444 590 2486 fortasse
611 2443 742 2485 infida
764 2444 1070 2486 recordatione

198 2505 242 2545 in
276 2502 423 2545 Lunae
456 2503 663 2557 templum
698 2505 919 2546 transtulit
953 2503 1067 2560 quod

198 2563 252 2605 de
288 2563 390 2604 fano
423 2562 591 2605 Dianae
623 2563 827 2604 traditum
861 2570 966 2605 erat.

285 2632 445 2678 maqna
488 2635 571 2663 ara
601 2624 855 2678 fanumque:
905 2623 960 2665 cf.
996 2621 1071 2663 XII

198 2680 269 2726 24.
314 2681 407 2723 Li'v.
441 2681 459 2722 I
491 2682 531 2724 7.
577 2680 761 2736 Dionys.
798 2682 813 2723 Ι
846 2684 918 2726 40.
961 2682 1069 2723 Pro-

197 2747 309 2795 pert.
343 2740 404 2782 1v
437 2741 465 2783 9
499 2741 570 2783 67.
637 2741 794 2797 virgil.
830 2742 939 2784 Aen.
977 2740 1070 2782 VIII

198 2800 298 2844 271.
363 2798 490 2842 ovid.
523 2799 640 2842 Fast.
677 2801 692 2841 I
727 2800 834 2843 582.Ι
917 2801 1069 2842 aedes-

199 2872 277 2914 que
313 2859 499 2900 Statoris
548 2858 662 2900 Iovis
717 2866 816 2900 vota
860 2859 1069 2901 Romulo:

197 2931 239 2960 v.
274 2916 367 2960 Liv.
408 2917 424 2958 1
460 2919 527 2960 12.
592 2917 718 2960 Ovid.
757 2918 814 2959 VI
848 2918 947 2961 793.

221 2988 225 2992 ’
299 2976 562 3032 'Numaeque
603 2978 727 3033 reyia
769 2985 808 3019 et
853 2977 1070 3019 delubrum

208 3035 383 3078 Vestae.-
425 3036 481 3078 cf.
516 3037 663 3078 Horat.
700 3035 840 3079 Carm.
875 3037 892 3078 I
925 3039 953 3081 2
988 3038 1067 3080 15:

196 3102 468 3138 monumenta
498 3098 612 3152 reqis
632 3095 867 3151 templaque
905 3096 1065 3139 Vestae.

199 3153 326 3197 ovid.
351 3153 466 3197 Fast.
492 3155 547 3197 VI
570 3156 679 3208 2633
711 3155 835 3197 Trist.
864 3155 962 3197 1111
996 3157 1065 3198 27.

197 3212 379 3267 Dionys.
404 3213 441 3255 11
471 3214 543 3258 66.
591 3214 810 3258 Plutarch.
833 3215 971 3256 Numa
999 3217 1066 3257 14.

197 3271 386 3314 Beckeri
427 3272 575 3328 Antiq.
623 3275 673 3317 R.
715 3274 732 3315 Ι
774 3287 814 3328 p.
849 3277 935 3318 222
970 3287 1064 3329 sqq.

200 3337 243 3373 et
274 3330 362 3375 289
393 3343 457 3387 sq.
550 3345 643 3374 cum
669 3334 895 3389 penatibus
922 3332 1070 3389 populi

199 3391 410 3434 Romani.-
460 3390 651 3432 breviter
692 3392 800 3433 dixit
847 3404 924 3446 pro
953 3391 1068 3432 ‘eum

200 3448 383 3492 delubro
415 3451 640 3503 penatium
672 3452 821 3505 populi
856 3450 1064 3492 Romani'.

199 3509 344 3551 Aedes
370 3510 591 3563 penatium
616 3511 659 3550 in
686 3510 828 3562 Velia,
862 3516 909 3550 ut
931 3510 1068 3565 liquet

201 3580 255 3610 ex
290 3568 484 3609 Varrone
516 3568 568 3610 de
601 3568 646 3610 L.
681 3569 726 3611 L.
754 3569 790 3610 V
823 3570 868 3620 δ.
889 3569 959 3621 54,
994 3568 1068 3609 Li-

201 3626 274 3668 vio
307 3626 419 3669 XLV
456 3627 532 3679 16,
565 3627 779 3682 Dionysio
812 3627 829 3669 1
860 3627 931 3671 68.
998 3626 1068 3669 Cf.-

201 3683 385 3728 Beckeri
418 3685 470 3729 A.
504 3686 554 3729 R.
591 3684 608 3728 1
640 3698 681 3743 p.
715 3686 816 3732 246.

1247 1908 1514 1951 Graecarum
1536 1910 1693 1950 artium
1720 1909 1903 1951 decora.-
1939 1915 2031 1951 sta-

1155 1974 1270 2021 tuae,
1304 1968 1497 2021 tabulae,
1532 1982 1633 2011 aera
1655 1970 1869 2011 artificum
1894 1969 2030 2011 Grae-

1156 2041 1318 2070 corum.
1355 2028 1430 2069 His
1459 2036 1737 2082 opponuntur
1759 2036 2031 2070 monumenta

1153 2089 1425 2143 inqeniorum
1469 2089 1647 2142 antiqua
1690 2096 1728 2130 et
1759 2090 2027 2144 incorrupta,

1155 2146 1197 2188 h.
1244 2161 1282 2188 e.
1328 2148 1508 2202 antiqua
1556 2149 1838 2202 simplicitate
1894 2147 2026 2189 facta.

1153 2205 1370 2263 Intelligit
1415 2207 1534 2247 rudis
1576 2209 1849 2263 antiquitatis
1894 2219 2030 2261 opera

1153 2267 1295 2306 minus
1343 2265 1518 2322 quidem
1566 2267 1793 2320 perfecta,
1847 2267 1923 2307 sed
1973 2266 2027 2308 ob

1152 2338 1359 2366 summam
1423 2331 1686 2368 vetustatem
1759 2326 2027 2379 reverenda,

1152 2397 1265 2439 quae
1298 2384 1420 2426 nullo
1466 2397 1678 2426 novorum
1712 2385 1926 2428 artificum
1958 2385 2027 2426 la-

1151 2444 1259 2485 bore
1304 2450 1376 2484 aut
1433 2449 1524 2485 arte
1573 2447 1765 2499 reparari
1809 2450 2025 2498 poterant.

1152 2503 1327 2557 Lipsius
1361 2514 1448 2543 non
1482 2503 1596 2545 bene
1631 2505 1716 2546 dici
1752 2504 1922 2559 putavit
1949 2504 2028 2545 ‘li-

1152 2562 1252 2603 bros
1284 2568 1481 2604 veterum
1517 2565 1729 2618 scriptos,
1782 2563 1942 2604 multos
1974 2564 2027 2605 ab

1151 2623 1258 2676 ipsis
1306 2622 1581 2673 auctoribus,
1630 2627 1703 2679 qui
1752 2624 1796 2664 in
1845 2624 2028 2676 privatis

1152 2687 1225 2722 aut
1248 2681 1436 2735 publicis
1464 2681 1747 2724 bibliothecis
1775 2682 2028 2736 perierunt’3

1151 2754 1277 2796 quain
1308 2742 1714 2795 interpretationem
1744 2742 1897 2783 falsam
1932 2755 2029 2783 esse

1152 2800 1286 2841 verba
1320 2802 1507 2854 quamvis
1539 2801 1586 2841 in
1611 2809 1734 2842 tanta
1766 2802 2028 2856 ⁷·esur9entis

1149 2859 1267 2900 urbis
1299 2859 1618 2912 pulchritudine
1651 2866 1906 2901 monstrant.

1269 2917 1402 2959 multa
1457 2920 1648 2960 seniores
1715 2922 2025 2961 meminerunt:

1151 2976 1284 3018 multa
1331 2990 1417 3018 vox
1465 2978 1687 3034 iungenda
1731 2993 1826 3020 cum
1870 2993 2025 3020 monu-

1149 3042 1294 3078 menta
1323 3037 1596 3091 ingeniorum
1614 3039 1792 3092 antiqua
1818 3045 1858 3078 et
1873 3040 2025 3079 incor-

1149 3102 1292 3151 rupta.
1366 3096 1592 3137 Eiusmodi
1644 3097 1779 3137 multa
1826 3099 2024 3138 seniores

1149 3154 1284 3195 Taciti
1335 3155 1602 3208 temporibus
1656 3155 2023 3208 recordabantur,

1150 3226 1262 3268 quae
1294 3214 1388 3266 ipse
1422 3213 1608 3265 Tacitus,
1641 3216 1838 3268 quamvis
1870 3227 2022 3267 seneX,

1149 3285 1236 3313 non
1277 3273 1361 3313 iam
1393 3272 1502 3313 vidit
1548 3279 1622 3313 aut
1666 3279 1784 3314 certe
1828 3286 1916 3314 non
1950 3286 2023 3315 re-

1150 3332 1408 3372 miniscitur.
1509 3331 1594 3373 Sed
1645 3331 1754 3373 haec
1802 3331 2025 3374 sententia

1149 3391 1264 3431 bona
1298 3397 1341 3431 et
1397 3401 1501 3431 sana
1544 3396 1589 3430 ut
1628 3392 1837 3443 oriretur,
1890 3392 2022 3433 resti-

1151 3449 1355 3490 tuendum
1381 3454 1472 3491 erat
1493 3451 1788 3502 meminerunt,
1825 3463 1900 3504 pro
1930 3466 2021 3492 me-

1150 3509 1352 3550 minerint
1385 3515 1631 3563 corruptum
1664 3523 1687 3550 a
1710 3509 1879 3562 scribis,
1914 3510 2022 3552 illud

1151 3567 1203 3609 ad
1249 3568 1490 3620 proximum
1548 3569 1735 3624 quemvis
1792 3581 2020 3625 perperam

1150 3625 1455 3669 referentibus,
