2280 4004
237 306 270 336 a
289 292 342 335 C.
382 291 449 336 16.

861 286 1027 330 LIBER
1055 285 1107 329 11.
1171 285 1277 329 Gar.

1313 283 1440 329 7—8.
1560 283 1570 291 ”
1997 281 2057 328 9³

240 435 320 485 cui
356 434 638 485 Drusianae
671 445 856 483 nomen
892 431 1181 498 ingreSSUS,
1245 433 1580 494 precatusque
1615 426 1831 476 Drusum
1864 430 2058 492 patrem

238 532 291 577 ut
325 541 381 577 se
419 524 596 576 eadem
634 539 807 576 ausum
856 522 1019 574 libens
1054 521 1382 587 placatusque
1432 517 1659 584 exemplo
1718 533 1778 568 ac
1814 517 2059 569 memoria

242 616 568 668 consiliorum
619 617 793 678 atque
812 626 1018 678 operum
1070 610 1294 674 iuvaret,

239 724 399 775 usque
448 707 511 758 ad
558 704 802 757 Amisiam
848 704 1032 755 flumen
1095 700 1321 753 secunda
1373 698 1701 766 navigatione
1747 698 2121 765 pervehitur.
2222 759 2269 780 W

241 799 430 852 Classis
468 795 695 848 Amisiae
732 793 944 857 relicta,
984 792 1131 843 laevo
1172 805 1346 854 amne3
1384 794 1702 855 erratumque
1737 787 1790 837 in
1825 802 1885 838 eo
1926 785 2060 853 quod
2079 805 2168 855 5..-
2179 819 2190 838 .-—
2220 811 2250 854 f

699 882 1028 948 Transposuit
1063 880 1270 931 militem
1317 879 1520 930 dextras
1558 879 1609 928 in
1651 883 1813 929 terras
1850 877 2059 927 iturum:

240 904 342 940 non
377 885 624 940 subvexit.

240 971 512 1046 ttaplures
552 977 660 1027 dies
701 973 984 1025 efficiendis
1031 972 1267 1038 pontibus
1310 971 1573 1036 absumpti.

1355 607 1495 659 lacus
1545 606 1663 658 inde
1713 611 1762 658 et
1800 608 2059 659 Oceanum

1647 970 1708 1020 Et
1755 983 1908 1034 eques
1947 955 2107 1034 qui-³⁴*

240 1070 354 1126 dem
395 1084 456 1120 ac
494 1067 726 1134 legiones
762 1064 921 1130 prima
963 1062 1242 1132 aestuaria,
1274 1061 1498 1112 nondum
1537 1060 1870 1111 adcrescente
1906 1059 2060 1124 unda,

238 1157 474 1224 intrepidi
509 1156 758 1207 transiere
784 1173 794 1205 ε

854 1158 1162 1219 postremum
1200 1153 1501 1203 auxiliorum
1539 1165 1751 1218 agmen,
1786 1150 2063 1215 Batavique
2099 1152 2104 1159 ’

239 1250 290 1306 in
326 1253 468 1316 parte
507 1264 595 1313 ea,
664 1247 779 1298 dum
821 1246 1060 1297 insultant
1103 1245 1246 1311 aquis
1301 1249 1559 1309 artemque
1598 1242 1754 1293 nandi
1793 1246 2063 1307 ostentant,
2083 1258 2130 1295 ιο

238 1339 438 1403 turbati,
478 1343 527 1390 et
557 1337 758 1404 quidam
796 1337 959 1388 hausti
995 1340 1124 1388 sunt.

1198 1335 1405 1388 Metanti
1444 1338 1609 1386 castra
1641 1334 1849 1386 Caesari
1862 1332 2068 1403 [Angri-

237 1416 742 1503 XQEQPULssdef8050
770 1444 797 1479 a
822 1433 968 1495 tergo
997 1426 1274 1478 nuntiatur:
1301 1427 1484 1477 missus
1516 1425 1634 1476 ilico
1655 1425 1921 1479 Stertinius
1956 1439 2067 1476 cum

364 1581 406 1622 4.
436 1578 654 1620 amissiam
685 1575 740 1629 M,
774 1588 875 1618 mox
907 1577 1102 1618 amisiae.

239 1640 478 1681 variorum:
510 1637 860 1693 anqriuoriorum
890 1636 945 1678 M.

241 1759 357 1816 quod
394 1761 438 1801 in
480 1758 631 1800 dextra
681 1759 817 1801 amnis
854 1759 949 1812 ripa
996 1758 1106 1799 sitae

239 1826 352 1862 sunt.
414 1818 564 1874 ltaque
617 1817 778 1872 duplex
833 1818 1106 1859 commissum

241 1892 336 1920 esse
361 1884 587 1933 peccatum
611 1876 765 1932 liquet,
789 1878 972 1931 primum
994 1875 1110 1931 quod

239 1939 472 1992 imperator
519 1937 702 1978 militem
749 1949 838 1977 non
889 1936 1108 1987 subvexit,

240 1997 423 2038 alterum
455 1996 572 2052 quod
603 1995 731 2037 laevo
765 2009 890 2037 amne
922 1995 1110 2037 navibus

242 2069 444 2112 egressus
465 2062 531 2096 est
549 2056 783 2096 exercitus.
817 2054 881 2095 lta
904 2054 1110 2108 pontibus

244 2128 352 2170 opus
412 2120 503 2156 erat
554 2114 607 2155 ad
653 2119 818 2154 tantum
872 2115 1112 2154 exercitum

244 2181 360 2215 trans
378 2173 535 2215 flumen
550 2172 832 2225 mittendum;
850 2178 1112 2229 transgres-

240 2236 298 2275 sis
339 2239 483 2275 autem
524 2245 666 2273 novae
711 2231 992 2274 difficultates
1029 2231 1112 2272 ob-

240 2292 493 2334 oriebantur
524 2293 566 2332 in
603 2291 860 2344 superandis
882 2292 1110 2332 aestuariis

239 2351 530 2410 (Seelachen),
550 2363 662 2405 quae
683 2351 888 2403 pontibus
919 2356 963 2391 et
1003 2362 1111 2403 pro-

239 2417 334 2466 pter
351 2410 670 2452 multitudinem
695 2422 844 2450 eorum
871 2414 914 2451 et
935 2415 1112 2463 propter

239 2471 424 2524 spatium
457 2469 597 2510 traiici
645 2480 731 2509 non
771 2474 986 2523 poterant.
1048 2467 1112 2509 Ea

239 2529 511 2571 incommoda
541 2529 796 2580 vitavisset,
838 2529 874 2570 si
910 2529 953 2568 in
985 2541 1110 2568 amne

239 2589 515 2630 subvexisset
547 2587 819 2642 navibusque
852 2587 1034 2628 militem
1066 2588 1110 2627 in

241 2647 431 2690 dextram
468 2649 604 2701 iipam
638 2647 992 2701 transposuisset.

327 2708 471 2764 prima
484 2707 729 2748 aestuaria.-
757 2705 866 2747 haec
884 2712 983 2746 sunt
1000 2706 1112 2745 inter

238 2764 446 2808 Amisiam
490 2772 533 2808 et
578 2766 814 2821 Visurgim.
879 2764 926 2805 ln
961 2764 1111 2806 eadem

240 2827 452 2881 regione,
511 2824 588 2866 sed
636 2824 766 2878 paulo
824 2824 1001 2877 propius
1060 2823 1113 2863 ad

242 2883 476 2935 Oceanum,
508 2883 619 2925 duae
653 2883 855 2938 legiones
887 2884 931 2922 in
970 2882 1111 2923 reditu

241 2942 512 2995 periclitatae
544 2947 665 2983 sunt:
699 2954 740 2982 v.
778 2942 795 2982 1
829 2941 899 2983 70.

329 3001 690 3057 Anqrivariorum
721 2999 900 3055 defectio
937 3014 965 3040 a
995 3007 1112 3054 terqo

243 3061 491 3102 nuntiatur.-
529 3061 603 3101 vix
636 3059 813 3100 dubium
847 3059 950 3114 quin
985 3072 1009 3100 a
1030 3058 1113 3099 Ta-

244 3119 317 3168 citi
375 3131 504 3160 manu
556 3118 690 3160 suerit
739 3118 1112 3160 Amsivariorum:

241 3190 339 3219 nam
375 3190 533 3219 nomen
564 3177 791 3233 vulgatum
822 3177 1114 3232 An9rivario-

243 3249 368 3286 rum,
410 3238 446 3278 si
483 3242 603 3277 recte
644 3249 691 3278 se
734 3236 940 3288 haberet,
989 3235 1114 3277 sedes

244 3292 397 3334 horum
444 3293 497 3335 ad
542 3293 702 3335 flumen
755 3294 965 3336 Amisiam
1012 3301 1116 3335 tunc

244 3347 381 3393 fuisse
433 3351 693 3394 credendum
753 3360 899 3395 esset:
954 3355 1116 3407 quippe

244 3410 448 3452 Romanis
492 3410 545 3452 ab
588 3411 753 3452 Amisia
798 3411 1116 3466 tad-Visurgim

208 3478 213 3492 ”
245 3469 523 3511 tendentibus
579 3483 607 3510 a
661 3476 777 3524 tei-90
837 3469 1000 3511 colunt.
1061 3469 1118 3510 At

246 3541 350 3570 vero
386 3529 637 3585 Angrivarii
681 3528 890 3583 lisurqim
934 3530 1048 3569 inter
1079 3534 1118 3569 et

245 3585 386 3638 Albim
417 3595 518 3630 tunc
552 3586 830 3640 habitabant,
875 3592 921 3629 ut
955 3586 1116 3630 clarum

220 3657 303 3696 tex
333 3647 486 3702 c.19;
538 3647 648 3695 latus
687 3660 817 3693 unum
862 3646 1119 3707 Angrivarii

1184 1578 1250 1618 11.
1286 1582 1359 1618 aut
1391 1576 1474 1617 fuit
1508 1581 1580 1617 aut
1610 1575 1762 1619 debuit
1793 1589 1889 1620 esse
1921 1576 2067 1619 Amsi-

1012 1638 1079 1680 12.
1110 1636 1210 1677 ilico
1242 1636 1297 1688 M,
1331 1648 1418 1677 non
1451 1634 1583 1677 illico.

1192 1757 1277 1800 lato
1312 1772 1468 1814 aqqere
1502 1757 1758 1811 extulerant,
1791 1757 1834 1800 h.
1863 1770 1901 1799 e.
1933 1768 2070 1811 prope

1193 1818 1246 1859 ad
1299 1830 1469 1858 amnem
1519 1816 1714 1862 Alleram
1767 1815 1936 1872 (Aller)
1996 1815 2070 1857 vel

1197 1877 1367 1918 Liuiam
1401 1876 1600 1932 (Leine)‚
1645 1875 1689 1916 id
1731 1874 1847 1930 quod
1888 1875 1942 1917 ad
1972 1887 2071 1917 eum

1194 1936 1338 1977 locum
1391 1941 1613 1978 ostensum
1666 1940 1747 1976 est.
1825 1932 1932 1975 Cum
1991 1933 2070 1976 illo

1194 1995 1329 2036 Taciti
1381 1995 1480 2036 loco
1531 1995 1748 2036 consentit
1792 1992 2070 2035 Ptolemaeus

1195 2054 1233 2095 11
1263 2057 1312 2096 11
1348 2056 1392 2106 §.
1415 2055 1493 2096 16·
1529 2045 1740 2112 (αεταξυ)
1778 2053 1987 2109 Καὺχων
2020 2053 2072 2096 δὲ

1195 2130 1284 2156 των
1317 2115 1549 2172 μειζόνων
1595 2118 1671 2155 καὶ
1715 2115 1807 2156 τών
1843 2115 1941 2155 Σοι
1935 2113 2072 2169 η’βων

1193 2172 1570 2230 Ἆγγριουάριοι·
1597 2171 1695 2215 &fta
1713 2170 2070 2229 Λαγγοβάρὸοι.

1197 2231 1367 2285 Quippe
1409 2232 1595 2272 maiores
1640 2229 1806 2271 Chauci
1838 2231 1954 2271 inter
1988 2231 2072 2272 vi..

1196 2293 1358 2345 surgim
1387 2296 1430 2331 et
1454 2290 1598 2332 Albim
1627 2289 1876 2344 ibidemque
1893 2289 2071 2358 Lango-

1195 2349 1316 2390 bardi
1351 2362 1513 2405 egere;
1546 2350 1798 2404 Angrivarii
1831 2349 1966 2404 igitur
1998 2350 2071 2390 in.-

1195 2410 1368 2450 teriecti
1401 2410 1598 2463 utrisque
1634 2410 1747 2449 inter
1772 2408 1993 2464 Visurgim
2028 2413 2073 2450 et

1195 2467 1356 2509 Albim.
1425 2467 1513 2509 Iam
1567 2480 1678 2522 quae
1728 2466 1901 2516 Tacitus
1954 2480 2072 2509 nunc

1196 2527 1339 2579 tradit,
1376 2540 1428 2568 ea
1461 2540 1556 2569 cum
1595 2526 1683 2568 illis
1718 2528 1780 2581 (c.
1818 2526 1894 2583 19)
1928 2528 2073 2568 mani..

1197 2587 1310 2628 festo
1325 2592 1534 2642 pugnant,
1558 2587 1641 2627 nisi
1661 2585 1775 2626 forte
1794 2585 2073 2627 statuendum

1199 2647 1302 2699 erit,
1367 2651 1532 2700 partem
1596 2644 1956 2701 Angrivariorum
2020 2643 2075 2686 ad

1196 2705 1404 2746 Amisiam
1438 2705 1628 2760 degisse,
1663 2709 1829 2758 partem
1855 2706 1970 2746 inter
1991 2704 2075 2746 Vi..

1197 2765 1360 2820 surgim
1410 2770 1453 2805 et
1503 2763 1680 2816 Albim;
1737 2763 1815 2805 sed
1863 2763 1908 2805 id
1959 2765 2074 2805 iuste

1200 2824 1317 2865 credi
1337 2823 1503 2877 nequit.
1555 2822 1740 2864 Perinde
1765 2822 1982 2864 turbatum
2009 2827 2076 2865 est

1200 2896 1236 2924 c.
1273 2884 1354 2925 22:
1397 2895 1494 2931 mox
1527 2881 1678 2923 bellum
1708 2883 1754 2923 in
1786 2882 2075 2938 Anqrivarios

1199 2942 1404 2982 Stertinio
1458 2941 1660 2993 mandat,
1716 2942 1764 2981 πί
1820 2941 2075 2983 deditionem

1194 3000 1556 3056 proper-avissent.
1579 2999 1664 3043 Sed
1677 3000 1957 3042 Germanicus
1979 3001 2074 3054 ipse

1199 3059 1243 3100 in
1265 3059 1791 3115 finibusAngrivariorum
1821 3073 1918 3101 cum
1943 3072 2075 3102 exer-

1201 3119 1289 3160 citu
1321 3119 1613 3160 Romanorum
1658 3125 1760 3159 tunc
1794 3124 1886 3160 erat
1919 3121 1985 3173 (v.
2021 3116 2075 3158 ad

1201 3191 1238 3219 c.
1272 3179 1351 3233 20)
1388 3183 1430 3218 et
1461 3178 1662 3218 nationes
1704 3179 1817 3218 inter
1852 3176 2075 3231 Visurgim

1201 3242 1245 3277 et
1276 3235 1419 3276 Albim
1450 3235 1550 3287 vel,
1583 3241 1630 3275 ut
1661 3237 1755 3288 ipse
1788 3234 1916 3287 dicit,
1960 3236 2075 3275 inter

1200 3294 1398 3335 Rhenum
1412 3293 1632 3347 Albimque
1657 3292 1956 3334 debellaverat.
2006 3290 2073 3335 Cf.

1202 3366 1240 3394 c.
1282 3354 1340 3395 22
1386 3357 1427 3393 et
1471 3351 1543 3394 41.
1605 3351 1756 3406 ltaque
1808 3354 1939 3394 etiam
1981 3350 2075 3393 illic

1202 3416 1388 3452 erratum
1432 3415 1497 3451 est
1527 3411 1571 3450 in
1604 3413 1781 3452 nomine
1814 3412 1985 3468 gentis,
2031 3415 2076 3451 et

1202 3470 1436 3511 Stertinius
1468 3481 1554 3510 non
1588 3469 1639 3510 ad
1671 3469 1960 3525 Angrivarios
1992 3468 2075 3511 do..

1202 3528 1395 3581 mandes,
1430 3530 1503 3583 qui
1536 3528 1687 3569 domiti
1719 3530 1803 3571 iam
1827 3535 1963 3582 erant,
1996 3527 2076 3570 sed

1203 3588 1359 3629 missus
1411 3593 1477 3629 est
1527 3587 1581 3629 ad
1639 3587 1830 3631 Amisiae
1887 3586 2074 3641 accolas,

1204 3659 1383 3708 quorum
1417 3645 1640 3708 perfidiam
1663 3654 1764 3697 ante
1783 3649 1939 3710 raptim
1959 3646 2078 3697 ultus
