2280 4004
248 280 279 328 a
307 279 357 326 G.
383 281 465 328 1³4.
477 292 496 321 c
832 279 997 325 LIBER
1022 278 1058 324 1.
1117 278 1229 324 Gn.
1260 278 1450 325 ‘17-19.
2008 279 2071 325 W

253 424 514 477 clamitans
546 424 678 476 ‘mea
713 424 879 491 potius
935 424 1094 479 caede
1135 424 1343 475 imbuite
1384 437 1590 475 manus:
1641 421 1839 474 leviore
1876 420 2070 490 flagitio

249 515 470 588 legatum
513 516 824 568 interficietis
863 531 1010 584 quam
1043 516 1106 572 ab
1139 516 1444 583 imperatore
1482 514 1783 566 desciscitis.
1856 513 1958 566 Aut
1990 512 2074 564 in-

254 608 464 661 columis
501 607 648 659 iidem
687 607 944 674 legionum
980 607 1242 672 retinebo,
1308 612 1391 658 aut
1428 606 1680 674 iugulatus
1713 605 2072 672 paenitentiam

171 698 588 765 wascelini-abo?
665 698 1025 766 Aggerebatur
1061 699 1218 750 nihilo
1260 699 1422 750 minus
1462 712 1703 764 caespes,
1741 698 1942 764 iamque
1979 712 2075 764 pe·-

249 789 381 843 ctori
417 803 576 855 usque
605 789 921 855 adcreverat,
963 805 1073 842 cum
1107 790 1309 842 tandem
1343 790 1631 856 pervicacia
1662 789 1783 840 victi
1821 789 2111 855 inceptum5

252 881 486 935 omisere.
560 881 770 937 Blaesus
810 881 962 933 multa
1002 882 1206 933 dicendi
1245 887 1376 947 arte,
1418 897 1521 935 non
1553 897 1646 948 per
1682 881 1984 934 seditionem
2025 885 2075 933 et

250 971 424 1026 turbas
475 972 733 1025 desideria
802 972 1013 1024 militum
1059 973 1123 1023 ad
1171 973 1441 1024 Caesarem
1486 973 1696 1025 ferenda
1752 973 1847 1038 ait,
1907 986 2073 1038 neque

250 1068 449 1121 ueteres
487 1063 550 1115 ab
585 1063 973 1129 imperatoribus
1007 1063 1192 1130 priscis
1231 1076 1397 1129 neque
1436 1064 1575 1129 ipsos
1613 1080 1642 1116 a
1682 1063 1801 1115 divo
1839 1063 2073 1131 Augusto

250 1159 348 1208 lam
386 1169 517 1208 nova
554 1155 800 1220 petivisse
811 1172 825 1218 3
863 1159 913 1208 et
941 1169 1117 1220 parum
1153 1153 1204 1205 in
1233 1159 1461 1220 tempore
1497 1154 1798 1220 incipientes
1830 1154 2073 1220 principis

250 1261 400 1301 curas
417 1246 644 1318 onerari.
717 1246 770 1299 Si
809 1231 978 1298 tamen
1012 1231 1281 1298 tenderent
1312 1245 1365 1296 in
1397 1259 1525 1311 pace
1561 1249 1806 1311 temptare
1842 1259 1970 1313 quae
2011 1259 2141 1301 neno

242 1316 471 1392 ‘civilium
500 1337 702 1405 quidem
737 1337 985 1390 bellorum
1021 1338 1245 1389 victores
1274 1336 1723 1403 expostulaverint,
1770 1352 1860 1387 cur
1901 1340 2076 1388 contra

247 1444 443 1483 morem
496 1429 758 1496 obsequii,
842 1434 1019 1481 contra
1085 1429 1161 1480 fas
1217 1428 1516 1495 disciplinae
1573 1428 1675 1479 vim
1732 1427 2077 1482 meditentur?

249 1522 599 1575 Decernerent
622 1521 839 1589 legatos,
870 1536 1028 1588 seque
1065 1535 1237 1573 coram
1262 1521 1496 1575 mandata
1534 1520 1753 1577 darent.v
1801 1519 2079 1573 Adclama-

250 1628 406 1678 vere‚
443 1618 497 1666 ut
531 1613 660 1667 filius
701 1612 869 1665 Blaesi
907 1613 1136 1666 tribunus
1172 1613 1432 1681 legatione
1472 1629 1531 1666 ea
1572 1612 1898 1685 fungeretur,
1933 1616 2079 1683 pete·-

250 1710 428 1774 retque
458 1705 698 1758 militibus
735 1705 1029 1759 missionem
1065 1705 1127 1759 ab
1166 1705 1392 1759 sedecim
1431 1706 1603 1756 annis:
1656 1710 1826 1757 cetera
1863 1704 2141 1760 manda-is

251 1801 410 1862 turos,
439 1797 526 1850 ubi
552 1797 712 1866 prima
735 1797 1108 1866 provenissent.
1147 1797 1382 1851 Profecto
1409 1796 1591 1851 iuvene
1616 1796 1870 1851 modicum
1893 1796 2076 1852 otium:

369 1982 412 2025 2.
445 1979 668 2023 incolomis
697 1991 915 2035 superscr.
947 1994 977 2022 u
1007 1981 1063 2023 M.
1165 1981 1208 2023 3.
1250 1980 1471 2036 iuqulatur
1500 1981 1555 2023 M.
1655 1984 1698 2026 4.
1733 1980 1988 2023 adcelerabo
2020 1982 2077 2024 Μ.

256 2039 297 2083 5.
330 2042 478 2099 usque]
514 2040 683 2097 eiusque
715 2040 778 2081 M:
813 2040 1064 2082 emendavit
1094 2039 1352 2082 Beroaldus.
1411 2042 1656 2096 pervicatia
1686 2042 1741 2083 M.
1812 2042 1928 2082 victa
1962 2043 2077 2083 coni.

255 2097 606 2154 Bezzenberger.
700 2099 741 2141 7.
776 2099 990 2140 desideria
1021 2125 1076 2132 —
1108 2100 1292 2155 ferenda
1322 2100 1386 2151 M,
1433 2099 1511 2141 sed
1542 2102 1717 2156 utrique
1758 2114 1810 2152 a,
1845 2100 2020 2142 litterae
2051 2115 2081 2142 u

256 2156 534 2213 aliquatenus
565 2157 715 2210 simili,
756 2158 872 2200 alio
913 2164 1228 2201 atramento
1268 2158 1560 2214 superductae
1601 2167 1701 2203 sunt
1732 2159 1941 2202 lineolae.
2010 2161 2077 2208 10.
2130 2199 2137 2202 ,

257 2222 460 2273 temptare
477 2216 532 2269 M,
564 2228 652 2257 non
685 2224 804 2271 tent„
839 2223 881 2260 et
913 2219 976 2259 sic
1008 2230 1193 2274 semper.
1262 2219 1328 2262 15.
1364 2218 1421 2260 ad
1450 2218 1506 2263 M.

255 2381 336 2409 nec
374 2375 516 2410 tamen
542 2367 728 2410 ‘eisdem’
759 2370 962 2425 opimius,
1012 2371 1126 2412 male

1207 2371 1378 2413 minore
1419 2372 1464 2413 vi
1506 2384 1641 2428 agere
1684 2376 1878 2426 possent.

255 2427 450 2480 sonabat,
479 2427 672 2469 ςἱιέοῑεηιῖ.
749 2428 996 2471 Secundum
1042 2430 1127 2472 hoc

1957 2387 1994 2414 st
2024 2388 2084 2416 na

1209 2431 1445 2473 cohortium
1463 2431 1628 2474 vexilla
1645 2438 1745 2473 sunt
1763 2388 2081 2475 centuriati-3111:

256 2492 536 2541 praeceptum
585 2487 825 2533 scribamus
875 2494 950 2531 aut
995 2489 1128 2530 isdem

256 2551 332 2589 aut
362 2546 532 2598 eisdem,
563 2547 714 2595 iisdem
732 2548 971 2601 opimitatis
1004 2561 1126 2593 ama..

257 2605 422 2654 taribus
454 2606 766 2661 relinquamus.

346 2678 454 2719 quae
486 2666 605 2712 binos
629 2666 831 2709 denarios
851 2667 1124 2722 acceperint.-

258 2724 367 2771 baeo
399 2738 497 2771 cum
530 2725 751 2781 loquitur,
791 2726 973 2780 respicit
1013 2738 1126 2781 quae

256 2790 511 2840 sequuntur,
545 2799 653 2839 quae
669 2790 766 2840 post
784 2785 966 2832 sedecim
989 2799 1127 2830 annos

252 2843 477 2898 penatibus
519 2845 605 2889 suis
643 2844 903 2897 reddantur,
955 2851 1126 2899 tempus

257 2901 476 2948 missionis
494 2915 761 2957 componens
783 2916 880 2947 cum
898 2903 1126 2958 stipendiis

257 2960 362 3002 olim
383 2962 592 3016 acceptis.
642 2961 819 3016 Respici
839 2975 863 3003 a
883 2962 1126 3010 l'ercennio

257 3026 433 3062 senatus
453 3020 698 3062 consultum
726 3033 812 3076 quo
837 3023 1127 3076 praetorianis

257 3079 413 3134 viginti
462 3081 505 3121 in
546 3079 661 3123 diem
700 3092 821 3123 asses
853 3095 892 3124 a.
928 3082 1011 3126 727
1045 3082 1126 3123 de-

257 3139 365 3179 creti
397 3145 498 3179 sunt
521 3139 629 3194 (Dio
650 3139 743 3181 LIII
767 3141 861 3196 11),
894 3146 942 3182 ut
968 3141 1126 3201 opina-

258 3202 326 3239 tur
359 3196 571 3250 Orethus,
619 3212 763 3254 neque
795 3212 948 3246 verum
981 3213 1126 3256 neque

258 3256 350 3296 veri
383 3256 526 3300 simile
558 3258 746 3305 videtur.

348 3312 452 3367 Cap.
490 3315 557 3358 18.
621 3331 714 3358 eum
743 3317 971 3370 honorem,
1006 3315 1048 3357 h.
1084 3329 1125 3357 e.

257 3378 302 3413 ut
333 3387 436 3413 suae
475 3374 654 3428 leqiom's
691 3388 850 3418 nomen
892 3383 935 3418 et
979 3374 1129 3428 aquila

258 3438 500 3484 manerent,
534 3434 576 3472 in
601 3433 784 3488 reliquis
809 3436 1126 3477 omitterentur.

257 3504 347 3532 una
378 3498 463 3532 tres
486 3491 653 3545 aquilas
685 3500 725 3534 ec
742 3494 868 3547 signa
894 3493 1128 3535 cohortium

259 3549 428 3593 locant:
479 3549 523 3592 id
566 3551 734 3592 faciunt
774 3556 894 3594 metu
926 3553 1128 3607 permoti,

259 3622 315 3651 ne
355 3616 442 3652 tres
487 3609 688 3666 legiones
728 3613 773 3658 in
812 3623 890 3653 sua
927 3622 1128 3667 quaeque

262 3673 400 3713 castra
431 3669 615 3714 hiberna
645 3670 908 3714 ducerentur
955 3684 1007 3714 ac
1038 3675 1128 3713 tum

1208 2503 1252 2536 v.
1286 2490 1341 2532 ad
1371 2490 1389 2533 1
1420 2492 1493 2534 34.

1298 2548 1404 2604 Cap.
1424 2550 1492 2595 19.
1542 2550 1795 2605 pervicacia
1815 2552 1917 2595 victi
1929 2565 1942 2591 .·
1962 2563 2081 2605 per-

1208 2608 1381 2651 vicacia
1411 2609 1551 2663 ipsius
1572 2609 1720 2651 Blaesi
1753 2616 1797 2652 et
1827 2612 1864 2653 si
1898 2610 1971 2667 qui
2005 2611 2082 2652 alii

1208 2667 1383 2710 fortiter
1435 2669 1726 2722 obsisterent,
1788 2671 1930 2712 victos
1983 2682 2081 2713 esse

1207 2726 1381 2781 Lipsius
1423 2727 1544 2772 dicit.
1625 2727 1759 2770 Immo
1802 2730 2082 2785 pervicaciae

1208 2798 1368 2829 nomen
1417 2793 1503 2829 tam
1556 2786 1610 2828 ad
1660 2787 1823 2831 milites
1886 2790 2082 2831 furentes

1208 2847 1401 2900 pertinet
1443 2859 1572 2902 quam
1612 2846 1667 2888 ad
1708 2847 1913 2895 Blaesum
1957 2847 2081 2891 obsi-

1208 2911 1411 2949 stentem.
1478 2904 1660 2961 Utrique
1679 2909 1939 2960 pervicaces
1959 2913 2083 2950 erant

1210 2971 1252 3007 et
1269 2965 1492 3018 obstinati,
1521 2965 1598 3007 sed
1623 2966 1809 3010 militum
1832 2968 2083 3022 pervicacia

1208 3024 1381 3071 tandem
1423 3038 1464 3066 a·
1491 3024 1648 3068 Blaeso
1690 3027 1806 3068 victa
1848 3034 1928 3069 est.
1991 3027 2078 3068 Nos

1207 3084 1391 3127 dicimus
1447 3098 1508 3125 aa
1550 3084 1906 3141 Hartndckiqkeit
1951 3086 2081 3127 aber-

1208 3145 1379 3199 troffm.
1441 3142 1576 3190 Paulo
1598 3150 1700 3187 ante
1721 3146 1877 3187 vitium
1912 3146 2083 3198 eiusque

1207 3203 1252 3243 in
1284 3203 1324 3250 M
1358 3215 1412 3249 ex
1442 3215 1572 3256 usque
1594 3208 1739 3248 natum
1774 3210 1839 3246 est
1861 3216 1929 3256 eo,
1964 3204 2082 3257 quod

1210 3274 1263 3304 ex
1285 3267 1543 3315 sategi-esso
1571 3263 1739 3316 pectori
1759 3263 1912 3304 ultima
1936 3262 2082 3303 littera

1207 3321 1308 3362 voci
1355 3333 1486 3373 usque
1535 3320 1748 3363 adhaesit.
1831 3321 1895 3362 Ex
1934 3322 2082 3374 iusque

1209 3391 1338 3432 porro
1360 3379 1518 3419 factum
1541 3380 1723 3432 eiusque.
1790 3379 1950 3423 Contra
1970 3393 2078 3436 pec-

1210 3444 1351 3477 catum
1386 3443 1451 3477 cst
1484 3438 1499 3477 1
1540 3439 1591 3479 13
1625 3445 1732 3481 extr.

1299 3509 1376 3537 cur
1408 3521 1462 3527 —-
1494 3497 1578 3538 vim
1607 3499 1889 3541 meditentur.-
1936 3513 2075 3555 expe-

1211 3560 1374 3597 ctamus
1412 3557 1748 3611 meditaremur,
1802 3559 1879 3600 sed
1922 3559 2079 3602 fortius

1211 3620 1276 3657 est
1323 3620 1368 3656 et
1405 3617 1545 3673 magis
1586 3617 1767 3673 elegans
1807 3618 2074 3670 meditentur,

1210 3687 1264 3718 ex
1296 3674 1494 3724 oratione
1525 3683 1646 3720 recta
1689 3680 1786 3735 (cur
1826 3679 1909 3725 vim
1940 3679 2087 3725 mede&
