2280 4004
193 349 227 401 a
255 338 304 388 ο.
336 342 449 401 61.-
782 343 948 389 ιΙΒΕΡ.
978 344 1092 389 xlv.
1156 343 1263 392 cn.
1298 347 1490 392 37-38.

1935 350 2023 396 213

107 488 178 541 38
335 482 634 537 Contractus
687 485 874 538 deinde
930 487 1094 539 omnis
1147 487 1400 539 exercitus
1444 487 1536 540 sub
1569 487 1783 556 pellibus
1821 488 2022 542 habitus

191 579 271 628 est
321 575 386 628 ad
437 575 632 643 reliqua
695 576 815 628 belli
865 577 1217 643 perpetranda.
1292 578 1546 646 Auxitque
1605 580 1779 646 copias
1834 580 2025 632 Caesar

188 666 357 720 missis
398 682 463 719 ex
486 666 753 719 Germania
791 667 988 719 duobus
1025 668 1426 735 legionariorum
1465 670 1683 736 milibus,
1725 675 1841 723 octo
1872 672 2023 723 auxi-

187 758 387 811 liarium
423 759 717 810 cohortibus
755 775 815 810 ac
851 759 988 811 mille
1026 759 1275 826 equitibus
1286 777 1301 824 3
1337 771 1548 827 quorum
1585 752 1806 814 adventu
1830 763 2021 814 nonani

187 849 476 918 legionario
512 850 669 902 milite
707 850 922 916 suppleti
959 855 1089 902 sunt.
1166 851 1414 904 Cohortes
1468 852 1680 920 alaeque
1732 853 1881 905 novis
1935 853 2058 912 hi-5

186 939 476 1017 bernaculis
513 940 728 1006 locatae,
768 941 1004 1007 quodque
1035 942 1295 994 nationum
1318 943 1607 1011 ambiguum
1633 949 1718 995 aut
1746 945 2017 996 adversum

185 1032 366 1097 fuerat,
405 1031 514 1100 igni
550 1036 699 1098 atque
739 1032 878 1083 ferro
915 1038 1156 1085 vastatur.
1214 1033 1313 1086 Sed
1337 1034 1462 1085 nihil
1492 1049 1653 1100 aeque
1678 1047 1826 1101 quam
1857 1035 2018 1087 fames

187 1123 461 1192 adfligebat
504 1123 736 1175 serendis
786 1124 1017 1191 frugibus
1069 1125 1393 1190 incuriOSOS,
1449 1130 1499 1176 et
1552 1125 1688 1176 omni
1738 1130 1903 1178 aetate
1953 1126 2018 1177 ad

184 1213 388 1267 bellum·
409 1229 592 1279 versa,
649 1214 765 1265 dum
803 1219 1009 1267 nostros
1048 1220 1359 1267 commeatus
1396 1215 1494 1267 sibi
1517 1216 1801 1268 destinant.
1879 1216 2019 1269 Gen-

184 1309 364 1372 tesque
398 1305 728 1372 praeferoces
766 1305 960 1357 tardius
1001 1305 1066 1357 ad
1101 1321 1279 1372 pacem
1314 1306 1659 1371 inclinabant,
1714 1307 1831 1373 quia
1864 1308 2081 1365 Iuliusm

187 1394 530 1448 Classicianus
570 1410 842 1448 successor
865 1397 988 1448 Cato
1027 1397 1210 1449 missus
1250 1401 1299 1449 et
1326 1397 1569 1451 Suetonio
1598 1397 1798 1449 discors
1829 1398 2017 1449 bonum

183 1486 438 1554 publicum
474 1486 684 1553 privatis
720 1487 1054 1539 simultatibus
1093 1487 1427 1555 impediebat,
1472 1489 1884 1555 disperseratque
1918 1503 2018 1540 no-

183 1592 301 1630 vum
335 1577 557 1646 legatum
601 1578 964 1644 opperiendum
1002 1593 1147 1644 esse,
1196 1579 1308 1631 sine
1358 1579 1529 1631 hostili
1581 1580 1656 1631 ira
1695 1584 1746 1631 et
1781 1580 2019 1646 superbia

184 1668 397 1721 victoris
434 1668 712 1722 clementer
752 1670 936 1722 deditis
977 1670 1337 1722 consulturum.
1393 1670 1548 1723 Simul
1584 1671 1636 1721 in
1662 1671 1840 1723 urbem
1871 1685 2020 1723 man-

186 1759 367 1826 dabat,
424 1760 612 1812 nullum
660 1761 857 1827 proelio
922 1762 1072 1814 finem
1121 1767 1448 1828 expectarent
1495 1762 1593 1813 nisi
1655 1761 2080 1823 succederetur15

303 1886 342 1929 1.
375 1887 630 1944 suppellibus
660 1886 740 1931 Ma.
835 1890 877 1932 3.
912 1890 1193 1931 auxiliarium
1223 1887 1304 1942 Ma,
1337 1889 1672 1932 auoeiliariorum
1707 1889 1741 1931 G
1774 1895 1818 1932 et
1850 1888 2021 1931 Oxoni-

182 1956 326 1989 enses.
446 1948 500 1991 5.·
520 1947 670 2002 aleque
699 1945 778 1990 Ma.
871 1948 913 1992 6.
948 1949 1086 1991 locale
1117 1947 1198 1991 Ma.
1304 1950 1344 1992 7.
1379 1949 1516 1991 nichil
1548 1948 1629 1992 Ma.
1738 1949 1781 1992 8.
1816 1950 1906 2004 affl.
1945 1947 2017 1991 Or.

182 2005 226 2049 9.
257 2005 441 2048 destinat
470 2005 561 2049 Ma:
595 2006 630 2049 G
659 2007 887 2050 destinant.
976 2010 1044 2053 lo.
1076 2008 1348 2051 inclinabant
1379 2008 1543 2051 editor:
1579 2009 1755 2051 codices
1785 2008 2016 2050 inclinant.

185 2064 254 2107 11.
290 2066 450 2108 suetior
481 2064 572 2108 Ma:
606 2071 848 2109 correctum
880 2069 925 2110 in
958 2067 1005 2113 G.
1130 2070 1198 2111 12.
1227 2068 1410 2124 pribatis
1440 2068 1521 2110 Ma.
1621 2081 1775 2110 novum
1807 2079 1904 2109 corr
1933 2067 2016 2119 Ma,

180 2122 355 2166 videtur
384 2125 522 2168 fuisse
550 2139 717 2168 nouem.
805 2126 874 2169 14.
906 2127 1012 2168 urbe
1043 2125 1167 2169 GMa:
1201 2128 1392 2169 correxit
1422 2126 1674 2170 Rhenanus.
1776 2128 1843 2170 15.
1872 2125 2015 2183 prael.

182 2182 256 2230 Or.
348 2185 593 2227 succederet
625 2186 869 2227 ursuetonio
901 2184 982 2228 Ma.

178 2300 363 2360 perabat
405 2299 558 2342 eadem
598 2299 821 2341 distinctio
867 2311 945 2354 pro
977 2311 1053 2341 se·
1238 2305 1464 2355 yentesque
1495 2322 1551 2330 --
1583 2297 1876 2351 inclinabant,
1916 2300 2019 2354 quia

182 2360 346 2405 micolo
369 2359 571 2414 ponenda
592 2366 698 2401 erat.
733 2359 1053 2401 PraeivitBez-
1143 2358 1278 2401 Iulius
1317 2357 1611 2400 classicianus
1648 2382 1704 2389 —
1732 2358 2012 2414 impedi-ebat.-

185 2420 446 2475 zenberger,
479 2419 603 2460 cuius
635 2424 779 2460 tamen
822 2419 1053 2460 coniectu·
1143 2418 1258 2473 quod
1310 2416 1452 2458 adhuc
1504 2416 1735 2472 legebatur
1782 2418 2015 2472 inclinant,

183 2492 275 2522 ram
303 2479 378 2521 sed
409 2477 584 2533 difficile
621 2479 822 2534 effugium
852 2477 1055 2534 equidem

187 2551 276 2581 non
307 2549 480 2594 sequar.

269 2600 517 2654 praefectus
559 2603 800 2638 castrorum
841 2595 1054 2638 secundae

185 2657 392 2713 legionis:
413 2655 521 2698 alias
538 2654 712 2712 legatus
735 2656 929 2711 legionis
944 2654 1054 2697 haec

183 2718 303 2759 iussa
334 2715 457 2758 ducis
490 2717 744 2770 exequitur:
776 2728 893 2756 nunc
923 2727 1055 2768 prae-

184 2776 327 2818 fectus
360 2779 599 2817 castrorum
631 2774 769 2830 legati
800 2775 901 2816 vice
926 2773 1055 2815 simul

187 2835 363 2883 functus
402 2833 576 2875 videtur
610 2846 723 2875 esse.

256 2892 767 2948 quartadecumanorum:
791 2891 926 2948 vulgo
944 2891 1056 2932 scri-

185 2952 295 2994 bunt
343 2951 843 3006 quartadecimanorum,
902 2962 1056 3006 quam..

188 3023 315 3066 quam
348 3024 386 3052 c.
418 3009 477 3052 34
514 3017 670 3064 quarta
713 3009 890 3051 decuma
936 3009 1056 3065 legio

190 3072 310 3110 iuxta
321 3067 562 3111 Mcdiceum
579 3074 946 3123 repraesentatur.
972 3068 1056 3111 Sed

189 3129 319 3170 etiam
351 3127 445 3170 hoc·
467 3127 567 3169 loco
602 3127 788 3170 Medicei
821 3128 1056 3183 quartade-

190 3188 272 3229 cim
316 3185 521 3228 [anorum
563 3186 871 3229 resolvendum
916 3192 981 3228 est
1011 3187 1055 3227 in

190 3245 705 3300 quartadecumanorum:
740 3258 837 3288 nam
863 3247 1056 3300 quinque

190 3305 266 3347 illa
284 3305 475 3360 vestigia
491 3305 576 3346 im!
594 3305 760 3346 faciunt
778 3319 862 3356 um,
879 3317 965 3344 non
982 3306 1054 3345 im.

278 3361 384 3417 Cap.
424 3363 496 3405 38.
559 3364 727 3403 nonani
764 3388 818 3394 —
853 3362 1056 3417 suppleti:

189 3422 302 3462 duce
352 3421 524 3463 Ceriale
575 3425 637 3476 (c.
685 3423 766 3477 32)
820 3421 1055 3462 conflictati

187 3493 304 3521 nunc
336 3481 509 3535 quidem
543 3480 733 3534 suppleti
766 3486 881 3532 sunt,
915 3493 1057 3535 neque

188 3545 332 3581 tamen
365 3540 418 3581 ad
442 3540 600 3579 iustum
621 3539 812 3595 legionis
834 3551 1056 3579 numerum

191 3598 382 3651 expleti,
428 3605 477 3638 ut
522 3599 660 3653 liquet
712 3611 765 3639 ex
821 3599 924 3652 Agr.
974 3598 1056 3640 26:

191 3670 351 3698 noriam
384 3656 605 3712 legionem,
640 3664 684 3700 ul
715 3658 898 3701 maxime
920 3659 1058 3701 ,inca-

195 3714 347 3768 lidam,
382 3717 587 3772 adqressi.

1144 2477 1229 2519 hoc
1261 2489 1470 2531 praesens
1512 2475 1768 2518 historicum
1813 2477 2015 2533 vigorem

1143 2536 1332 2577 orationi
1381 2535 1620 2578 circumdat
1668 2547 1784 2576 nunc
1840 2536 2020 2591 quidem,

1143 2609 1231 2637 non
1274 2601 1421 2650 aptum
1462 2608 1514 2636 ac
1555 2594 1843 2650 subsequenti
1876 2595 2013 2637 verbo

1139 2655 1394 2712 impediebat
1406 2653 1520 2696 male
1535 2655 1888 2697 convenientem.
1919 2655 2015 2697 Me-

1141 2715 1212 2757 dia
1243 2713 1414 2768 syllaba
1447 2714 1608 2755 omissa
1632 2718 1714 2765 est,
1747 2712 1879 2768 idque
1908 2714 2012 2756 hinc

1141 2774 1357 2816 accidisse
1374 2771 1722 2828 credibile‚quod
1738 2773 1882 2814 scriba
1902 2772 2015 2815 salso

1143 2834 1395 2876 coniunxit:
1430 2832 1527 2873 dum
1557 2838 1726 2873 nostros
1759 2838 2014 2874 commeatus

1141 2893 1223 2934 sibi
1244 2892 1473 2943 destinant,
1496 2897 1722 2945 gentesque
1733 2892 2014 2946 praeferoces

1143 2951 1308 2993 tardius
1327 2950 1386 2991 ad
1411 2963 1565 3005 pacem
1594 2949 1824 2992 inclinant.
1877 2949 2017 2991 Iulius

1142 3008 1437 3052 classicianus
1460 3014 1716 3063 procurator
1734 3007 1934 3050 Caesaris
1961 3010 2015 3050 ad

1143 3069 1258 3111 hunc
1297 3068 1535 3110 calumnias
1565 3080 1665 3110 suas
1699 3067 1872 3120 detulit,
1906 3081 2011 3121 pro-

1141 3141 1218 3170 nas
1251 3128 1460 3182 principis
1503 3139 1631 3168 aures
1673 3132 1850 3178 nactus,
1899 3127 2014 3180 quod

1142 3188 1178 3228 is
1211 3187 1433 3228 inferioris
1455 3185 1620 3227 ordinis
1639 3184 1886 3225 hominibus
1907 3197 2013 3239 prae

1141 3245 1363 3286 nobilibus
1396 3243 1572 3285 fidebat.
1619 3243 1714 3284 Hoc
1734 3242 1921 3285 Neronis
1940 3244 2013 3284 in-

1142 3305 1319 3360 genium
1370 3303 1562 3356 apertius
1614 3313 1714 3342 mox
1767 3301 2013 3343 ostenditur

1142 3364 1195 3403 iis
1242 3374 1354 3416 quac
1394 3360 1447 3401 de
1482 3359 1697 3413 Polyclito
1730 3359 1891 3401 liberto
1936 3374 2012 3402 re..

1143 3421 1352 3462 seruntur.
1405 3420 1496 3460 Viri
1524 3430 1688 3474 graves
1731 3424 1775 3460 ct
1817 3420 1932 3459 cauti
1969 3421 2011 3459 in

1143 3478 1491 3520 administrandis
1540 3478 1780 3531 provinciis
1824 3484 2011 3519 conten-

1143 3540 1305 3579 tionem
1341 3538 1558 3578 advcrsus'
1592 3543 1896 3591 procuratores
1939 3538 2011 3579 vi-

1144 3598 1315 3638 tabant:
1353 3609 1393 3637 v.
1428 3597 1532 3651 Agr.
1572 3596 1613 3639 9.

1228 3654 1389 3696 nullum
1432 3654 1596 3710 proelio
1638 3656 1790 3708 finem:
1842 3654 2009 3710 proelio

1144 3727 1220 3769 pro
1255 3714 1375 3765 bello,
1412 3720 1455 3755 et
1487 3713 1661 3770 quidem
1692 3713 1811 3757 hello
1845 3714 1934 3756 acri
1964 3720 2007 3753 et
