2280 4004
260 263 350 317 ui

947 273 951 277 ’
980 273 985 279 “
1030 267 1322 315 AN'NALWM

1826 274 1948 318 tum
1974 268 2085 320 aus

256 404 368 466 Neo
398 404 818 473 Suillius'q‘uestu
856 410 939 463 aut
977 406 1382 473 exprobratione
1408 409 1722 477 abstinebat,
1760 416 1967 479 praeter
1997 413 2085 467 foe

259 499 451 557 sociam
491 498 642 552 animi
687 502 911 554 extrema
960 503 1169 553 senecta
1223 499 1383 566 liber,
1442 506 1494 554 et
1527 502 1774 556 Senecam
1810 504 2083 572 increpans

259 589 512 647 infensum
551 589 726 641 amicis
767 588 992 656 Claudii,
1032 591 1125 643 sub
1165 605 1263 658 quo
1303 592 1630 647 iustissimum
1669 594 1875 648 exilium
1908 601 2085 662 pertuv

257 681 416 737 iisset.

483 680 649 735 ‚Simul
670 731 673 734 .
695 682 877 736 studiis
914 683 1160 760 inertibus
1196 689 1246 737 et
1284 684 1539 738 iuvenum·
1569 686 1851 754 imperitiae
1887 691 2083 742 suetum

219 772 417 847 alivere
468 773 531 827 iis
580 774 664 842 qui
717 774 943 829 vividam
997 782 1047 835 et
1095 766 1439 845 incorruptam
1490 778 1829 847 eloquentiam
1881 780 2082 833 tuendis

258 864 454 933 civibus
497 871 812 919 exercerent.

257 957 366 1011 eius
405 957 685 1012 adulterum
723 958 899 1012 fuisse.

885 868 952 921 Se
991 874 1312 935 quaestorem
1352 869 1672 937 Germanici,
1731 871 1868 923 illum
1904 871 2084 925 domus

971 959 1055 1013 An
1091 962 1301 1029 gravius
1354 963 1721 1016 aestimandum
1761 967 1943 1030 sponte
1978 963 2085 1016 liti„

255 1050 451 1118 gateris
489 1050 763 1116 praemium
795 1051 1041 1105 honestae
1074 1068 1263 1120 operae
1301 1054 1530 1121 adsequi,
1570 1070 1717 1122 quam
1757 1069 2084 1123 corrumpere

257 1141 488 1204 cubicula
516 1142 799 1210 principum
836 1145 1174 1198 feminarum?
1246 1147 1355 1210 Qua
1392 1147 1656 1214 sapientia,
1695 1148 1876 1214 quibus
1913 1147 2084 1214 philo-

192 1246 240 1286 io
254 1233 528 1300 sophorum
555 1222 852 1302 ‘praeceptis
893 1235 1024 1288 intra
1077 1237 1463 1303 quadriennium
1498 1239 1679 1306 regiae
1713 1238 1967 1291 amicitiae
2004 1244 2084 1291 ter

254 1324 418 1377 milies
479 1326 766 1378 sestertium
825 1328 1144 1394 paravisset?
1228 1330 1422 1382 Romae
1475 1334 1773 1382 testamenta
1825 1334 1877 1382 et
1926 1329 2082 1383 orbos

252 1417 390 1470 velut
425 1418 672 1485 indagine
699 1419 808 1471 eius
838 1420 968 1486 capi,
995 1419 1186 1472 Italiam
1216 1425 1266 1472 et
1297 1412 1589 1487 provincias
1618 1422 1865 1475 immenso
1903 1421 2084 1478 fenore
2130 1468 2133 1470 .

251 1508 459 1562 hauriri.

532 1510 600 1562 At
633 1510 730 1563 sihi
767 1511 945 1563 labore
977 1512 1254 1578 quaesitam
1286 1518 1336 1564 et
1367 1512 1619 1564 modicam
1653 1513 1921 1580 pecuniam
1947 1528 2083 1567 esse.

253 1600 454 1657 Crimen
492 1602 800 1671 periculum,
861 1604 1029 1656 omnia
1066 1604 1233 1671 potius
1285 1604 1613 1656 toleraturum
1665 1620 1813 1672 quam
1855 1609 2083 1658 veterem

186 1705 235 1745 rs
251 1708 314 1747 ac
370 1694 508 1747 domi
558 1699 752 1764 partam
800 1696 1148 1768 dignationem
1202 1696 1402 1749 subitae
1462 1697 1692 1757 felicitati
1747 1697 2080 1751 submitteret.

254 1912 262 1917 ⁸
363 1866 408 1914 4.
441 1867 530 1924 inp.
551 1866 631 1917 Ma,

246 1939 378 1969 manu
409 1926 452 1967 in
485 1940 649 1970 rasura.
770 1927 815 1970 8.
849 1941 932 1971 ass.
971 1927 1042 1971 Or.

251 1988 319 2030 12.
353 1987 483 2029 uelud
514 1986 595 2030 Ma.
687 1986 790 2030 inm.
819 1986 900 2031 Ma.

765 1869 806 1912 7.
839 1868 1130 1918 extimandum
1158 1866 1253 1922 Ma,
1297 1868 1476 1912 existim.
1508 1867 1572 1912 Β.
1607 1867 1642 1910 G
1674 1868 1808 1920 eslim.
1859 1867 1914 1921 ab
1946 1866 2086 1915 altera

1147 1928 1189 1971 9.
1217 1927 1530 1984 philosoforum
1559 1926 1641 1970 Ma.

980 1992 1049 2030 14.
1083 1987 1380 2030 tolleraturum
1410 1988 1492 2030 Ma.

1750 1927 1819 1972 10
1849 1927 1968 1987 regie
1998 1922 2079 1970 Ma.

1597 1987 1666 2031 15.
1701 2001 1757 2029 ac
1787 1987 1839 2030 dc
1871 1999 1970 2031 cum
1999 1986 2078 2030 lin.

246 2058 379 2101 super
431 2045 517 2089 litt.
566 2060 589 2088 ο
638 2044 724 2100 Ma,
785 2047 892 2088 adeo
933 2047 967 2090 G
1015 2054 1058 2090 et
1100 2046 1396 2090 Oxonienses:
1454 2048 1645 2090 correxit
1686 2047 1773 2090 lac.
1818 2045 2080 2114 Gronovius.

243 2106 375 2155 subite
407 2105 489 2150 Ma.

303 2265 347 2293 se
367 2258 632 2306 quaestorem
643 2276 697 2290 ψ·-
711 2250 953 2294 adulterum
963 2252 1097 2307 fuisse
1111 2264 1122 2292 ε

248 2310 304 2367 cf.
343 2311 403 2353 IV
435 2312 507 2354 31.
573 2311 849 2357 Adulterium
883 2324 980 2352 cum
1011 2310 1123 2353 Iulia

249 2369 496 2413 Germanici
540 2370 630 2413 filia
671 2371 867 2416 Senecae
900 2370 1122 2417 obiectum

247 2436 340 2485 est;
394 2444 436 2473 v.
471 2437 619 2472 annot.
655 2430 708 2472 ad
739 2429 815 2472 XII
847 2430 890 2482 8,
925 2430 1024 2471 XIV
1050 2430 1121 2473 63.

345 2504 404 2531 an
421 2492 597 2546 yravius
619 2490 954 2532 aestimandum:
989 2490 1123 2531 aesti-

244 2550 449 2592 mandum
480 2549 595 2595 idem
623 2555 689 2591 est
712 2550 828 2605 quod
851 2550 1122 2602 censendum,

246 2621 335 2650 non
369 2610 577 2651 distincto
610 2615 753 2654 utrum
786 2608 950 2653 iudicio
984 2609 1026 2649 id
1050 2608 1124 2652 fiat

245 2681 412 2710 necne:
460 2668 788 2712 existimandum
835 2667 1045 2712 iudicium
1080 2674 1124 2710 et

246 2729 448 2783 peritiam
483 2727 751 2784 designaret,
785 2727 901 2782 quod
930 2726 1122 2770 alienum

246 2787 299 2832 ab
343 2787 428 2829 hoc
475 2786 590 2830 loce.
659 2786 970 2830 Extimandum
1020 2785 1121 2831 libri

245 2847 433 2890 Medicei
482 2848 698 2901 scriptura
744 2847 806 2887 ita
845 2852 964 2898 orta,
1015 2851 1062 2887 ut
1102 2860 1124 2888 e

245 2919 324 2962 pro
354 2920 432 2957 ae,
476 2921 506 2946 ω
538 2918 614 2960 pro
648 2921 668 2947 s
699 2906 1020 2949 scriberentur:
1071 2918 1122 2947 ac

245 2978 351 3009 sane
396 2966 561 3008 utravis
603 2965 879 3010 aberratione
922 2966 999 3006 vix
1031 2963 1123 3007 ulla

250 3024 446 3070 crebrior
481 3031 545 3066 est
579 3025 751 3068 mediae
793 3026 950 3068 aetatis
984 3023 1122 3066 libra-

244 3085 338 3130 riis.
404 3083 470 3127 Cf.
507 3099 544 3128 c.
583 3085 650 3129 17.

348 3151 413 3186 ter
458 3144 595 3187 milies
643 3143 905 3186 sestertium:
964 3154 1122 3184 census

246 3205 493 3246 senatorius
529 3203 700 3259 (decies
734 3203 1010 3258 sestertium)
1057 3207 1124 3245 est

246 3270 315 3306 ter
347 3264 517 3306 centies
550 3262 883 3316 multiplicatus.
937 3259 1003 3302 Cf.
1037 3261 1122 3303 Dio

245 3323 339 3369 Lxl
366 3324 433 3367 10.
534 3323 785 3378 provincias
816 3323 1019 3363 immenso
1051 3322 1122 3375 fe-

245 3396 352 3423 nore
387 3382 584 3423 hccicriri:
619 3381 701 3422 Dio
725 3382 902 3436 iniquus
926 3380 1122 3425 Senecae

248 3443 380 3483 iudex
431 3443 474 3482 in
523 3442 666 3482 causis
722 3440 978 3484 rebellantis
1022 3439 1122 3480 Bri-

246 3494 425 3542 tanniae
473 3501 609 3541 refert
652 3499 795 3554 (IXII
839 3503 930 3556 2),
981 3497 1049 3542 ὅτι
1100 3499 1126 3541 0‘

248 3562 455 3608 Σενέκας
489 3562 642 3617 χιλίας
690 3565 833 3618 σφίσι
877 3557 1123 3617 μυριάδας

252 3618 451 3663 ἄκουσιν
487 3622 564 3663 ἐπὶ
590 3627 818 3679 χρησταῖς
852 3620 1012 3663 ἐλπίσι
1033 3619 1122 3663 τό·-

252 3691 347 3723 mm)
385 3678 630 3731 damiam,
672 3680 809 3723 ἔ’πειῑ
852 3676 1034 3737 ἀθρόας
1076 3691 1122 3722 τε

579 2106 820 2153 submittere
853 2106 979 2152 GMa:
1013 2108 1204 2153 correxit
1232 2108 1417 2167 Lipsius.

1212 2247 1312 2309 α’μοι
1344 2246 1489 2299 αὐτὰς
1520 2251 1601 2301 καὶ
1629 2251 1793 2304 βιαίως
1823 2249 2080 2317 εἰσέπρασ-

1214 2323 1309 2363 cer.
1375 2310 1492 2351 Veia
1531 2310 1777 2365 ingentium
1829 2306 2082 2360 divitiarum

1212 2383 1314 2414 caus
1319 2382 1343 2411 a
1373 2369 1420 2411 in
1453 2368 1639 2413 Neionis
1660 2368 1857 2424 improba
1876 2368 2082 2422 cupidine

1209 2429 1473 2486 prodigendi
1507 2441 1559 2470 ac
1590 2428 1687 2481 sine
1707 2427 1836 2470 modo
1864 2427 2080 2470 donandi.

1203 2503 1246 2532 v.
1282 2488 1378 2531 XIV
1413 2487 1603 2533 52-56,

1304 2548 1418 2593 domi
1455 2554 1659 2603 partam:
1704 2545 1746 2597 h.
1789 2559 1828 2592 e.
1869 2559 1895 2592 a
1936 2551 2080 2594 semet

1204 2609 1299 2661 ipso
1324 2612 1504 2661 partam,
1538 2605 1702 2651 nullius
1723 2605 1913 2652 hominis
1936 2618 2072 2660 opera

1205 2666 1381 2710 aliunde
1414 2665 1669 2710 accedente.
1733 2663 1797 2711 Cf.
1833 2663 1905 2710 or.
1939 2665 1992 2710 9:
2035 2665 2082 2709 kt

1205 2729 1407 2781 (versus)
1432 2725 1544 2769 enim
1575 2724 1708 2769 Bassa
1742 2723 1855 2767 aona·
1884 2737 2078 2768 nascun-

1206 2793 1289 2830 tur.
1338 2785 1506 2830 Seneca
1528 2795 1635 2837 opes
1652 2795 1751 2827 suas
1778 2796 1919 2838 nuper
1937 2785 2077 2841 (iutra

1205 2844 1535 2900 quadriennium
1564 2844 1714 2898 reyiae
1756 2843 1995 2898 amicitiae)
2037 2849 2082 2888 et

1203 2904 1348 2950 subito
1381 2902 1689 2948 donationibus
1721 2903 1918 2957 accepit,
1950 2902 2078 2947 Suil-

1204 2965 1289 3006 lius
1321 2975 1399 3008 suo
1433 2963 1585 3007 labore
1619 2967 1662 3007 et
1703 2962 1908 3008 diuturna
1937 2967 2074 3022 opera

1203 3024 1434 3078 pecuniam
1465 3035 1514 3069 se
1544 3034 1722 3076 parasse
1753 3021 1950 3065 iactavit.

1295 3081 1399 3135 Cap.
1420 3083 1493 3127 43.
1545 3082 1862 3136 inquisitionem
1888 3093 2080 3125 annuam

1204 3143 1567 3197 impetraverant-⁰
1603 3139 1708 3196 quid
1731 3140 1842 3183 haec
1863 3140 2080 3194 inquisitio

1205 3201 1288 3245 sibi
1326 3200 1459 3252 velit,
1492 3213 1636 3243 rerum
1669 3200 1963 3244 Romanarum
1995 3199 2079 3243 mi-

1205 3274 1285 3302 nus
1307 3260 1436 3314 periti
1456 3259 1626 3302 discant
1652 3272 1706 3302 ex
1718 3257 1813 3302 Cic.
1832 3261 1877 3302 in
1901 3259 2080 3303 Verrem

1206 3326 1291 3362 act
1319 3320 1335 3361 1
1371 3321 1400 3363 2
1430 3319 1487 3362 6:
1528 3319 1672 3373 itaque
1715 3333 1810 3361 cum
1851 3332 1926 3374 eqo
1971 3317 2082 3364 diem

1204 3378 1454 3433 inquirendi
1503 3379 1551 3423 in
1597 3378 1754 3423 Sicilia
1799 3378 2079 3434 pcreoeiquam

1201 3437 1538 3494 postulavissent,
1571 3438 1735 3480 invenit
1764 3438 1864 3489 iste,
1896 3437 1966 3490 qui
1995 3434 2077 3477 sibi

1208 3500 1255 3539 in
1306 3498 1479 3539 Achaia
1525 3497 1648 3539 biduo
1693 3469 1926 3539 brevior’em
1968 3493 2078 3537 diem

1201 3557 1451 3612 postularet.
1458 3581 1510 3590 -—
1531 3555 1611 3597 Ille
1622 3555 1839 3596 Achaicus
1853 3553 2079 3607 inquisitor

1207 3631 1260 3658 ue
1316 3615 1603 3659 Brundusium
1660 3613 1825 3667 quidem
1865 3613 2075 3668 pervenit,

1207 3689 1282 3732 eqo
1333 3674 1531 3721 Siciliam
1586 3679 1717 3720 totam
1765 3671 2074 3731 quinquaqinta
