2280 4004
215 293 241 322 a
276 279 325 325 G.
355 280 430 326 62.
823 281 992 326 LIBER
1023 276 1117 326 XV.
1182 281 1288 326 CAP.
1324 283 1510 328 15.-17.
1942 283 2030 327 255

202 438 350 490 quam
388 424 432 475 si
469 427 612 489 terga
650 422 701 473 in
749 421 862 475 acie
897 423 1186 476 vertissent.
1265 422 1484 476 Corbulo
1544 437 1655 474 cum
1711 421 1817 475 suis
1874 420 2033 488 copiis

204 516 334 582 apud
389 516 548 581 ripam
599 515 866 581 Euphratis
917 515 1096 567 obvius
1132 531 1235 568 non
1270 532 1380 568 eam
1415 516 1638 582 speciem
1674 513 1949 582 insignium
1986 517 2035 565 et

204 621 457 658 armorum
492 607 727 672 praetulit
760 611 813 657 ut
849 606 1191 659 diversitatem
1236 608 1582 673 exprobraret.
1655 605 1834 659 Maesti
1867 604 2034 657 mani-

198 697 302 763 pasti
340 713 401 748 ac
439 699 603 749 vicem
643 698 1038 750 commilitonum
1092 698 1393 750 miserantes
1438 714 1502 750 ne
1559 696 1781 750 lacrimis
1831 695 2030 763 quidem

200 793 500 854 temperare.
575 789 672 840 Vix
707 805 830 855 prae
868 791 987 842 fletu
1027 795 1267 856 usurpata
1307 790 1657 842 consalutatio
1730 789 2074 842 Decesserat5

198 883 456 931 certamen
492 879 690 931 virtutis
727 885 776 932 et
815 880 1020 931 ambitio
1057 880 1282 948 gloriae,
1337 880 1557 932 felicium
1593 880 1850 931 hominum
1889 878 2038 932 adfe-

118 974 346 1022 1’7ctus1-
376 970 486 1022 sola
526 971 882 1023 misericordia
919 971 1137 1036 valebat,
1179 975 1228 1023 et
1261 971 1392 1037 apud
1428 971 1651 1023 minores
1677 971 1857 1038 magis.
1928 970 2033 1021 Du-

202 1075 313 1136 cnm
353 1062 487 1118 inter
526 1078 582 1114 se
618 1063 788 1114 brevis
827 1077 994 1115 sermo
1036 1068 1240 1115 secutus
1281 1067 1385 1128 est,
1440 1063 1539 1114 hoc
1575 1067 1920 1129 conquerente
1954 1061 2039 1112 in-

198 1153 347 1204 ritum
404 1153 658 1218 laborem,
712 1155 941 1220 potuisse
995 1154 1179 1205 bellum
1231 1154 1351 1221 fuga
1403 1154 1697 1205 Parthorum
1743 1154 1903 1205 finiri:
1952 1153 2038 1206 ille

198 1244 398 1312 integra
421 1246 618 1311 utrique
645 1251 822 1296 cuncta
857 1245 1122 1311 respondit
1134 1263 1148 1309 3
1190 1250 1548 1297 converterent
1585 1245 1779 1312 aquilas
1800 1250 1849 1297 et
1882 1244 2101 1296 iunctim

199 1336 500 1388 invaderent
534 1337 826 1389 Armeniam
866 1337 1113 1389 abscessu
1148 1336 1420 1404 Vologesis
1449 1336 1763 1388 infirmatam.
1827 1336 1940 1388 Non
1978 1352 2038 1388 ea

154 1410 159 1413 ⁵
199 1427 520 1494 impera-toris
559 1428 748 1480 habere
787 1429 1022 1480 mandata
1064 1428 1319 1494 Corbulo;
1355 1427 1583 1494 periculo
1613 1427 1871 1495 legionum
1897 1442 2041 1478 com-

201 1523 388 1568 motum
421 1535 448 1570 e
485 1518 750 1584 provincia
804 1534 1093 1586 egressum,
1152 1518 1354 1586 quando
1404 1519 1456 1569 in
1508 1518 1705 1570 incerto
1759 1517 2039 1570 habeantur

202 1608 494 1660 Parthorum
537 1615 765 1675 conatus,
809 1611 1004 1677 Syriam
1041 1610 1383 1677 repetiturum.
1443 1610 1527 1662 Sic
1564 1624 1764 1677 quoque
1802 1609 2037 1676 optimam

200 1691 468 1751 Fortunam
503 1700 764 1766 orandam,
802 1705 856 1751 ut
880 1700 1038 1767 pedes
1069 1701 1331 1754 confectus
1359 1701 1534 1768 spatiis
1556 1700 1790 1752 itinerum
1812 1699 2031 1753 alacrem
2057 1716 2100 1751 15

198 1795 251 1842 et
307 1791 548 1843 lacilitate
602 1807 891 1860 camporum
946 1793 1359 1859 praevenientem
1397 1793 1615 1860 equitem
1653 1792 2034 1858 adsequeretur.

200 1882 330 1933 Exin
391 1883 568 1935 Paetus
619 1899 711 1950 per
749 1884 1121 1951 Cappadociam
1161 1885 1463 1937 hibernavit.
1537 1884 1605 1937 At
1649 1883 1924 1952 Vologesis
1973 1883 2036 1935 ad

201 1973 540 2026 Corbulonem
580 1975 721 2027 missi
755 1976 933 2041 nuntii,
973 1975 1263 2028 detraheret
1305 1975 1512 2028 castella
1549 1980 1690 2029 trans
1724 1975 2030 2043 Euphraten,

200 2080 514 2132 amnemque,
551 2071 606 2116 ut
639 2065 788 2132 olim,
828 2066 1047 2118 medium
1094 2067 1302 2118 faceret.
1377 2066 1465 2118 Ille
1502 2066 1793 2119 Armeniam
1834 2079 2035 2133 quoque

202 2156 421 2209 diversis
484 2158 755 2224 praesidiis
805 2174 1017 2211 vacuam
1067 2158 1176 2211 fieri
1227 2158 1592 2225 expostulabat.
1665 2160 1728 2211 Et
1775 2162 2034 2225 postremo
2053 2178 2100 2213 20

201 2249 462 2302 concessit
492 2265 621 2315 rex3
662 2250 927 2318 dirutaque
967 2265 1097 2318 quae
1143 2250 1434 2317 Euphraten
1470 2249 1599 2302 ultra
1637 2249 2037 2302 communiverat

334 2393 376 2442 2.
420 2405 521 2455 aput
552 2397 632 2441 Ma.

203 2455 236 2499 F
756 2399 798 2443 3.
844 2401 966 2442 mesti
995 2398 1074 2443 Ma.
1197 2397 1240 2442 8.
1283 2400 1631 2455 conquerentium
1664 2396 1791 2441 GMae
1844 2397 2035 2439 correxit

238 2470 409 2500 aernus.

494 2461 561 2500 11.
595 2456 813 2514 uoloqeses
844 2456 924 2501 Ma.
1025 2458 1092 2502 14.
1125 2460 1302 2501 Suriam
1333 2458 1404 2502 Or.
1491 2460 1558 2502 15.
1591 2458 1762 2500 oranda
1784 2456 1862 2499 Ma.
1949 2457 2033 2498 ite-

202 2516 352 2559 nerum
381 2530 432 2571 pr
462 2515 542 2558 Ma.
652 2518 720 2560 17.
751 2525 873 2574 petus
903 2515 985 2560 Ma.
1093 2519 1361 2574 cappadocia
1390 2517 1472 2560 Ma.
1574 2518 1793 2574 uoloqeses
1823 2513 1904 2568 Ma,
1949 2516 2033 2559 Vo-

201 2575 339 2632 logesi
370 2575 419 2618 G.
515 2577 581 2619 18.
618 2576 845 2619 corbulone
879 2576 958 2619 Ma.
1051 2579 1123 2622 21.
1159 2579 1304 2620 diruta
1336 2592 1493 2634 queque
1525 2576 1615 2620 Ma:
1650 2577 1840 2619 correxit
1871 2574 2034 2616 Puteo-

200 2634 341 2678 lanus.
437 2636 758 2679 comminiuerat
789 2635 870 2691 Ma,
904 2638 1210 2680 comminuerat
1242 2637 1291 2693 G,
1323 2636 1589 2680 Puteolanus
1625 2636 1944 2679 communierat.

203 2779 361 2821 ritum.-
408 2779 499 2821 noli
534 2781 746 2834 suspicari
781 2794 876 2823 cnm
908 2780 1077 2824 Orellio

204 2838 345 2880 latere
402 2840 446 2880 in
495 2839 682 2881 illedicei
728 2842 1075 2895 conquerentium

205 2897 392 2939 fortasse
415 2906 696 2953 conquerente
714 2907 828 2941 tam:
851 2914 947 2942 nam
968 2901 1077 2942 illud

204 2957 292 2998 ium
312 2956 580 2998 assimilandi
603 2958 878 3001 aberratione
897 2972 951 3001 ex
969 2971 1076 3014 pro-

205 3017 322 3057 ximo
347 3017 563 3059 vocabulo
593 3019 833 3076 (iuri-tum)
853 3018 1074 3073 adhaesit3

204 3074 315 3117 niliil
346 3076 549 3130 amplius.

294 3148 382 3176 non
399 3150 452 3176 ea
474 3136 747 3193 imperatoris
768 3137 926 3180 hahere
945 3153 1073 3181 man-

207 3192 311 3237 daca
330 3195 541 3237 Corbulo.-
572 3208 642 3238 res
672 3196 765 3250 ipsa
789 3199 966 3252 ponitur
997 3211 1073 3253 pro

213 3265 260 3294 re
317 3251 576 3295 Corbulonis
627 3256 773 3298 verbis
814 3264 1073 3299 memorata:

207 3311 366 3353 habere
417 3318 484 3353 est
530 3314 770 3357 infinitivus
826 3316 1074 3358 historicus

209 3371 358 3414 Statim
395 3374 591 3427 sequitur
609 3374 747 3414 oratio
769 3374 960 3430 obliqua.
1006 3376 1078 3416 Sic

210 3436 254 3472 et
306 3431 434 3485 vigor
481 3433 740 3473 narrationis
795 3439 838 3474 et
887 3435 1076 3475 varietas

209 3495 396 3546 augetur
427 3494 471 3530 et
505 3491 696 3532 brevitas
728 3493 914 3534 iuvatur.

297 3548 489 3590 alacrem
524 3557 562 3592 et
593 3550 805 3605 facilitate
831 3564 1077 3606 camporum

209 3633 263 3642 -
280 3609 459 3663 equitem
478 3609 804 3664 adsequeretur:
826 3611 931 3651 (licit
948 3612 1075 3665 cqui-

212 3672 299 3710 tem
327 3666 604 3724 Parthorum,
639 3682 766 3725 quem
800 3670 883 3711 iam
914 3671 958 3711 in
989 3670 1075 3710 Ar-

1163 2782 1309 2824 menia
1341 2793 1526 2824 vacuum
1559 2793 1637 2835 per
1676 2778 2031 2834 Mesopotamiam

1166 2841 1293 2896 (hinc
1324 2840 1539 2897 facilitate
1572 2854 1818 2896 camporum
1843 2851 2032 2896 praeve-

1162 2901 1372 2958 nientem)
1408 2900 1461 2942 ad
1493 2899 1746 2943 inferiorem
1778 2897 2030 2953 Euphraten

1162 2959 1372 3002 festinare
1405 2960 1554 3014 ibique
1587 2966 1688 3002 ante
1723 2957 1910 3000 reditum
1952 2968 2032 2997 co-

1162 3020 1330 3073 piarum
1365 3032 1391 3060 a
1423 3018 1674 3061 Corbulone
1707 3016 1761 3059 ad
1793 3016 2032 3070 superioris

1161 3078 1397 3133 Euphratis
1429 3080 1566 3132 ripam
1605 3078 1882 3119 adductarum
1927 3085 2033 3128 pro-

1162 3139 1323 3179 vinciis
1340 3138 1544 3179 Romanis
1565 3137 1793 3177 imminere
1813 3138 2031 3187 expectat.

1163 3197 1348 3239 Fallitur
1367 3194 1633 3248 Waltherus,
1659 3196 1761 3236 item
1781 3204 1933 3234 omnes
1957 3191 2031 3247 qui

1164 3255 1274 3297 haec
1319 3255 1373 3296 de
1415 3253 1677 3296 Corbulonis
1722 3253 1872 3309 equite
1916 3251 2029 3294 dicta

1164 3315 1399 3368 accipiunt.

1252 3374 1430 3414 diversis
1449 3373 1703 3428 praesidiise
1738 3371 1911 3415 diversa
1934 3370 2030 3414 sive

1167 3432 1341 3473 hostilia
1379 3433 1594 3486 praesidia
1637 3433 1744 3475 dicit
1784 3444 1812 3473 a
1844 3430 2030 3473 diversis

1165 3491 1360 3544 partibus
1395 3490 1641 3550 (Tiridatis)
1681 3496 1830 3533 contra
1873 3487 2028 3546 Tigra-

1164 3563 1261 3590 neni
1298 3551 1514 3602 imposita.
1577 3552 1671 3593 Non
1714 3563 1819 3592 vere
1852 3550 2029 3591 diversis

1165 3610 1475 3662 interpretatur
1511 3610 1701 3653 Orellius
1741 3608 1829 3651 ‘hic
1861 3614 1905 3651 et
1935 3608 2029 3650 illic

1165 3667 1428 3710 collocatis.’
1486 3711 1488 3713 ,
