2280 4004
233 289 260 323 a
290 275 339 323 C.
370 280 488 325 37...

819 280 984 325 LIBER
1014 281 1082 324 vl.
1147 279 1254 325 ΟΛ».
1286 279 1478 328 45-46,

1962 278 2054 325 361

233 422 372 474 fesso
410 437 644 490 corpore,
684 422 966 488 consilium,
1006 423 1086 474 cui
1121 423 1280 489 impar
1322 427 1447 488 erat,
1487 422 1591 474 fato
1628 420 1870 489 permisit,
1909 420 2054 473 iactis

233 517 401 566 tamen
436 512 659 566 vocibns'
700 517 808 581 per
845 529 968 580 quas
1021 514 1406 582 intellegeretur
1461 513 1704 580 providus
1757 513 2054 565 futurorum.

232 605 459 672 Namque
495 605 739 671 Macroni,
777 620 880 656 non
916 605 1084 657 abdita
1125 606 1367 673 ambage,
1407 605 1723 656 occidentem
1759 604 1821 655 ab
1861 618 1921 655 eo
1963 603 2058 655 de·-

233 697 364 761 seri,
425 697 670 748 orientem
707 698 926 762 spectari
982 696 1322 763 exprobravit.

1413 698 1475 749 Et
1514 696 1639 748 Gaio
1680 696 1887 748 Caesari
1926 694 2057 747 sorte

233 792 346 838 orto
385 802 621 838 sermone
661 786 866 838 Lucium
901 787 1086 840 Sullam
1122 788 1388 853 inridenti,
1435 788 1609 840 'omnia
1641 787 1808 841 Sullae
1848 786 1969 837 vitia
2008 789 2096 841 ets

233 877 416 928 nullam
457 877 683 930 eiusdem
741 878 973 930 virtutem
1010 879 1292 930 habiturum
1327 879 1594 946 praedixit.

1669 877 1825 932 Simul
1864 876 2058 931 crebris

234 983 346 1019 oum
378 968 601 1020 lacrimis
639 970 886 1021 minorem
924 987 989 1022 ex
1028 970 1295 1037 nepotibus
1331 971 1642 1036 complexuS,
1681 970 1810 1022 truci
1851 968 2058 1023 alterius

231 1058 386 1124 vultu,
417 1054 648 1111 ‘occides
679 1059 812 1111 hunc
847 1058 915 1110 tu‘
953 1060 1129 1126 inquit,
1161 1058 1231 1111 ‘et
1268 1065 1318 1112 te
1349 1060 1515 1112 alius.’
1583 1060 1685 1112 Sed
1720 1063 2059 1127 gravescente

233 1150 510 1203 valitudine
547 1151 671 1202 nihil
712 1167 740 1202 e
776 1151 1070 1203 libidinibus
1114 1151 1400 1215 omittebat,
1461 1151 1807 1224 inpatientia
1848 1150 2062 1202 firmitu-

236 1241 402 1295 dinem
442 1242 711 1308 simulans,
776 1242 1057 1309 solitusque
1114 1242 1321 1295 eludere
1370 1230 1683 1294 medicorum
1739 1247 1873 1293 artes
1913 1247 2060 1308 atque
2080 1251 2127 1292 ιο

234 1347 325 1386 eos
381 1333 465 1398 qui
519 1338 635 1399 post
685 1333 994 1385 tricesimum
1054 1333 1232 1385 aetatis
1297 1349 1481 1384 annum
1538 1333 1602 1384 ad
1666 1333 2061 1385 internoscenda

236 1424 439 1489 corpori
474 1438 569 1476 suo
604 1424 746 1476 utilia
782 1424 864 1478 vel
900 1425 1056 1476 noxia
1095 1424 1247 1476 alieni
1285 1424 1485 1476 consilii
1523 1424 1829 1494 indigerent.

351 1581 395 1620 4.
434 1577 484 1620 C.
518 1578 573 1620 M.
666 1579 708 1622 5.
743 1578 793 1621 L.
827 1579 882 1621 M.

236 1699 492 1741 —invicem
521 1713 567 1741 se
591 1701 906 1757 anteponendo.
969 1702 1021 1745 9:
1053 1715 1109 1743 ne

233 1761 396 1813 samam
436 1759 602 1812 quidem
634 1784 691 1792 --·
722 1761 972 1802 ostentando
1014 1761 1109 1802 vir-

235 1824 363 1859 tutem
394 1818 614 1871 quaesivit,
647 1818 722 1860 ubi
754 1831 798 1861 v.
833 1825 981 1862 annot.
1019 1818 1108 1861 Ge-

234 1876 465 1918 rundivum
521 1890 618 1918 cum
671 1877 865 1920 ablativo
917 1879 1106 1920 nominis

235 1935 498 1977 substantivi
523 1948 620 1977 raro
656 1949 707 1978 ac
738 1949 824 1978 non
858 1939 954 1979 sine
987 1944 1108 1979 certa

237 2007 368 2036 causa
399 1993 586 2047 admisit,
619 1995 756 2037 veluti
778 1995 852 2037 XII
881 1998 964 2039 34:
997 2011 1107 2051 qen-

237 2054 340 2095 tium
397 2053 592 2095 ductores
642 2055 870 2096 circumire
921 2055 1105 2108 hortari,

236 2113 413 2165 firmare
468 2113 634 2154 animos
691 2114 920 2155 minuendo
980 2121 1106 2167 metu,

240 2170 519 2212 accendenda
549 2186 635 2227 spe,
657 2170 836 2226 aliisque
861 2170 963 2214 belli
990 2173 1107 2214 inci-

237 2229 447 2270 tamentis.
510 2230 591 2272 Hic
618 2236 836 2272 extremus
867 2243 991 2273 casus
1021 2244 1106 2286 po..

236 2287 1105 2344 stulavitntaccommodarenturpriores,

237 2360 292 2388 ne
336 2348 607 2389 concinnitas
647 2348 881 2391 verborum
923 2351 1103 2403 periret.

236 2404 350 2447 Idem
411 2405 642 2448 dicendum
702 2407 756 2449 de
802 2408 855 2450 H.
906 2408 965 2448 lv
1022 2409 1105 2455 26:

237 2463 441 2505 struenda
472 2466 582 2518 acie,
615 2467 842 2508 muniendo
874 2466 1106 2508 vallando-

236 2537 313 2578 que
355 2529 394 2564 et
443 2525 596 2565 ceteris
654 2524 754 2566 belli
797 2525 1107 2567 meditamentis

235 2581 408 2622 militem
433 2583 678 2635 firmabant.
742 2583 839 2626 xlv
871 2586 924 2627 4:
952 2599 1105 2640 prose-

236 2641 377 2693 quitur
408 2641 653 2695 abeuntem,
688 2666 744 2674 —-
774 2644 862 2685 sive
893 2642 1106 2699 explenda

234 2698 526 2753 simulatione,
573 2715 647 2742 seu
682 2702 906 2757 periturae
953 2704 1105 2744 matris

234 2771 452 2813 supremus
493 2766 688 2814 aspectus
729 2762 917 2814 quamvis
958 2775 1106 2803 verum

235 2817 422 2857 animum
468 2818 692 2861 retinebat.
781 2819 844 2860 Ibi
894 2820 1106 2875 explenda

236 2874 504 2916 simulatione
561 2889 647 2916 non
702 2883 770 2918 est
816 2877 931 2919 idem
988 2878 1104 2932 quod

236 2932 548 2975 simulationem
586 2934 783 2990 explens,
837 2936 915 2977 sed
954 2942 1021 2978 est
1053 2937 1102 2977 ob

238 2989 490 3045 explendam
509 2992 835 3037 simulationem.
869 2995 955 3036 lam
976 3007 1102 3046 unus,

239 3049 282 3088 ni
303 3048 446 3100 fallor,
473 3051 596 3092 locus
620 3058 754 3093 restat
786 3053 860 3108 qui
887 3060 1104 3109 repugnat

239 3109 454 3149 constanti
475 3109 640 3165 alioqui
665 3112 971 3153 consuetudini
991 3111 1102 3154 Cor-

238 3164 453 3218 nelianae‚
479 3167 535 3208 Vl
569 3171 651 3211 23:
675 3183 769 3210 cum
785 3184 829 3211 se
848 3171 1104 3212 miserandis

238 3221 474 3275 alimentis,
523 3227 761 3268 mandendo
806 3243 828 3269 e
872 3228 1001 3269 cubili
1035 3236 1103 3270 to-

237 3288 391 3332 mento,
429 3295 586 3323 nonum
617 3285 676 3325 ad
694 3285 804 3325 diem
836 3286 1104 3327 detinuisset:

238 3338 313 3379 sed
347 3338 462 3380 hunc
493 3340 590 3393 plus
621 3354 707 3382 uno
738 3345 913 3384 nomine
945 3356 1103 3397 suspe-

238 3402 352 3438 ctum
386 3410 484 3439 esse
516 3411 594 3439 suo
626 3399 726 3441 loco
757 3403 921 3443 monui.

309 3463 516 3511 pactoque
539 3459 802 3499 matrimonii
820 3460 1000 3500 vincire:
1021 3459 1104 3501 Dio

238 3513 327 3555 LIX
359 3514 417 3558 28
450 3520 493 3555 et
524 3516 569 3556 in
608 3515 837 3570 Excerptis
886 3520 1105 3559 consentit

241 3584 335 3613 cum
387 3572 549 3615 Tacito.
627 3572 808 3629 Culpam
875 3578 919 3618 in
953 3575 1103 3618 Gaium

242 3631 443 3674 transfert
466 3632 647 3677 Sueton.
680 3633 821 3689 Calig.
850 3635 918 3687 12,
950 3635 996 3676 in
1009 3634 1103 3679 En-

976 1580 1018 1623 7.
1053 1579 1192 1637 conpl.
1225 1580 1280 1622 M.

1371 1580 1414 1623 8.
1447 1579 1598 1636 inquid
1627 1579 1683 1623 M.

1191 1702 1306 1743 niam
1324 1701 1452 1743 Philo
1470 1701 1621 1758 Legat.
1642 1701 1695 1743 ad
1720 1700 1869 1744 Gaium
1889 1700 1931 1743 6.
1978 1700 2064 1743 Fa..

1194 1762 1358 1802 cinoris
1399 1773 1564 1815 poenas
1597 1760 1812 1802 dederunt
1845 1759 1988 1801 Ennia
2021 1766 2066 1804 et

1193 1820 1336 1872 Macro
1356 1819 1463 1862 Gaio
1485 1821 1755 1874 imperante:
1781 1819 1865 1860 Dio
1878 1817 1969 1860 LIX
1994 1821 2062 1863 10.

1283 1886 1509 1921 commotus
1539 1878 1741 1935 inqenio:
1775 1878 1819 1920 h.
1857 1892 1896 1920 e.
1931 1879 2064 1921 animi

1192 1938 1592 1993 perturbationibus
1626 1937 1843 1979 obnoxius
1877 1936 2065 1994 (leiden-

1192 1997 1457 2053 schaftlich).
1525 1998 1663 2038 Minus
1689 2001 1755 2037 est
1786 1996 1830 2037 id
1863 1996 1979 2051 quod
2011 1996 2065 2038 de

1192 2057 1436 2112 Agrippina
1463 2055 1478 2096 I
1511 2057 1569 2098 33
1601 2055 1760 2096 dicitur
1779 2054 1911 2110 paulo
1945 2069 2064 2096 com..

1192 2116 1371 2167 metior,
1434 2115 1590 2157 fortius
1643 2119 1786 2157 autem
1841 2113 1958 2169 quod
2010 2113 2065 2157 de

1194 2173 1348 2215 eodem
1393 2173 1500 2215 Gaio
1541 2173 1592 2215 H.
1640 2173 1700 2214 tv
1744 2173 1826 2215 48:
1874 2173 2065 2214 turbidus

1193 2234 1328 2274 animi
1341 2235 1596 2289 (verstorten
1610 2231 1851 2288 Gemathes)
1864 2245 1878 2272 .·
1901 2233 2065 2287 quippe

1192 2293 1230 2334 is
1272 2291 1521 2332 nominatur
1561 2290 1691 2332 Gaius
1735 2295 1836 2345 post
1874 2297 2064 2332 mentem

1192 2350 1470 2405 animumque
1527 2350 1784 2391 valetudine
1831 2349 2062 2391 turbatum.

1193 2408 1260 2451 Cf.
1278 2408 1337 2450 lv
1357 2410 1385 2451 3
1410 2409 1779 2450 Drusus—animo
1799 2410 2061 2452 commotior.

1275 2466 1381 2521 Cap.
1407 2468 1480 2510 46.
1537 2467 1677 2509 Druso
1698 2468 1889 2522 yenitus:
1920 2466 1958 2508 11
1989 2467 2062 2510 84.

1190 2526 1242 2568 Ei
1288 2539 1448 2568 nomen
1498 2532 1592 2568 erat
1641 2526 1828 2568 Tiberius
1876 2525 1929 2567 ab
1980 2538 2063 2567 avo

1191 2586 1447 2628 translatum
1480 2586 1525 2626 in
1557 2591 1779 2640 nepotem,
1817 2589 1950 2640 atque
1982 2597 2063 2626 oc-

1192 2646 1308 2686 cisus
1342 2649 1407 2686 est
1440 2657 1464 2685 a
1497 2643 1618 2686 Gaio.
1692 2643 1759 2686 Cf.
1793 2643 1877 2685 Dio
1911 2643 2001 2685 LIX
2038 2646 2059 2686 1

1191 2709 1234 2745 et
1251 2704 1294 2746 8.
1357 2703 1593 2746 Suetonius
1617 2701 1708 2745 Tib.
1737 2702 1806 2754 76,
1842 2701 1983 2758 Calig.
2010 2704 2062 2745 15

1191 2768 1235 2804 et
1269 2763 1341 2806 23.
1404 2761 1617 2816 Iosephus
1655 2762 1804 2816 Antiq.
1850 2760 1991 2802 XVIII
2035 2762 2063 2804 6

1190 2822 1235 2872 δ.
1266 2820 1295 2863 8
1331 2826 1375 2862 et
1404 2821 1446 2863 9.

1277 2878 1538 2920 occidentem
1568 2879 1621 2920 ab
1654 2894 1701 2920 eo
1735 2879 1896 2920 deseri:
1930 2892 2063 2933 repe..

1189 2938 1291 2979 tivit
1322 2937 1485 2979 dictum
1519 2938 1668 2980 Sullae
1701 2938 1753 2979 ad
1780 2937 2057 2992 Pompeium3

1191 2996 1248 3038 cf.
1269 2995 1527 3038 Plutarchus
1562 2996 1707 3051 Pomp.
1751 2996 1817 3039 14.
1883 2996 1946 3038 De
1981 2996 2063 3037 hac

1189 3054 1348 3096 Tiberii
1383 3067 1494 3096 voce
1542 3055 1671 3096 etiam
1705 3055 1788 3096 Dio
1822 3054 1954 3095 LVIII
1986 3055 2058 3096 28.

1273 3114 1459 3154 ‘occides
1490 3113 1604 3153 hunc
1637 3111 1693 3153 tu’
1725 3114 1885 3165 inquit,
1932 3112 1990 3152 ‘et
2023 3118 2061 3152 tc

1189 3170 1340 3211 alius':
1370 3170 1437 3211 his
1458 3172 1608 3223 paucis
1641 3175 1684 3211 et
1705 3171 1876 3223 tyranni
1902 3171 2060 3210 miser..

1189 3230 1286 3269 rimi
1321 3229 1558 3268 cruciatum
1584 3234 1627 3270 et
1651 3234 1892 3281 temporum
1911 3229 2061 3281 pravi-

1190 3291 1322 3326 tatem
1342 3285 1583 3327 delineavit
1606 3286 1793 3328 Tacitus.
1850 3286 2060 3327 Nimirum

1192 3357 1241 3385 ea
1275 3355 1441 3383 morum
1474 3346 1681 3385 atrocitas
1715 3344 1979 3396 invaluerat,
2014 3350 2060 3385 nt

1188 3401 1386 3442 Tiberius
1410 3403 1615 3443 continua
1647 3402 1815 3444 scelera
1850 3409 1894 3443 ct
1927 3416 2059 3457 prae-

1189 3459 1360 3501 videret
1382 3465 1424 3500 et
1444 3460 1653 3514 impedire
1681 3462 1764 3502 iam
1788 3473 1873 3501 non
1896 3468 2058 3515 posset.

1276 3519 1323 3559 in
1350 3519 1592 3573 patientia.-
1635 3518 1719 3560 hoc
1759 3525 1826 3561 est
1858 3521 1901 3560 in
1934 3519 2060 3561 malis

1190 3588 1302 3631 quae
1334 3576 1593 3631 patiebatur.
1703 3580 1774 3633 qui
1799 3585 1896 3635 post
1927 3580 2059 3621 trice-

1188 3635 1336 3677 simum
1367 3637 1521 3680 aetatis
1551 3631 2055 3693 annum—indig'yerent:
