2280 4004
21 0 93 40 Καρ
112 0 210 45 ζὙΨ
232 0 313 41 &225

18 106 110 174 ὁὶΐαι
126 119 173 177 ι’ἵ.
232 124 285 207 Ἵί
330 140 431 184 ζἰ“ῒ“

349 184 364 196 Υ

95 886 163 933 48

99 1966 170 2014 49

542 0 582 9 ν·-
587 0 612 8 ν·
718 0 776 18 ν-ιν
781 0 841 14 νὴ,
847 0 872 19 ιι.
899 0 988 19 32⁴<aeae

696 35 789 91 ζῇ
803 61 821 86 4¹
840 57 901 91 ξι(
920 33 1010 92 ‹si-'⁴³¹

407 162 473 179 γᾶς
495 157 525 179 (⁸⁴
548 164 567 177 ,ι-
597 151 708 186 Ιῖῡρρ
762 168 785 175 υ

1009 183 1023 207 ὲ

176 285 203 328 a
232 271 282 316 G.
317 275 388 317 21.

875 120 914 174 ff!
953 148 989 171 ..ε
1024 123 1055 173 κζ
1071 135 1176 169 effa-l
1212 127 1275 163 Μῖ-
1298 101 1376 171 fs,
1402 139 1409 144 ”
1434 142 1454 157 *³

753 269 917 314 LIBER
946 270 1016 316 111.
1079 270 1187 315 ΟΛ».
1220 270 1412 315 46-49.

1075 0 1352 52 W,

1336 100 1345 107 ⁵
1408 109 1416 121 Ι
1492 92 1522 126 7„
1542 79 1553 86 “
1631 86 1670 118 7¹3„

1398 115 1419 151 :a
1482 129 1543 156 idle,
1623 122 1629 130 ἠ
1640 121 1657 142 l*
1667 139 1671 146 ε

1372 164 1377 167 ,
1388 155 1404 180 j
1456 159 1459 160 ν
1545 154 1561 163 Ὗ

1380 181 1393 201 Ι

1910 271 2001 314 20¹7

177 409 518 463 adulationem
551 425 889 479 progressus,
942 410 1143 462 censuit
1176 415 1230 461 ut
1264 425 1423 463 ovans
1455 426 1484 462 e
1521 410 1791 478 Campania
1825 411 2003 463 urbem

177 503 423 555 introiret.

496 503 655 570 Igitur
690 508 897 554 secutae
929 503 1162 556 Caesaris
1200 503 1415 568 litterae,
1458 502 1646 570 quibus
1671 518 1729 556 se
1763 519 1866 556 non
1903 509 2003 556 tam

178 610 390 646 vacuum
428 593 594 661 gloria
631 594 991 659 praedicabat,
1046 598 1100 644 ut
1132 598 1246 659 post
1282 594 1629 648 ferocissimas
1668 599 1848 662 gentes
1883 610 2005 662 per-

180 685 411 750 (lomitaS,
471 688 545 735 tot
590 687 826 747 receptos
861 683 912 732 in
947 683 1151 735 iuventa
1190 688 1274 735 aut
1310 689 1511 749 spretos
1548 684 1857 752 triumphos,
1904 684 2021 736 iam'

178 777 353 828 senior
387 773 817 840 peregrinationis
866 774 1190 826 suburbanae
1226 775 1377 826 inane
1410 776 1686 841 praemium
1720 781 1931 842 peteret.

298 885 307 891 ’
341 865 443 920 Sub
480 864 613 916 idem
648 869 860 931 tempUS,
898 869 952 915 ut
984 880 1121 917 mors
1158 865 1365 931 Sulpicii
1401 866 1598 927 Quirini
1632 866 1847 933 publicis
1881 882 2007 919 exe-

179 959 308 1024 quiis
351 957 788 1023 frequentaretur,
840 956 1015 1020 petivit
1065 973 1091 1007 a
1142 962 1335 1008 senatu.

1419 958 1555 1009 Nihil
1595 958 1658 1010 ad
1696 963 1919 1010 veterem
1959 963 2008 1008 et

177 1048 436 1115 patriciam
477 1045 810 1111 Sulpiciorum
852 1046 1091 1097 familiam
1136 1047 1374 1107 Quirinus
1412 1049 1664 1113 pertinuit,
1705 1054 1846 1100 ortus
1876 1047 2007 1114 apud

177 1137 499 1203 municipium
536 1136 835 1188 Lanuvium:
888 1136 980 1188 sed
1032 1136 1246 1204 impiger
1283 1137 1490 1189 militiae
1529 1143 1579 1190 et
1613 1138 1817 1190 acribus
1857 1138 2037 1189 mini-2
2073 1136 2076 1138 ’

178 1319 404 1383 Ciliciam
452 1317 916 1371 Homonadensium
971 1318 1192 1369 castellis
1241 1319 1462 1386 insignia
1506 1319 1741 1386 triumphi
1782 1320 2009 1386 adeptus,

178 1411 424 1476 datusque
458 1414 630 1462 rector
665 1408 792 1461 Gaio
831 1409 1039 1460 Caesari
1073 1408 1367 1460 Armeniam
1422 1410 1698 1475 obtinenti,
1754 1410 2007 1462 Tiberium

179 1515 378 1568 quoque
402 1499 569 1554 Rhodi
592 1504 826 1566 agentem
849 1498 1092 1550 coluerat.

178 1593 394 1645 laudatis
432 1592 484 1643 in
523 1606 580 1644 se
618 1591 802 1643 officiis
834 1596 883 1642 et
909 1591 1139 1642 incusato
1160 1591 1333 1643 Marco
1362 1590 1542 1656 Lollio,
1583 1606 1729 1658 quem
1757 1597 2014 1643 auctorem

1147 1499 1292 1560 Quod
1320 1504 1439 1550 tunc
1465 1491 1704 1565 patefecit
1734 1500 1784 1550 in
1817 1505 2012 1564 senatu,

1998 179 2015 202 <

2020 788 2043 824 5

2037 1118 2041 1126 )

176 1228 346 1281 steriis
399 1227 710 1279 consulatum
759 1227 851 1278 sub
899 1227 1017 1278 divo
1067 1228 1329 1294 Augusto,
1388 1243 1508 1281 mox
1564 1230 1865 1296 expugnatis
1919 1244 2012 1294 per
2028 1241 2074 1277 ιο

181 1684 307 1736 Gaio
336 1682 544 1734 Caesari
578 1682 840 1749 pravitatis
860 1686 929 1761 xet
964 1681 1334 1733 discordiarum
1362 1682 1623 1748 arguebat.
1687 1682 1787 1735 Sed
1827 1682 2080 1734 ceterisis

179 1774 311 1826 haud
362 1774 493 1825 laeta
544 1775 788 1824 memoria
836 1772 1031 1834 Quirini
1083 1778 1193 1823 erat
1230 1772 1295 1823 ob
1342 1773 1563 1838 intenta,
1621 1778 1675 1823 ut
1719 1773 2015 1839 memoravi,

179 1865 397 1933 Lepidae
427 1864 652 1932 pericula
689 1863 1050 1930 sordidamque
1087 1868 1136 1916 et
1171 1868 1551 1930 praepotentem
1591 1869 1866 1916 senectam.

349 1957 472 2008 Fine
523 1955 640 2007 anni
690 1955 948 2007 Lutorium
993 1955 1218 2006 Priscum
1273 1955 1490 2020 equitem
1537 1956 1847 2021 Romanum,
1902 1957 2018 2020 post

302 2127 344 2172 6.
385 2129 559 2182 Quirini
586 2127 651 2170 M:
687 2127 800 2170 idem
832 2140 934 2169 mox
966 2129 1209 2181 Quirinius,
1258 2134 1347 2168 tum
1380 2140 1527 2169 rursus
1558 2127 1743 2179 Quirini.
1778 2127 1833 2168 cf.
1867 2130 2015 2168 annot.

185 2189 237 2230 ad
271 2191 298 2232 2
328 2188 401 2230 30.
499 2200 638 2242 eoeseq.
672 2186 744 2229 Or.

816 2186 859 2229 8.
894 2194 996 2243 aput
1026 2187 1081 2228 Μ.

1776 2187 1842 2229 12.
1880 2186 1929 2227 G.
1964 2185 2018 2227 M.

1160 2189 1227 2229 11.
1264 2187 1612 2228 onomadensium
1642 2186 1697 2228 M.

186 2255 270 2304 opt.
304 2247 359 2291 M.
426 2248 493 2292 14.
517 2246 578 2289 M.
611 2245 667 2288 Μ.
729 2245 834 2301 folio
870 2247 936 2289 M:
973 2247 1164 2289 correxit
1181 2245 1369 2299 Lipsius,
1439 2247 1506 2288 15.
1543 2246 1592 2288 G.
1619 2245 1673 2287 M.
1741 2245 1808 2288 16.
1843 2244 1947 2286 haut
1962 2243 2017 2286 M.

191 2308 258 2350 17.
293 2307 468 2364 lepedae
492 2305 546 2348 M.
614 2304 682 2347 18.
719 2305 941 2347 Lutorium
971 2305 1201 2347 editortlll
1236 2305 1475 2358 clutorium,
1508 2304 1678 2358 Lipsius
1714 2304 1762 2346 C.
1782 2303 2018 2346 Lutorium.

273 2463 467 2504 incusato
485 2461 638 2504 Marco
659 2460 797 2503 Lollio
816 2475 826 2502 z
862 2460 1059 2502 Velleius

186 2515 399 2566 11102'in
437 2533 489 2563 eo
519 2525 644 2563 notat
670 2520 839 2579 perfida
871 2527 909 2562 et
933 2520 1061 2576 plene

185 2579 348 2627 subdoli
385 2594 439 2622 ac
482 2580 643 2622 versuti
681 2580 815 2620 animi
862 2578 1059 2621 consilia.

187 2638 253 2683 Cf.
288 2639 467 2682 Sueten.
500 2638 640 2680 Tiber.
679 2639 732 2681 12
767 2644 809 2680 et
845 2640 913 2681 13.
967 2637 1060 2679 Pli-

187 2699 284 2739 nius
314 2697 371 2740 lx
403 2698 460 2740 58
502 2698 636 2755 (35):
682 2697 763 2739 hoe
809 2699 892 2753 suit
930 2711 1061 2751 quare

190 2757 250 2799 M.
270 2756 446 2808 Lollius,
466 2757 702 2811 infamatus
733 2770 879 2812 requm
908 2770 1059 2798 mune-

187 2814 303 2856 ribus
351 2816 398 2856 in
452 2821 535 2856 toto
586 2816 746 2856 oriente
766 2845 777 2866 ,
832 2816 1063 2857 interdicta

189 2874 382 2915 amicitia
426 2886 455 2913 a
503 2873 610 2915 Gaio
646 2873 835 2914 Caesare
881 2874 1064 2929 Augusti

186 2932 290 2986 filio,
309 2944 511 2973 venenum
529 2931 701 2983 biberet,
735 2939 780 2972 ut
808 2933 946 2988 neptis
974 2933 1063 2974 eius

191 2989 538 3045 quadrinqenties
559 2990 691 3031 fl--s
714 2998 863 3045 operta
892 2998 1063 3046 specta-

193 3056 313 3090 retur
342 3048 402 3090 ad
430 3047 642 3090 lucernas.
691 3047 760 3090 Ad
780 3062 878 3091 eum
898 3049 1063 3091 Horatii

193 3107 333 3149 Gai-m.
346 3107 403 3149 lv
418 3106 460 3149 9.
491 3105 639 3149 Cladis
655 3107 879 3150 Lollianae
900 3111 1063 3151 mentio

194 3166 305 3207 tacta
338 3179 362 3207 a
393 3165 539 3207 'facito
571 3166 589 3207 1
625 3168 693 3210 10.

298 3221 403 3278 Cap.
444 3224 516 3265 49.
579 3224 799 3272 Luceriam
846 3226 1066 3268 Priscum:

196 3284 230 3323 si
265 3283 450 3322 nominis
482 3281 689 3334 somam,
733 3297 844 3338 quae
882 3285 996 3326 inest
1026 3285 1063 3326 M

195 3340 484 3398 (oculorium),
540 3352 623 3380 non
670 3353 747 3394 pro
788 3342 1066 3383 aberratione

197 3399 359 3442 librarii
391 3398 561 3440 mediae
584 3401 738 3440 aetatis
769 3400 856 3454 (illi
880 3400 1068 3442 libenter

196 3473 221 3499 ι·
251 3457 545 3513 adiungebant
578 3457 630 3498 ad
662 3456 698 3509 l,
744 3463 790 3498 ut
821 3459 862 3498 in
892 3459 1066 3512 Ludwig]

196 3522 241 3558 et
265 3517 453 3571 Clodwiy
476 3520 588 3572 cet.)
623 3517 900 3569 accipiamus,
934 3517 1010 3558 sed
1043 3531 1066 3557 c

197 3585 275 3629 pro
304 3581 408 3618 nota
440 3575 732 3630 praenominis
766 3575 871 3628 Gai,
917 3581 963 3616 ut
992 3574 1067 3616 Li-

200 3635 319 3692 psius
350 3634 457 3679 fecit
486 3639 530 3678 et
559 3633 696 3694 vulgo
719 3633 781 3690 fit,
813 3633 1065 3690 habeamus,

1144 2461 1316 2503 Tacitus
1350 2460 1569 2502 insolitam
1613 2460 1697 2502 sibi
1742 2460 1815 2502 vel
1861 2460 1902 2500 in
1938 2459 2022 2500 ho-

1145 2519 1335 2561 minibus
1399 2519 1686 2561 nobilissimis
1748 2518 2023 2574 diligentiam

1144 2591 1258 2621 vano
1291 2579 1394 2620 huic
1438 2585 1480 2620 et
1522 2591 1669 2632 parum
1712 2578 1871 2620 illustri
1914 2579 2024 2619 mire

1146 2638 1372 2693 impendit,
1405 2643 1453 2678 ut
1483 2637 1622 2678 tribus
1663 2636 1910 2678 nominibus
1942 2636 2023 2677 de-

1145 2703 1318 2739 notaret
1365 2696 1437 2738 hic
1481 2703 1523 2738 et
1567 2710 1668 2737 mox
1701 2710 1738 2738 c.
1773 2696 1843 2739 50.
1906 2694 2023 2736 Idem

1149 2770 1242 2797 cum
1266 2756 1373 2797 alias
1394 2755 1612 2797 hominem
1641 2754 1831 2810 aliquem
1855 2754 2023 2797 duobus

1146 2814 1392 2855 nominibus
1445 2816 1746 2870 consignatum
1807 2812 1925 2854 dedit
1973 2826 2025 2853 ac

1146 2886 1248 2915 mox
1298 2874 1455 2915 iterum
1512 2873 1821 2915 nominandum
1877 2871 2022 2923 habet,

1148 2945 1233 2973 uno
1266 2934 1473 2985 nomine,
1517 2938 1564 2973 ut
1596 2933 1751 2984 decet,
1793 2936 2023 2973 contentus

1149 2998 1230 3033 est.
1282 2991 1423 3033 Etiam
1455 2991 1509 3033 ab
1541 2991 1623 3032 hac
1659 3003 1810 3032 norma
1841 2989 2020 3041 defecit,

1149 3052 1184 3091 si
1216 3052 1439 3105 sequimur
1468 3050 1678 3103 Lipsium,
1714 3055 1757 3091 et
1780 3050 1862 3090 erit
1881 3050 2024 3090 statim

1152 3109 1284 3150 Gaius
1317 3109 1517 3151 Luem-ius
1556 3109 1732 3163 (e.49)‚
1768 3119 1868 3147 mox
1893 3107 2026 3148 Gaius

1152 3167 1351 3209 Lutarius
1383 3167 1578 3217 Priscus,
1618 3171 1708 3205 tum
1743 3166 1826 3206 Gai
1858 3164 2026 3205 Lutorii

1154 3229 1216 3279 (e.
1251 3226 1348 3280 50).
1412 3225 1534 3275 Quae
1567 3223 1860 3264 inconstantia
1894 3222 2025 3275 plane

1152 3282 1421 3324 incredibilis
1472 3295 1567 3323 cum
1624 3282 1772 3323 'facito
1822 3280 2026 3333 imputari

1151 3341 1271 3382 nullo
1315 3340 1442 3381 modo
1495 3341 1659 3394 possit,
1717 3351 1800 3395 ego
1848 3338 1958 3379 illud
2002 3353 2027 3379 c

1152 3401 1470 3454 pronuntiantis
1514 3400 1621 3440 vitio
1656 3410 1751 3438 cum
1784 3397 1799 3438 l
1832 3399 2024 3439 iunctum

1152 3464 1305 3512 quater
1336 3457 1491 3498 sustuli
1526 3462 1569 3498 et
1600 3462 1853 3511 perpetuam
1887 3456 2023 3498 Taciti

1152 3516 1512 3558 consuetudinem
1531 3516 1767 3558 vindicavi.
1794 3513 1861 3556 Cl'.
1874 3521 2021 3557 annot.

1151 3575 1205 3617 ad
1236 3573 1333 3618 Xlll
1376 3576 1449 3618 30.
1510 3575 1639 3631 Apud
1678 3574 1863 3616 Dionem
1908 3573 2025 3618 LVII

1150 3634 1208 3680 20
1239 3639 1305 3678 est
1335 3636 1375 3680 Γ
1373 3633 1478 3687 άΐος
1500 3630 1770 3695 Λουτώριος
1786 3637 2023 3696 Πρίσκος,
