2280 4004
1487 227 1512 250 ἱ

243 251 304 295 vo
808 284 811 288 .
994 244 1291 310 >Annium
1368 249 1370 251 ·

1811 258 1867 293 a·-
1879 249 1934 296 m
1957 243 2074 312 μ’

1952 296 1959 313 .“
1986 302 2031 334 ''³‘ss
2049 318 2051 323 ’

243 394 560 459 rebellionis,
589 398 640 446 et
663 390 921 457 obsaeptis
948 389 1170 458 effugiis,
1203 389 1356 441 multa
1383 392 1434 441 et
1456 387 1597 441 clara
1622 386 1855 441 facinora
1877 386 2076 461 Q

245 487 355 549 Qua
389 500 559 553 pugna
608 483 736 533 filius
782 481 939 551 legati
976 482 1176 534 Marcus
1218 479 1452 533 Ostorius
1507 479 1696 532 servati
1748 478 1877 531 civis
1913 475 2079 548 do&

245 577 441 629 meruit.
536 573 767 626 Ceterum
805 573 951 625 clade
987 574 1252 624 Icenorum
1291 570 1558 638 compositi
1599 570 1683 637 qui
1719 569 1905 622 bellum
1941 555 2158 628 intensa

246 673 296 720 et
327 682 506 734 pacem
536 666 856 730 dubitabant3
893 670 944 718 et
971 665 1150 725 ductus
1187 664 1240 715 in
1261 664 1515 716 Decantas
1543 662 1814 716 exercitus.
1882 654 2076 717 Vastati

207 759 375 827 sagri,
417 758 643 825 praedae
677 758 867 824 passim
904 761 1208 821 actaepnon
1245 756 1383 808 ausis
1423 756 1584 807 aciem
1623 754 1873 820 hostibus,
1911 752 1996 808 vel
2026 751 2076 815 si

246 866 311 904 ex
354 849 556 902 occulto
594 864 807 916 carpere
844 864 1028 916 agmen
1063 852 1395 915 temptarent,
1445 848 1620 914 punito
1660 846 1798 898 dolo.
1871 845 2076 912 Iamque

207 990 210 993 ,
244 945 448 992 ventum
483 940 619 992 haud
662 939 842 1007 procul
878 941 1006 991 mari
1052 939 1189 1006 quod
1229 939 1525 991 Hiberniam
1576 937 1790 990 insulam
1830 939 2075 1006 aspectat,

246 1045 359 1083 cum
399 1037 543 1091 ortae
581 1031 713 1097 apud
746 1031 1018 1099 Brigantas
1069 1030 1362 1083 discordiae
1412 1035 1675 1084 retraxere
1733 1029 1940 1094 ducem,
1983 1025 2079 1095 dee

245 1123 533 1175 stinationis
573 1127 793 1188 certum,
847 1137 912 1174 ne
953 1136 1088 1174 nova
1124 1121 1387 1174 moliretur
1425 1121 1525 1173 nisi
1557 1120 1814 1188 prioribus
1850 1117 2076 1171 firmatis.

179 1214 308 1265 aoEt
341 1214 610 1282 Brigantes
655 1213 874 1280 quidem,
913 1214 1089 1280 paucis
1135 1214 1219 1280 qui
1258 1229 1396 1265 arma
1437 1212 1740 1280 coeptabant
1775 1209 2076 1275 interfectiS‚

245 1306 298 1356 in
322 1306 548 1372 reliquos
581 1306 697 1357 data
732 1306 900 1370 venia,
937 1305 1207 1358 resedere:
1246 1305 1463 1359 Silurum
1497 1320 1626 1373 gens
1653 1319 1758 1356 uon
1793 1303 2078 1366 atrocitate,

247 1411 352 1448 non
389 1397 655 1449 clementia
692 1396 1005 1461 mutabatur,
1066 1397 1186 1462 quin
1239 1394 1425 1448 bellum
1483 1400 1750 1448 exerceret
1800 1393 2082 1462 castrisque

247 1488 507 1556 legionum
545 1487 825 1554 premenda
863 1488 1012 1539 foret.
1090 1488 1145 1540 Id
1183 1502 1281 1554 quo
1314 1487 1592 1554 promptius
1619 1486 1834 1553 veniret,
1878 1485 2084 1539 colonia

364 1656 408 1700 2.
443 1654 505 1697 M.
540 1653 620 1698 Ma.

249 1715 437 1771 Canqos.
527 1715 569 1758 8.
604 1721 695 1756 orte
727 1713 808 1757 Ma.

247 1781 294 1816 ut
325 1774 518 1827 videtur,
552 1787 683 1816 manu
712 1773 796 1817 Ma.
902 1775 971 1817 10.
1008 1774 1236 1830 ceptabant
1269 1773 1384 1817 GMa.

245 1849 399 1878 rarum
431 1834 465 1877 G
485 1835 579 1891 (qui
610 1835 756 1876 statim
789 1833 996 1890 siluras):

713 1655 895 1697 servatis
925 1668 977 1710 pr
998 1653 1078 1697 Ma.
1169 1655 1213 1699 4.
1246 1655 1293 1696 in
1324 1655 1546 1697 Decantas
1578 1654 1744 1697 editors
1778 1653 1958 1696 codices
1982 1653 2084 1697 inde

902 1715 1131 1771 Brigantes
1163 1715 1337 1757 litterae
1370 1729 1392 1756 e
1424 1716 1719 1771 superscripta
1749 1727 1792 1767 a,
1826 1713 1879 1757 ab
1914 1713 2082 1768 eadem,

1481 1777 1549 1818 11.
1582 1775 1793 1818 siluarum
1825 1772 1917 1831 Ma,
1948 1773 2081 1830 Sulu-

1036 1835 1287 1877 emendavit
1318 1834 1571 1877 Rhenanus.
1667 1835 1735 1877 13.
1772 1833 1966 1891 pmemla
1998 1830 2080 1884 ΜΒ.

351 1976 458 2033 Cap.
500 1978 572 2022 32.
635 1979 683 2019 in
733 1977 982 2020 Decantas:
1039 1977 1123 2020 hoc

246 2040 424 2093 reposui
443 2039 555 2081 duce
566 2037 836 2090 Ptolemaeo,
859 2037 974 2092 apud
994 2050 1124 2093 quem

245 2097 284 2138 11
330 2098 358 2140 3
410 2099 456 2149 δ.
509 2099 564 2141 12
612 2096 846 2141 Δεκάνται
906 2102 1125 2153 tamquam

248 2152 648 2215 ἄνατολικωτεροι
678 2157 992 2210 Kal-adoritur
1028 2169 1125 2198 me-

1207 1980 1447 2037 βασίλειον
1484 1971 1571 2023 εἷλε
1605 1979 1908 2037 (Κλαύδιος).
1955 1980 2085 2036 Apud

1211 2039 1400 2080 Plinium
1435 2037 1486 2081 N.
1518 2038 1570 2080 H.
1601 2038 1717 2082 1177
1755 2040 1860 2098 (75)
1895 2044 1964 2082 est
1986 2040 2082 2082 Ga..

1209 2098 1484 2152 maldunum,
1532 2096 1830 2140 Ptolemaeum
1862 2097 1900 2140 11
1931 2101 1960 2143 3
1995 2099 2082 2142 17:

1207 2160 1372 2216 λεγίων
1405 2161 1443 2210 ξ
1485 2158 1766 2215 νικηφόρος·
1801 2154 2086 2216 Καμουνλῦ-

246 2222 484 2258 mmantur.
527 2215 769 2258 Ptolemaei
802 2223 948 2257 tamen
979 2221 1125 2258 aetate

246 2276 471 2318 Decantae
504 2277 644 2332 magis
677 2276 721 2316 in
753 2282 921 2329 partem
942 2281 1125 2330 septen-

246 2335 480 2377 trionalem
512 2335 716 2377 videntur
750 2336 1007 2384 secessisse.
1049 2335 1125 2376 Pi-

248 2394 390 2437 chena
422 2394 541 2436 dedit
571 2395 672 2436 inde
702 2396 750 2437 in
785 2395 971 2450 Canqos,
1005 2399 1052 2434 ut
1087 2408 1124 2435 c.

246 2455 304 2497 33
335 2455 440 2496 itum
481 2454 582 2495 inde
623 2454 670 2495 in
701 2454 898 2506 Siluras,
932 2453 1009 2496 sed
1052 2454 1125 2495 vel

247 2513 372 2555 locus
422 2514 545 2555 vocis
587 2513 688 2554 inde
737 2519 780 2555 et
833 2512 980 2555 addita
1023 2519 1124 2554 ante

249 2573 502 2615 coniunctio
563 2578 603 2612 et
665 2572 750 2613 hoc
811 2571 969 2613 falsum
1029 2584 1126 2614 esse

248 2631 499 2682 ostendunt,
536 2636 580 2671 et
602 2630 775 2672 Tacitus
809 2636 914 2672 tunc
934 2631 1126 2684 scriptu-

246 2703 319 2731 rus
367 2695 489 2731 erat:
531 2690 632 2730 inde
677 2690 825 2731 ductus
864 2691 911 2730 in
955 2690 1127 2745 Canyos

249 2751 493 2800 exercitus,
548 2754 596 2789 ut
652 2749 784 2803 paulo
850 2754 949 2803 post
1004 2748 1125 2790 fecit.

245 2808 587 2864 Bezzenberger
633 2815 672 2849 et
701 2809 742 2850 d.
787 2808 834 2848 in
881 2808 1124 2864 Decanyos.

247 2868 348 2910 Tam
384 2868 529 2923 Cauyi
554 2881 683 2922 quam
713 2868 913 2922 Decanqi
950 2867 1126 2909 aliunde

249 2927 365 2968 haud
406 2927 572 2982 cogniti
619 2933 733 2967 sunt.
799 2927 965 2968 Deessc
998 2940 1127 2980 posse

247 2987 620 3040 praepositionem
655 2999 708 3026 ex
732 2985 979 3040 Virgiliano
1007 2986 1125 3040 (Eel.

247 3045 266 3086 1
307 3045 387 3101 65)
438 3046 628 3086 sitientes
666 3044 817 3086 ibimus
859 3043 993 3098 Afros
1041 3058 1127 3085 non

249 3103 384 3146 facile
417 3105 645 3160 quisquam
689 3106 969 3158 persuaserit.
1034 3104 1127 3145 De-

251 3169 406 3204 cantae
439 3163 582 3205 {cenis
613 3162 785 3204 finitimi
810 3168 984 3216 praeter
1005 3162 1126 3207 Silu-

250 3235 320 3263 ras
363 3222 633 3279 principatus
680 3221 829 3264 Wales
872 3227 1039 3275 partem
1084 3228 1128 3263 et

252 3280 425 3336 quidem
458 3282 805 3335 septentrionem
842 3294 994 3323 versus
1025 3287 1127 3321 tunc

251 3339 456 3381 videntur
491 3341 725 3382 habitasse.

343 3400 413 3452 qui
444 3412 571 3440 arma
608 3400 887 3455 coeptabant:
922 3400 1039 3443 conf.
1074 3399 1125 3441 ad

252 3456 311 3498 IV
343 3457 415 3499 46.
539 3458 905 3501 Camulodunum.-
955 3465 1125 3512 captum

255 3521 347 3557 erat
389 3528 413 3558 a
456 3516 640 3558 Claudio
691 3519 786 3559 sive
833 3518 980 3573 legato
1034 3520 1128 3560 eius

253 3574 421 3615 Plautio
449 3588 488 3617 a
513 3577 585 3620 43.
619 3576 703 3618 Dio
736 3576 809 3619 LX
839 3553 1128 3621 21:1‹3Ka-

253 3633 577 3691 μουλόὸουνον
606 3633 655 3680 τὸ
680 3639 763 3679 τοῦ
783 3637 1124 3693 Κυνοβελλίγου

1211 2219 1403 2262 δουνον.
1467 2218 1516 2259 In
1550 2217 1679 2259 titulo
1713 2216 1827 2272 apud
1854 2218 2085 2261 Gruterum

1208 2291 1310 2334 pag.
1346 2277 1435 2320 439
1469 2277 1494 2319 5
1527 2277 1623 2318 sive
1666 2276 1878 2319 Orellium
1919 2290 1962 2320 n.
1997 2275 2086 2322 208

1210 2336 1554 2378 Camulodunum
1566 2350 1580 2376 .·
1594 2334 1865 2378 CENSt‘rOR
1883 2335 2086 2379 Givtvm

1207 2394 1566 2438 ROMANORVM
1624 2394 1904 2438 COLONIAE
1961 2395 2085 2438 wc..

1208 2453 1490 2497 TRIGENSIS
1529 2454 1684 2505 QVAE
1730 2454 1830 2497 EST
1858 2454 1916 2497 IN
1961 2454 2085 2497 Bm-

1206 2513 1414 2556 TANNIA
1446 2512 1832 2557 CAMALODVNI.
1890 2514 1966 2556 vis
1997 2527 2083 2556 no-

1207 2574 1336 2614 minis
1372 2573 1568 2628 oppidum
1587 2573 1758 2615 Martis.
1811 2571 2017 2616 Camulus
2036 2575 2084 2615 iu

1207 2632 1567 2686 inscriptionibus
1581 2645 1648 2685 ap.
1667 2631 1878 2673 Orellium
1892 2645 1934 2675 n.
1953 2632 2081 2677 1960.

1214 2692 1339 2734 1977.
1379 2691 1506 2733 1978.
1557 2690 1784 2746 Reliquias
1816 2692 2005 2733 nominis
2036 2693 2082 2733 iu

1209 2749 1422 2791 hodierno
1454 2750 1635 2791 Maldon
1668 2762 1804 2806 prope
1836 2750 2083 2794 Colotester

1206 2809 1472 2851 delitescere
1505 2815 1674 2863 putant.

1289 2866 1394 2923 Cap.
1427 2870 1498 2911 33.
1548 2868 1622 2910 sed
1657 2876 1743 2910 tum
1766 2876 1861 2910 astu
1892 2869 2084 2911 locorum

1208 2928 1364 2981 [raude
1396 2929 1546 2982 prior:
1577 2933 1677 2970 ante
1710 2928 1944 2971 Caratacus
1979 2941 2082 2982 prae

1210 2989 1371 3028 ceteris
1402 2987 1709 3028 Britannorum
1743 2987 2082 3042 imperatoribus

1206 3046 1391 3087 multum
1427 3047 1667 3098 excelluit,
1712 3046 1795 3087 iam
1846 3060 1952 3089 vero
1984 3059 2081 3088 cum

1209 3104 1357 3160 iegato
1401 3105 1619 3146 consulari
1676 3118 1938 3162 congressus
1986 3112 2082 3147 astu

1211 3164 1506 3205 tantummodo
1539 3166 1741 3219 superior
1773 3170 1878 3218 erat,
1911 3165 1989 3208 sed
2024 3178 2081 3207 ne

1208 3235 1262 3263 co
1306 3223 1480 3278 quidem
1526 3223 1680 3265 ducem
1718 3224 1958 3270 Romanum
2004 3236 2081 3266 su-

1208 3288 1431 3335 pei-asset,
1475 3283 1558 3323 nisi
1603 3283 1719 3323 fraus
1754 3283 1948 3325 locorum
1977 3283 2082 3341 (das

1210 3341 1473 3396 lrv'c‘qerisclte
1513 3341 1712 3397 Tei-rain)
1766 3344 1901 3396 ipsius
1937 3347 2080 3409 astum

1211 3402 1411 3442 iuvisset.
1448 3401 1598 3455 ltaque
1620 3409 1705 3443 tum
1725 3391 1954 3455 particula
1948 3398 2078 3454 prae-

1213 3467 1380 3501 sentem
1409 3458 1605 3500 Carataci
1640 3466 1794 3502 statum
1840 3467 1883 3501 et
1922 3459 2077 3500 condi-

1214 3521 1378 3561 tionem
1403 3520 1536 3573 priori
1562 3525 1849 3573 comparatam
1871 3516 2075 3558 ostendit.

1212 3579 1514 3621 Ablativorum
1537 3590 1647 3619 unus
1672 3580 1805 3634 (astu)
1830 3575 1990 3631 pendet
2023 3588 2077 3618 ex

1212 3639 1388 3680 nomine
1400 3638 1539 3693 prior,
1554 3636 1664 3678 alter
1675 3637 1884 3693 (locorum
1900 3634 2075 3692 fraude)
