2280 4004
217 276 307 322 1⁸72
988 277 1281 325 ANNALIVM
1784 293 1825 328 a.
1856 291 1902 326 u.
1933 280 2037 331 812·

175 406 181 409 ’
217 419 576 478 Pompeianosque
608 422 718 479 (17).
790 421 932 465 Motus
961 429 1116 465 senatu
1145 422 1298 465 Pedius
1329 423 1521 478 Blaesus,
1562 423 1828 479 Cyrenenses
1851 422 2048 480 pecunia>

214 494 419 537 iuvantur
458 496 568 553 (18).
673 495 835 538 Mortes
886 496 1078 539 virorum
1123 495 1379 552 illustrium,
1427 498 1608 542 Domitii
1654 497 1758 554 Asri
1807 503 1847 540 et
1895 496 2041 541 Marci

214 567 392 610 Servilii
422 569 534 626 (19).

383 639 490 696 Cap.
524 641 715 685 20—28.
778 641 930 687 Annus
960 658 990 686 a
1022 644 1125 687 Chr.
1159 645 1469 701 sexagesimus,
1501 645 1626 688 rebus
1658 646 1785 702 9estis
1817 644 1935 688 haud
1966 645 2040 686 in-

211 711 400 768 qlorius,
452 713 565 757 domi
609 714 727 756 nullo
775 717 937 773 insigni
984 709 1370 772 dehonestamento.
1449 717 1776 775 Quinquennale
1827 717 2041 760 ludicrum

210 786 375 829 Romae
405 788 654 842 institutum,
687 790 812 845 idque
845 790 898 833 ab
933 791 1033 834 aliis
1063 793 1371 849 vituperatum,
1420 793 1474 835 ab
1506 792 1607 835 aliis
1638 794 1859 849 defensum
1888 798 1930 834 et
1959 805 2040 833 ea·-

211 867 417 903 cusatum.
482 862 547 904 Ne
579 863 748 905 modica
779 865 944 919 quidem
971 865 1106 922 plebis
1137 868 1277 908 studia
1303 881 1520 910 exarsere.
1582 867 1870 922 Eloquentiae
1899 866 2041 908 victo..

210 948 302 976 rem
333 949 421 977 esse
443 936 675 978 Caesarem
700 939 1026 994 pronuntiatum
1047 941 1277 1000 (20—21).
1347 940 1552 998 Prodiqia
1582 948 1622 983 et
1653 940 1704 982 ob
1737 954 1790 982 ea
1817 939 2039 983 Rubellius

210 1005 386 1049 Plautus
417 1009 464 1050 in
499 1009 648 1051 Asiam
678 1010 886 1065 demotus3
939 1013 1054 1054 Nero
1094 1014 1217 1055 nimii
1256 1014 1379 1056 luxus
1421 1013 1619 1070 cupidine
1655 1013 1898 1070 periculum
1925 1013 2039 1057 vitae

211 1080 302 1122 adit
340 1083 452 1139 (22).
523 1083 777 1126 Corbulonis
816 1091 911 1141 post
956 1085 1095 1128 deleta
1136 1086 1356 1129 Artaxata
1401 1101 1480 1144 per
1518 1086 1772 1129 Armeniam
1814 1086 2036 1143 facinora.

217 1153 525 1210 Tigranocerta
555 1156 603 1197 in
628 1157 883 1199 deditionem
903 1166 1104 1216 accepta3
1144 1160 1361 1202 Tiridaten
1386 1166 1576 1202 extrema
1597 1159 1831 1202 Armeniae
1859 1160 2039 1202 intran-

210 1235 292 1270 tem
323 1229 409 1270 dux
441 1231 662 1273 Romanus
693 1231 885 1287 depellit,
928 1233 1105 1289 Tiyrani
1134 1235 1260 1276 misso
1294 1248 1347 1275 ex
1376 1234 1481 1276 urbe
1513 1234 1570 1275 ad
1602 1233 1914 1290 capessendum
1943 1231 2038 1289 Διε-

208 1301 376 1343 meniae
413 1302 636 1359 imperium
667 1305 799 1346 tradit
830 1319 1032 1362 regnum,
1064 1307 1154 1362 ipse
1184 1307 1232 1348 in
1258 1307 1431 1362 Syriam
1460 1307 1542 1349 sibi
1564 1307 1820 1363 permissam
1849 1305 2038 1348 abscedit

209 1377 443 1431 (23—26).
521 1378 685 1419 Eodem
726 1393 842 1420 anno
876 1379 1097 1421 Laodicea
1138 1387 1321 1422 tremore
1364 1388 1508 1422 terrae
1545 1379 1754 1437 prolapsa
1767 1394 1782 1432 ‚·
1823 1379 1872 1421 in
1905 1377 2039 1437 Italia

208 1449 389 1492 coloniis
428 1451 647 1494 nonnullis
678 1453 951 1507 subventum3
1001 1455 1174 1495 comitia
1205 1454 1436 1510 praetoria
1466 1454 1513 1495 in
1545 1453 1817 1494 ambitionem
1847 1454 1974 1495 versa
2005 1466 2034 1494 a

202 1523 403 1580 principe
435 1525 693 1580 composita3
749 1525 891 1568 Vibius
923 1526 1145 1568 Secundus
1175 1526 1508 1582 repetundarum
1539 1525 1766 1567 damnatus
1799 1525 2032 1583 (27-28).

375 1596 480 1653 Cap.
503 1598 695 1642 29—47.
743 1599 895 1641 Annus
916 1613 945 1641 a
962 1600 1065 1642 Chr.
1098 1601 1386 1656 seoeayesimus
1402 1600 1581 1656 primus,
1612 1599 1799 1642 Neronis
1824 1599 2038 1656 principis

206 1675 393 1723 octavus,
427 1671 619 1712 victoriis
641 1673 838 1728 insiqnis,
869 1672 999 1714 nullis
1022 1675 1204 1728 infectus
1225 1674 1429 1716 Caesaris
1448 1673 1693 1714 sceleribus.
1757 1672 1839 1713 Per
1855 1672 2038 1714 Britan-

201 1743 320 1784 niam
341 1743 537 1785 Suetonii
558 1744 730 1786 Paulini
762 1753 925 1802 coepta,
943 1746 1158 1803 pericula,
1190 1747 1374 1788 victoria
1396 1747 1625 1805 (29—37).
1693 1744 1824 1786 Cuius
1842 1743 2038 1786 laudibus

203 1816 411 1859 obtrectat
423 1817 715 1861 classicianus
731 1827 1006 1875 procurator,
1023 1821 1221 1862 etmissus
1236 1820 1294 1862 ad
1311 1820 1569 1862 Britanniae
1589 1826 1743 1861 statum
1761 1816 2038 1875 spectandum

202 1889 431 1946 Polyclitus
449 1891 637 1946 libertus,
655 1893 858 1936 terribilis
876 1895 977 1947 suis,
994 1900 1253 1950 contemptus
1275 1894 1550 1936 aBritannis.
1584 1894 1811 1935 Suetonius
1829 1891 1880 1933 ob
1901 1890 2037 1933 amis-

201 1976 273 2005 sas
298 1978 465 2021 paucas
493 1980 625 2008 naves
655 1975 879 2010 revocatus
899 1969 1131 2010 exercitum
1158 1968 1291 2010 tradit
1309 1967 1508 2009 Petronio
1534 1967 1779 2024 Turpiliano
1803 1967 2033 2025 (38—39).

201 2037 366 2080 Eodem
397 2053 513 2081 ann-o
539 2042 702 2084 Romae
733 2042 924 2097 insiqnia
953 2042 1121 2084 scelera
1152 2041 1353 2095 admissa,
1387 2041 1571 2084 alterum
1602 2041 1791 2084 audacia
1820 2042 2034 2084 senatoris

206 2112 266 2168 (ei
295 2126 449 2154 nomen
483 2114 677 2156 Valerius
711 2115 962 2173 Fabianus),
995 2115 1152 2171 falsum
1186 2122 1480 2157 testamentum
1514 2129 1608 2156 cum
1640 2115 1822 2157 consciis
1845 2115 2033 2157 Domitio

203 2185 337 2228 Balbo
370 2187 580 2230 subiicere
612 2191 840 2242 tentantis,
875 2190 1057 2232 alterum
1088 2189 1318 2231 admissum
1349 2203 1378 2229 a
1407 2203 1556 2242 servo,
1609 2189 1680 2244 qui
1711 2189 1868 2238 occidit
1891 2202 2030 2247 prae-

198 2263 358 2317 fectum
387 2261 504 2303 urbis
536 2261 772 2305 Pedanium
802 2263 1069 2317 Secundum,·
1111 2262 1283 2319 familia
1314 2264 1449 2304 omnis
1482 2277 1589 2318 quae
1631 2263 1705 2305 sub
1739 2262 1884 2305 eodem
1917 2269 2026 2306 tecto

198 2335 510 2377 mansitaverat
541 2336 598 2377 acl
618 2336 871 2393 supplicium
896 2337 1025 2380 ducta
1049 2344 1146 2394 post
1178 2337 1369 2378 diversas
1400 2337 1447 2377 in
1476 2343 1630 2378 senatu
1651 2350 1781 2392 super
1813 2350 1867 2379 ea
1890 2350 2038 2394 poena

199 2410 431 2451 sententias
456 2416 496 2451 et
513 2409 648 2466 plebis
670 2411 816 2453 turbas
837 2412 1067 2470 (40-45).
1120 2411 1259 2453 Isdem
1279 2409 1520 2452 consulibus
1547 2410 1774 2452 damnatus
1796 2410 2039 2466 Tarquitius

200 2482 384 2536 Priscus,
419 2497 569 2525 census
598 2498 679 2540 per
714 2484 879 2527 Gallias
910 2485 1012 2538 acti,
1045 2491 1234 2526 mortuus
1267 2485 1491 2526 Memmius
1522 2483 1713 2540 Regulus
1745 2485 1976 2542 (46—47).

367 2557 472 2612 Cap.
506 2558 696 2600 48—65.
761 2558 882 2599 Anni
914 2573 942 2599 a
976 2559 1078 2601 Chr.
1128 2559 1386 2614 sexagesimi
1432 2557 1633 2611 secundi,
1690 2558 1761 2612 qui
1801 2563 1862 2600 est
1899 2570 2038 2602 nonus

200 2627 388 2670 Neronis
411 2629 637 2682 Caesaris,
672 2630 729 2670 acl
756 2630 923 2671 scelera
956 2637 994 2671 et
1024 2631 1191 2685 [layitia
1217 2631 1534 2686 prorumpentis
1565 2630 1734 2684 iamque
1764 2643 1839 2672 suo
1873 2637 2038 2673 tantum

197 2703 371 2757 ingenio
403 2703 574 2755 utentis,
605 2716 674 2744 res
695 2703 965 2745 domesticae.
1030 2705 1275 2746 Revocatur
1307 2703 1377 2744 lex
1395 2704 1631 2745 maiestatis
1663 2710 1788 2758 atque
1811 2710 2038 2746 exercetur

198 2777 246 2818 in
281 2776 512 2818 Antistium
555 2784 827 2833 praetorem,
880 2777 930 2818 ob
976 2778 1179 2832 factitata
1217 2778 1264 2819 in
1298 2777 1541 2833 principem
1584 2777 1784 2818 carmina
1834 2776 2034 2831 delatum,

200 2849 271 2905 qui
307 2848 520 2890 Thraseae
554 2849 750 2891 libertate
790 2850 1042 2906 supplicium
1076 2849 1243 2902 evadit,
1289 2850 1337 2890 in
1368 2848 1555 2891 insulam
1585 2849 1766 2891 mittitur
1799 2849 2033 2908 (48—49).

198 2922 328 2965 Haud
359 2922 523 2978 dispari
555 2923 734 2964 crimine
766 2923 936 2965 Veiento
963 2922 1097 2965 Italia
1122 2923 1317 2979 depulsus
1342 2924 1452 2981 (50).
1519 2922 1685 2965 Burrus
1706 2924 1795 2965 vita
1825 2923 2035 2977 concedit,

198 2995 433 3039 valitudine
458 3009 517 3037 an
534 3009 698 3037 veneno
716 2998 950 3049 incertum,-
961 2997 1196 3053 praetoriis
1218 2997 1461 3038 cohortibus
1481 2997 1668 3052 impositi
1680 2996 1866 3039 Faenius
1877 2997 2034 3052 Rufus,

199 3070 267 3112 vir
297 3069 498 3111 militaris
534 3076 574 3110 et
605 3069 761 3122 bonus,
812 3070 1016 3124 Sofonius
1054 3069 1304 3125 Tiqellinus,
1355 3069 1607 3110 deterrimus
1637 3070 1885 3112 mortalium
1915 3071 2032 3129 (51).

199 3145 332 3187 Burri
362 3158 476 3185 mors
501 3145 693 3186 Senecae
720 3147 957 3200 potentiam
987 3144 1191 3199 insreyit5
1224 3143 1260 3184 is
1292 3150 1451 3198 tempus
1483 3144 1671 3185 sermoni
1703 3150 1816 3198 orat,
1853 3144 2035 3199 quietem

194 3219 322 3276 petit,
364 3221 489 3274 fenus
522 3226 561 3260 et
594 3218 719 3260 villas
760 3231 788 3259 a
822 3217 995 3259 Nerone
1039 3217 1148 3258 dono
1182 3223 1382 3273 acceptas
1415 3216 1674 3259 redditurus.
1738 3217 1820 3270 Qui
1850 3217 2035 3265 modeste

198 3300 353 3348 negat5
397 3293 566 3334 Seneca
592 3292 790 3349 prohibet
823 3298 964 3333 coetus
1005 3290 1307 3343 salutantium,
1351 3290 1458 3331 vitat
1501 3291 1776 3344 comitantes,
1827 3304 1958 3334 rarus
1986 3292 2036 3333 in

132 3351 135 3354 ‚
198 3366 303 3408 urbe
337 3368 566 3424 (52—56).
634 3366 779 3407 Etiam
810 3366 996 3406 Faenius
1027 3365 1294 3415 imminutuS,
1342 3363 1531 3406 validior
1570 3365 1619 3405 in
1662 3364 1750 3406 dies
1788 3363 2030 3420 Tiyellinus‚

201 3440 272 3494 qui
302 3446 433 3480 metus
471 3440 684 3496 principis
725 3440 906 3481 rimatus
938 3438 1088 3479 Plauto
1133 3444 1172 3479 et
1202 3436 1354 3479 Sullae
1395 3438 1634 3494 perniciem
1672 3438 1810 3480 struit.
1875 3435 2031 3489 Quibus

201 3512 376 3554 sublatis
416 3512 530 3554 Nero
572 3513 743 3569 nuptias
783 3513 1007 3569 Poppaeae
1054 3517 1187 3567 parat
1229 3517 1454 3552 maturare
1506 3517 1543 3552 et
1596 3510 1767 3551 amoliri
1810 3509 2031 3550 Octaviam

203 3587 424 3641 coniugem
455 3588 683 3643 (57—59).
747 3587 1020 3629 Exturbatur
1053 3586 1255 3638 Octavia,
1301 3599 1401 3627 mox
1438 3585 1672 3640 instiyante
1703 3581 1903 3637 Poppaea
1932 3592 2028 3622 ser-

203 3657 299 3700 vilis
331 3661 489 3700 amoris
524 3666 781 3704 accusatur.
828 3661 872 3701 in
909 3659 1192 3715 Campaniam
1230 3657 1418 3714 pellitur.
1489 3658 1594 3698 Inde
1628 3656 1676 3696 ob
1711 3654 1882 3696 crebros
1916 3652 2032 3709 vulqi
