<?xml version="1.0" encoding="UTF-8"?>
<!DOCTYPE html PUBLIC "-//W3C//DTD XHTML 1.0 Transitional//EN"
    "http://www.w3.org/TR/xhtml1/DTD/xhtml1-transitional.dtd">
<html xmlns="http://www.w3.org/1999/xhtml" xml:lang="en" lang="en">
 <head>
  <title>
</title>
<meta http-equiv="Content-Type" content="text/html;charset=utf-8" />
  <meta name='ocr-system' content='tesseract 3.04.00' />
  <meta name='ocr-capabilities' content='ocr_page ocr_carea ocr_par ocr_line ocrx_word'/>
</head>
<body>
  <div class='ocr_page' id='page_1' title='image "./operaadcodicesan01taciuoft_0155.png"; bbox 0 0 2280 4004; ppageno 0'>
   <div class='ocr_carea' id='block_1_1' title="bbox 184 285 2008 335">
    <p class='ocr_par' dir='ltr' id='par_1_1' title="bbox 184 285 2008 335">
     <span class='ocr_line' id='line_1_1' title="bbox 184 285 2008 335; baseline -0.005 0"><span class='ocrx_word' id='word_1_1' title='bbox 184 303 210 335; x_wconf 78' lang='lat' dir='ltr'>a</span> <span class='ocrx_word' id='word_1_2' title='bbox 241 290 289 335; x_wconf 90' lang='lat' dir='ltr'>C.</span> <span class='ocrx_word' id='word_1_3' title='bbox 325 292 395 335; x_wconf 87' lang='grc'>15.</span> <span class='ocrx_word' id='word_1_4' title='bbox 798 287 963 331; x_wconf 89' lang='lat' dir='ltr'>LIBER</span> <span class='ocrx_word' id='word_1_5' title='bbox 991 285 1024 330; x_wconf 92' lang='lat'>1.</span> <span class='ocrx_word' id='word_1_6' title='bbox 1060 286 1166 330; x_wconf 68' lang='lat' dir='ltr'>CAP.</span> <span class='ocrx_word' id='word_1_7' title='bbox 1201 287 1390 332; x_wconf 90' lang='grc'>72-74.</span> <span class='ocrx_word' id='word_1_8' title='bbox 1948 287 2008 333; x_wconf 74' lang='grc'>’77</span> 
     </span>
    </p>
   </div>
   <div class='ocr_carea' id='block_1_2' title="bbox 102 429 2077 1320">
    <p class='ocr_par' dir='ltr' id='par_1_2' title="bbox 102 429 2077 1320">
     <span class='ocr_line' id='line_1_2' title="bbox 183 429 2007 500; baseline -0.004 -13"><span class='ocrx_word' id='word_1_9' title='bbox 183 436 306 487; x_wconf 91' lang='lat' dir='ltr'>mini</span> <span class='ocrx_word' id='word_1_10' title='bbox 355 435 568 488; x_wconf 89' lang='lat' dir='ltr'>dabatur</span> <span class='ocrx_word' id='word_1_11' title='bbox 614 434 854 486; x_wconf 89' lang='lat' dir='ltr'>violatum</span> <span class='ocrx_word' id='word_1_12' title='bbox 894 433 1118 500; x_wconf 91' lang='lat' dir='ltr'>periurio</span> <span class='ocrx_word' id='word_1_13' title='bbox 1174 446 1359 483; x_wconf 91' lang='lat' dir='ltr'>numen</span> <span class='ocrx_word' id='word_1_14' title='bbox 1393 429 1628 498; x_wconf 82' lang='lat' dir='ltr'><strong>Augusti.</strong></span> <span class='ocrx_word' id='word_1_15' title='bbox 1730 430 1870 491; x_wconf 84' lang='lat' dir='ltr'><strong>Quae</strong></span> <span class='ocrx_word' id='word_1_16' title='bbox 1921 429 2007 481; x_wconf 89' lang='lat' dir='ltr'>ubi</span> 
     </span>
     <span class='ocr_line' id='line_1_3' title="bbox 184 521 2009 592; baseline -0.004 -12"><span class='ocrx_word' id='word_1_17' title='bbox 184 529 388 580; x_wconf 85' lang='lat' dir='ltr'>Tiberio</span> <span class='ocrx_word' id='word_1_18' title='bbox 425 533 665 592; x_wconf 76' lang='lat' dir='ltr'>noluere,</span> <span class='ocrx_word' id='word_1_19' title='bbox 710 525 915 592; x_wconf 83' lang='lat' dir='ltr'><strong>scripsit</strong></span> <span class='ocrx_word' id='word_1_20' title='bbox 953 523 1244 576; x_wconf 90' lang='lat' dir='ltr'>consulibus</span> <span class='ocrx_word' id='word_1_21' title='bbox 1283 538 1387 574; x_wconf 94' lang='lat' dir='ltr'>non</span> <span class='ocrx_word' id='word_1_22' title='bbox 1423 522 1540 574; x_wconf 92' lang='lat' dir='ltr'>ideo</span> <span class='ocrx_word' id='word_1_23' title='bbox 1579 521 1838 574; x_wconf 90' lang='lat' dir='ltr'>decretum</span> <span class='ocrx_word' id='word_1_24' title='bbox 1877 521 2009 588; x_wconf 90' lang='lat' dir='ltr'>patri</span> 
     </span>
     <span class='ocr_line' id='line_1_4' title="bbox 186 614 2006 684; baseline -0.003 -12"><span class='ocrx_word' id='word_1_25' title='bbox 186 635 278 672; x_wconf 90' lang='lat' dir='ltr'>suo</span> <span class='ocrx_word' id='word_1_26' title='bbox 335 620 554 684; x_wconf 88' lang='lat' dir='ltr'>caelum,</span> <span class='ocrx_word' id='word_1_27' title='bbox 632 623 686 668; x_wconf 91' lang='lat' dir='ltr'>ut</span> <span class='ocrx_word' id='word_1_28' title='bbox 739 618 792 667; x_wconf 92' lang='lat' dir='ltr'>in</span> <span class='ocrx_word' id='word_1_29' title='bbox 835 617 1112 683; x_wconf 91' lang='lat' dir='ltr'>perniciem</span> <span class='ocrx_word' id='word_1_30' title='bbox 1164 615 1348 667; x_wconf 88' lang='lat' dir='ltr'>civium</span> <span class='ocrx_word' id='word_1_31' title='bbox 1405 615 1449 667; x_wconf 92' lang='lat' dir='ltr'>is</span> <span class='ocrx_word' id='word_1_32' title='bbox 1497 614 1665 666; x_wconf 92' lang='lat' dir='ltr'>honor</span> <span class='ocrx_word' id='word_1_33' title='bbox 1705 619 2006 667; x_wconf 87' lang='lat' dir='ltr'>verteretur.</span> 
     </span>
     <span class='ocr_line' id='line_1_5' title="bbox 186 705 2010 762; baseline -0.003 0"><span class='ocrx_word' id='word_1_34' title='bbox 186 711 415 762; x_wconf 87' lang='lat' dir='ltr'>Cassium</span> <span class='ocrx_word' id='word_1_35' title='bbox 438 709 734 760; x_wconf 87' lang='lat' dir='ltr'>histrionem</span> <span class='ocrx_word' id='word_1_36' title='bbox 777 707 978 758; x_wconf 89' lang='lat' dir='ltr'>solitum</span> <span class='ocrx_word' id='word_1_37' title='bbox 1007 707 1141 758; x_wconf 90' lang='lat' dir='ltr'>inter</span> <span class='ocrx_word' id='word_1_38' title='bbox 1165 706 1294 758; x_wconf 91' lang='lat' dir='ltr'>alios</span> <span class='ocrx_word' id='word_1_39' title='bbox 1334 705 1561 757; x_wconf 91' lang='lat' dir='ltr'>eiusdem</span> <span class='ocrx_word' id='word_1_40' title='bbox 1600 705 1723 756; x_wconf 88' lang='lat' dir='ltr'>artis</span> <span class='ocrx_word' id='word_1_41' title='bbox 1760 705 2010 757; x_wconf 90' lang='lat' dir='ltr'>interesse</span> 
     </span>
     <span class='ocr_line' id='line_1_6' title="bbox 185 797 2050 873; baseline -0.003 -21"><span class='ocrx_word' id='word_1_42' title='bbox 185 801 318 873; x_wconf 72' lang='lat' dir='ltr'>ludis</span> <span class='ocrx_word' id='word_1_43' title='bbox 358 814 485 866; x_wconf 91' lang='lat' dir='ltr'>quos</span> <span class='ocrx_word' id='word_1_44' title='bbox 534 804 694 850; x_wconf 91' lang='lat' dir='ltr'>mater</span> <span class='ocrx_word' id='word_1_45' title='bbox 746 813 837 850; x_wconf 87' lang='lat' dir='ltr'>sua</span> <span class='ocrx_word' id='word_1_46' title='bbox 884 799 938 848; x_wconf 91' lang='lat' dir='ltr'>in</span> <span class='ocrx_word' id='word_1_47' title='bbox 984 797 1280 850; x_wconf 85' lang='lat' dir='ltr'><strong>memoriam</strong></span> <span class='ocrx_word' id='word_1_48' title='bbox 1314 797 1531 864; x_wconf 83' lang='lat' dir='ltr'><strong>Augusti</strong></span> <span class='ocrx_word' id='word_1_49' title='bbox 1578 801 1856 860; x_wconf 82' lang='lat' dir='ltr'>sacrasset3</span> <span class='ocrx_word' id='word_1_50' title='bbox 1912 811 2050 852; x_wconf 72' lang='lat' dir='ltr'>neos</span> 
     </span>
     <span class='ocr_line' id='line_1_7' title="bbox 188 886 2011 956; baseline -0.003 -14"><span class='ocrx_word' id='word_1_51' title='bbox 188 895 364 943; x_wconf 91' lang='lat' dir='ltr'>contra</span> <span class='ocrx_word' id='word_1_52' title='bbox 402 889 684 956; x_wconf 83' lang='lat' dir='ltr'>religiones</span> <span class='ocrx_word' id='word_1_53' title='bbox 722 889 831 940; x_wconf 88' lang='lat' dir='ltr'>fieri</span> <span class='ocrx_word' id='word_1_54' title='bbox 882 889 1016 955; x_wconf 93' lang='lat' dir='ltr'>quod</span> <span class='ocrx_word' id='word_1_55' title='bbox 1073 888 1269 955; x_wconf 84' lang='lat' dir='ltr'>effigies</span> <span class='ocrx_word' id='word_1_56' title='bbox 1315 887 1454 952; x_wconf 81' lang='lat' dir='ltr'>eiuS,</span> <span class='ocrx_word' id='word_1_57' title='bbox 1510 892 1564 938; x_wconf 89' lang='lat' dir='ltr'>ut</span> <span class='ocrx_word' id='word_1_58' title='bbox 1612 887 1709 938; x_wconf 86' lang='lat' dir='ltr'>alia</span> <span class='ocrx_word' id='word_1_59' title='bbox 1754 886 2011 938; x_wconf 91' lang='lat' dir='ltr'>numinum</span> 
     </span>
     <span class='ocr_line' id='line_1_8' title="bbox 185 971 2010 1046; baseline -0.002 -13"><span class='ocrx_word' id='word_1_60' title='bbox 185 971 483 1046; x_wconf 81' lang='lat' dir='ltr'>simulacra,</span> <span class='ocrx_word' id='word_1_61' title='bbox 553 980 933 1031; x_wconf 83' lang='lat' dir='ltr'>venditionibus</span> <span class='ocrx_word' id='word_1_62' title='bbox 985 980 1247 1030; x_wconf 90' lang='lat' dir='ltr'>hortorum</span> <span class='ocrx_word' id='word_1_63' title='bbox 1317 983 1365 1030; x_wconf 93' lang='lat' dir='ltr'>et</span> <span class='ocrx_word' id='word_1_64' title='bbox 1436 978 1672 1029; x_wconf 92' lang='lat' dir='ltr'><strong>domuum</strong></span> <span class='ocrx_word' id='word_1_65' title='bbox 1746 977 2010 1030; x_wconf 76' lang='lat' dir='ltr'>accedant.</span> 
     </span>
     <span class='ocr_line' id='line_1_9' title="bbox 186 1069 2011 1137; baseline -0.002 -13"><span class='ocrx_word' id='word_1_66' title='bbox 186 1074 282 1125; x_wconf 80' lang='lat' dir='ltr'>Ius‘</span> <span class='ocrx_word' id='word_1_67' title='bbox 303 1071 568 1123; x_wconf 88' lang='lat' dir='ltr'>iurandum</span> <span class='ocrx_word' id='word_1_68' title='bbox 604 1071 818 1137; x_wconf 86' lang='lat' dir='ltr'>perinde</span> <span class='ocrx_word' id='word_1_69' title='bbox 842 1070 1206 1122; x_wconf 88' lang='lat' dir='ltr'>aestimandum</span> <span class='ocrx_word' id='word_1_70' title='bbox 1244 1085 1391 1135; x_wconf 89' lang='lat' dir='ltr'>quam</span> <span class='ocrx_word' id='word_1_71' title='bbox 1429 1070 1472 1119; x_wconf 92' lang='lat' dir='ltr'>si</span> <span class='ocrx_word' id='word_1_72' title='bbox 1509 1070 1680 1120; x_wconf 89' lang='lat' dir='ltr'>Iovem</span> <span class='ocrx_word' id='word_1_73' title='bbox 1718 1069 2011 1122; x_wconf 82' lang='lat' dir='ltr'>fefellisset:</span> 
     </span>
     <span class='ocr_line' id='line_1_10' title="bbox 102 1159 2016 1226; baseline -0.002 -12"><span class='ocrx_word' id='word_1_74' title='bbox 102 1163 396 1215; x_wconf 70' lang='lat' dir='ltr'>udeorum</span> <span class='ocrx_word' id='word_1_75' title='bbox 443 1162 654 1214; x_wconf 86' lang='lat' dir='ltr'>iniurias</span> <span class='ocrx_word' id='word_1_76' title='bbox 700 1162 778 1214; x_wconf 91' lang='lat' dir='ltr'>dis</span> <span class='ocrx_word' id='word_1_77' title='bbox 822 1177 992 1213; x_wconf 89' lang='lat' dir='ltr'>curae.</span> <span class='ocrx_word' id='word_1_78' title='bbox 1088 1162 1193 1214; x_wconf 91' lang='lat' dir='ltr'>Nec</span> <span class='ocrx_word' id='word_1_79' title='bbox 1246 1160 1401 1212; x_wconf 90' lang='lat' dir='ltr'>multo</span> <span class='ocrx_word' id='word_1_80' title='bbox 1447 1164 1563 1226; x_wconf 89' lang='lat' dir='ltr'>post</span> <span class='ocrx_word' id='word_1_81' title='bbox 1601 1159 1839 1211; x_wconf 85' lang='lat' dir='ltr'>Granium</span> <span class='ocrx_word' id='word_1_82' title='bbox 1875 1160 2016 1212; x_wconf 88' lang='lat' dir='ltr'>Mar-</span> 
     </span>
     <span class='ocr_line' id='line_1_11' title="bbox 187 1250 2077 1320; baseline -0.001 -15"><span class='ocrx_word' id='word_1_83' title='bbox 187 1254 366 1306; x_wconf 91' lang='lat' dir='ltr'>cellum</span> <span class='ocrx_word' id='word_1_84' title='bbox 396 1253 755 1320; x_wconf 86' lang='lat' dir='ltr'>proconsulem</span> <span class='ocrx_word' id='word_1_85' title='bbox 782 1253 1049 1320; x_wconf 81' lang='lat' dir='ltr'>Bithyniae</span> <span class='ocrx_word' id='word_1_86' title='bbox 1081 1256 1322 1318; x_wconf 86' lang='lat' dir='ltr'>quaestor</span> <span class='ocrx_word' id='word_1_87' title='bbox 1347 1251 1505 1318; x_wconf 91' lang='lat' dir='ltr'>ipsius</span> <span class='ocrx_word' id='word_1_88' title='bbox 1536 1250 1723 1316; x_wconf 83' lang='lat' dir='ltr'>Caepio</span> <span class='ocrx_word' id='word_1_89' title='bbox 1752 1251 2012 1317; x_wconf 89' lang='lat' dir='ltr'>Crispinus</span> <span class='ocrx_word' id='word_1_90' title='bbox 2031 1267 2077 1304; x_wconf 82' lang='grc' dir='ltr'>ιο</span> 
     </span>
    </p>
   </div>
   <div class='ocr_carea' id='block_1_3' title="bbox 184 1389 2014 1629">
    <p class='ocr_par' dir='ltr' id='par_1_3' title="bbox 184 1389 2014 1629">
     <span class='ocr_line' id='line_1_12' title="bbox 308 1389 2013 1451; baseline -0.005 -14"><span class='ocrx_word' id='word_1_91' title='bbox 308 1396 345 1437; x_wconf 95' lang='grc'>1.</span> <span class='ocrx_word' id='word_1_92' title='bbox 374 1393 585 1451; x_wconf 83' lang='lat' dir='ltr'>periturio</span> <span class='ocrx_word' id='word_1_93' title='bbox 622 1396 662 1449; x_wconf 87' lang='lat' dir='ltr'>(t</span> <span class='ocrx_word' id='word_1_94' title='bbox 692 1399 856 1448; x_wconf 90' lang='lat' dir='ltr'>puncto</span> <span class='ocrx_word' id='word_1_95' title='bbox 896 1397 1093 1449; x_wconf 89' lang='lat' dir='ltr'>notatur)</span> <span class='ocrx_word' id='word_1_96' title='bbox 1128 1392 1183 1434; x_wconf 89' lang='grc' dir='ltr'>Μ.</span> <span class='ocrx_word' id='word_1_97' title='bbox 1306 1406 1461 1433; x_wconf 87' lang='lat' dir='ltr'>nomen</span> <span class='ocrx_word' id='word_1_98' title='bbox 1502 1390 1565 1433; x_wconf 89' lang='lat' dir='ltr'>M:</span> <span class='ocrx_word' id='word_1_99' title='bbox 1611 1391 1800 1432; x_wconf 92' lang='lat' dir='ltr'>correxit</span> <span class='ocrx_word' id='word_1_100' title='bbox 1832 1389 2013 1433; x_wconf 76' lang='lat' dir='ltr'>Freins-</span> 
     </span>
     <span class='ocr_line' id='line_1_13' title="bbox 186 1445 2014 1509; baseline -0.003 -14"><span class='ocrx_word' id='word_1_101' title='bbox 186 1453 369 1496; x_wconf 90' lang='lat' dir='ltr'>hemius.</span> <span class='ocrx_word' id='word_1_102' title='bbox 430 1455 474 1497; x_wconf 86' lang='lat'>3.</span> <span class='ocrx_word' id='word_1_103' title='bbox 503 1454 732 1509; x_wconf 85' lang='lat' dir='ltr'>pernitiem</span> <span class='ocrx_word' id='word_1_104' title='bbox 762 1453 817 1495; x_wconf 89' lang='grc' dir='ltr'>Μ.</span> <span class='ocrx_word' id='word_1_105' title='bbox 881 1454 925 1495; x_wconf 85' lang='grc'>4.</span> <span class='ocrx_word' id='word_1_106' title='bbox 960 1452 1069 1493; x_wconf 87' lang='lat' dir='ltr'>alios</span> <span class='ocrx_word' id='word_1_107' title='bbox 1103 1453 1152 1493; x_wconf 87' lang='lat' dir='ltr'>ei&#39;</span> <span class='ocrx_word' id='word_1_108' title='bbox 1188 1452 1240 1506; x_wconf 84' lang='grc' dir='ltr'>(ἰ.</span> <span class='ocrx_word' id='word_1_109' title='bbox 1277 1465 1315 1493; x_wconf 91' lang='lat' dir='ltr'>e.</span> <span class='ocrx_word' id='word_1_110' title='bbox 1350 1445 1462 1508; x_wconf 84' lang='lat' dir='ltr'>eius)</span> <span class='ocrx_word' id='word_1_111' title='bbox 1497 1451 1681 1498; x_wconf 83' lang='lat' dir='ltr'>eiusdem</span> <span class='ocrx_word' id='word_1_112' title='bbox 1713 1451 1767 1493; x_wconf 89' lang='lat' dir='ltr'>M.</span> <span class='ocrx_word' id='word_1_113' title='bbox 1832 1451 1873 1493; x_wconf 89' lang='grc'>6.</span> <span class='ocrx_word' id='word_1_114' title='bbox 1909 1452 2014 1507; x_wconf 80' lang='lat' dir='ltr'>effe-</span> 
     </span>
     <span class='ocr_line' id='line_1_14' title="bbox 184 1510 2014 1569; baseline -0.001 -15"><span class='ocrx_word' id='word_1_115' title='bbox 184 1514 274 1569; x_wconf 71' lang='lat' dir='ltr'>yies</span> <span class='ocrx_word' id='word_1_116' title='bbox 305 1513 359 1556; x_wconf 88' lang='lat' dir='ltr'>M.</span> <span class='ocrx_word' id='word_1_117' title='bbox 451 1514 650 1555; x_wconf 88' lang='lat' dir='ltr'>numinus</span> <span class='ocrx_word' id='word_1_118' title='bbox 678 1525 730 1567; x_wconf 92' lang='lat' dir='ltr'>pr</span> <span class='ocrx_word' id='word_1_119' title='bbox 761 1512 816 1555; x_wconf 88' lang='grc' dir='ltr'>Μ.</span> <span class='ocrx_word' id='word_1_120' title='bbox 880 1511 921 1555; x_wconf 86' lang='grc'>9.</span> <span class='ocrx_word' id='word_1_121' title='bbox 956 1512 1019 1553; x_wconf 77' lang='lat' dir='ltr'>dis</span> <span class='ocrx_word' id='word_1_122' title='bbox 1050 1511 1105 1563; x_wconf 90' lang='lat' dir='ltr'>M,</span> <span class='ocrx_word' id='word_1_123' title='bbox 1138 1524 1226 1552; x_wconf 91' lang='lat' dir='ltr'>non</span> <span class='ocrx_word' id='word_1_124' title='bbox 1259 1511 1353 1553; x_wconf 88' lang='lat' dir='ltr'>diis.</span> <span class='ocrx_word' id='word_1_125' title='bbox 1419 1511 1487 1554; x_wconf 87' lang='grc'>10.</span> <span class='ocrx_word' id='word_1_126' title='bbox 1516 1510 1814 1567; x_wconf 80' lang='lat' dir='ltr'>proconsulem</span> <span class='ocrx_word' id='word_1_127' title='bbox 1848 1510 2014 1553; x_wconf 62' lang='lat' dir='ltr'>editor}</span> 
     </span>
     <span class='ocr_line' id='line_1_15' title="bbox 186 1571 1104 1629; baseline -0.001 -15"><span class='ocrx_word' id='word_1_128' title='bbox 186 1572 226 1614; x_wconf 91' lang='lat' dir='ltr'><strong>M</strong></span> <span class='ocrx_word' id='word_1_129' title='bbox 259 1578 302 1614; x_wconf 83' lang='lat' dir='ltr'>et</span> <span class='ocrx_word' id='word_1_130' title='bbox 332 1571 468 1628; x_wconf 86' lang='lat' dir='ltr'>vulgo</span> <span class='ocrx_word' id='word_1_131' title='bbox 497 1579 756 1629; x_wconf 81' lang='lat' dir='ltr'>praetorem.</span> <span class='ocrx_word' id='word_1_132' title='bbox 821 1571 1027 1613; x_wconf 79' lang='lat' dir='ltr'>bithiniae</span> <span class='ocrx_word' id='word_1_133' title='bbox 1050 1571 1104 1613; x_wconf 91' lang='lat' dir='ltr'>M.</span> 
     </span>
    </p>
   </div>
   <div class='ocr_carea' id='block_1_4' title="bbox 190 1696 2014 1754">
    <p class='ocr_par' dir='ltr' id='par_1_4' title="bbox 190 1696 2014 1754">
     <span class='ocr_line' id='line_1_16' title="bbox 190 1696 2014 1754; baseline -0.003 -10"><span class='ocrx_word' id='word_1_134' title='bbox 190 1708 255 1744; x_wconf 89' lang='lat' dir='ltr'>est</span> <span class='ocrx_word' id='word_1_135' title='bbox 286 1703 383 1743; x_wconf 91' lang='lat' dir='ltr'>sive</span> <span class='ocrx_word' id='word_1_136' title='bbox 431 1700 695 1754; x_wconf 87' lang='lat' dir='ltr'>consularis,</span> <span class='ocrx_word' id='word_1_137' title='bbox 743 1702 806 1742; x_wconf 92' lang='lat' dir='ltr'>ita</span> <span class='ocrx_word' id='word_1_138' title='bbox 838 1707 982 1742; x_wconf 87' lang='lat' dir='ltr'>tamen</span> <span class='ocrx_word' id='word_1_139' title='bbox 1015 1706 1062 1740; x_wconf 88' lang='lat' dir='ltr'>ut</span> <span class='ocrx_word' id='word_1_140' title='bbox 1146 1698 1285 1740; x_wconf 90' lang='lat' dir='ltr'>cellus</span> <span class='ocrx_word' id='word_1_141' title='bbox 1343 1711 1437 1739; x_wconf 91' lang='lat' dir='ltr'>eam</span> <span class='ocrx_word' id='word_1_142' title='bbox 1477 1697 1794 1740; x_wconf 86' lang='lat' dir='ltr'>administravit</span> <span class='ocrx_word' id='word_1_143' title='bbox 1837 1696 2014 1739; x_wconf 85' lang='lat' dir='ltr'>Caesari</span> 
     </span>
    </p>
   </div>
   <div class='ocr_carea' id='block_1_5' title="bbox 189 1759 1070 3706">
    <p class='ocr_par' dir='ltr' id='par_1_5' title="bbox 189 1759 1070 3706">
     <span class='ocr_line' id='line_1_17' title="bbox 189 1759 1061 1814; baseline -0.003 -12"><span class='ocrx_word' id='word_1_144' title='bbox 189 1762 234 1802; x_wconf 89' lang='lat' dir='ltr'>in</span> <span class='ocrx_word' id='word_1_145' title='bbox 266 1761 415 1803; x_wconf 90' lang='lat' dir='ltr'>Asiam</span> <span class='ocrx_word' id='word_1_146' title='bbox 462 1761 733 1814; x_wconf 90' lang='lat' dir='ltr'>provinciam</span> <span class='ocrx_word' id='word_1_147' title='bbox 778 1765 821 1801; x_wconf 87' lang='lat' dir='ltr'>et</span> <span class='ocrx_word' id='word_1_148' title='bbox 867 1759 1061 1800; x_wconf 88' lang='lat' dir='ltr'>Africam</span> 
     </span>
     <span class='ocr_line' id='line_1_18' title="bbox 190 1819 1058 1866; baseline 0 -5"><span class='ocrx_word' id='word_1_149' title='bbox 190 1832 278 1861; x_wconf 87' lang='lat' dir='ltr'>non</span> <span class='ocrx_word' id='word_1_150' title='bbox 309 1821 394 1861; x_wconf 89' lang='lat' dir='ltr'>nisi</span> <span class='ocrx_word' id='word_1_151' title='bbox 426 1821 510 1861; x_wconf 86' lang='lat' dir='ltr'>viri</span> <span class='ocrx_word' id='word_1_152' title='bbox 532 1819 785 1866; x_wconf 87' lang='lat' dir='ltr'>consulares</span> <span class='ocrx_word' id='word_1_153' title='bbox 817 1820 1058 1861; x_wconf 86' lang='lat' dir='ltr'>mittantur.</span> 
     </span>
     <span class='ocr_line' id='line_1_19' title="bbox 189 1878 1061 1921; baseline -0.001 -1"><span class='ocrx_word' id='word_1_154' title='bbox 189 1879 315 1921; x_wconf 85' lang='lat' dir='ltr'>Hunc</span> <span class='ocrx_word' id='word_1_155' title='bbox 338 1879 511 1920; x_wconf 91' lang='lat' dir='ltr'>dicendi</span> <span class='ocrx_word' id='word_1_156' title='bbox 543 1891 667 1920; x_wconf 91' lang='lat' dir='ltr'>usum</span> <span class='ocrx_word' id='word_1_157' title='bbox 688 1878 853 1920; x_wconf 88' lang='lat' dir='ltr'>Plinius</span> <span class='ocrx_word' id='word_1_158' title='bbox 888 1884 930 1919; x_wconf 91' lang='lat' dir='ltr'>et</span> <span class='ocrx_word' id='word_1_159' title='bbox 949 1878 1061 1920; x_wconf 91' lang='lat' dir='ltr'>Sue-</span> 
     </span>
     <span class='ocr_line' id='line_1_20' title="bbox 190 1936 1061 1993; baseline 0 -16"><span class='ocrx_word' id='word_1_160' title='bbox 190 1940 336 1980; x_wconf 85' lang='lat' dir='ltr'>tonius</span> <span class='ocrx_word' id='word_1_161' title='bbox 369 1944 412 1979; x_wconf 89' lang='lat' dir='ltr'>et</span> <span class='ocrx_word' id='word_1_162' title='bbox 442 1940 679 1993; x_wconf 86' lang='lat' dir='ltr'>praecipue</span> <span class='ocrx_word' id='word_1_163' title='bbox 701 1936 872 1979; x_wconf 87' lang='lat' dir='ltr'>Tacitus</span> <span class='ocrx_word' id='word_1_164' title='bbox 898 1937 1061 1992; x_wconf 92' lang='lat' dir='ltr'>ubique</span> 
     </span>
     <span class='ocr_line' id='line_1_21' title="bbox 190 1996 1064 2054; baseline -0.003 -15"><span class='ocrx_word' id='word_1_165' title='bbox 190 2003 443 2054; x_wconf 89' lang='lat' dir='ltr'>sequuntur.</span> <span class='ocrx_word' id='word_1_166' title='bbox 553 1997 696 2038; x_wconf 89' lang='lat' dir='ltr'>Habes</span> <span class='ocrx_word' id='word_1_167' title='bbox 764 1996 1064 2052; x_wconf 81' lang='lat' dir='ltr'>proconsulem</span> 
     </span>
     <span class='ocr_line' id='line_1_22' title="bbox 194 2055 1061 2110; baseline 0 -14"><span class='ocrx_word' id='word_1_168' title='bbox 194 2057 238 2096; x_wconf 91' lang='lat' dir='ltr'>in</span> <span class='ocrx_word' id='word_1_169' title='bbox 287 2058 530 2110; x_wconf 85' lang='lat' dir='ltr'>provinciis</span> <span class='ocrx_word' id='word_1_170' title='bbox 581 2061 758 2097; x_wconf 90' lang='lat' dir='ltr'>senatus</span> <span class='ocrx_word' id='word_1_171' title='bbox 820 2055 1061 2110; x_wconf 85' lang='lat' dir='ltr'>populique</span> 
     </span>
     <span class='ocr_line' id='line_1_23' title="bbox 196 2113 1061 2169; baseline -0.001 -13"><span class='ocrx_word' id='word_1_172' title='bbox 196 2116 310 2169; x_wconf 87' lang='lat' dir='ltr'>apud</span> <span class='ocrx_word' id='word_1_173' title='bbox 340 2115 534 2157; x_wconf 86' lang='lat' dir='ltr'>Tacitum</span> <span class='ocrx_word' id='word_1_174' title='bbox 565 2114 584 2156; x_wconf 91' lang='grc' dir='ltr'>Ι</span> <span class='ocrx_word' id='word_1_175' title='bbox 615 2116 694 2167; x_wconf 89' lang='grc'>53,</span> <span class='ocrx_word' id='word_1_176' title='bbox 727 2113 764 2155; x_wconf 96' lang='lat' dir='ltr'>II</span> <span class='ocrx_word' id='word_1_177' title='bbox 796 2116 875 2167; x_wconf 84' lang='lat'>52,</span> <span class='ocrx_word' id='word_1_178' title='bbox 919 2113 975 2154; x_wconf 94' lang='lat' dir='ltr'>III</span> <span class='ocrx_word' id='word_1_179' title='bbox 1007 2115 1061 2158; x_wconf 84' lang='lat'>21</span> 
     </span>
     <span class='ocr_line' id='line_1_24' title="bbox 197 2172 1064 2218; baseline -0.003 -3"><span class='ocrx_word' id='word_1_180' title='bbox 197 2179 241 2215; x_wconf 85' lang='lat' dir='ltr'>et</span> <span class='ocrx_word' id='word_1_181' title='bbox 271 2175 330 2218; x_wconf 90' lang='grc'>32</span> <span class='ocrx_word' id='word_1_182' title='bbox 361 2180 405 2216; x_wconf 87' lang='lat' dir='ltr'>et</span> <span class='ocrx_word' id='word_1_183' title='bbox 436 2175 493 2217; x_wconf 88' lang='lat'>35</span> <span class='ocrx_word' id='word_1_184' title='bbox 527 2180 571 2215; x_wconf 92' lang='lat' dir='ltr'>et</span> <span class='ocrx_word' id='word_1_185' title='bbox 601 2173 658 2216; x_wconf 84' lang='lat'>38</span> <span class='ocrx_word' id='word_1_186' title='bbox 692 2179 734 2215; x_wconf 89' lang='lat' dir='ltr'>et</span> <span class='ocrx_word' id='word_1_187' title='bbox 766 2173 823 2216; x_wconf 87' lang='grc'>66</span> <span class='ocrx_word' id='word_1_188' title='bbox 857 2179 900 2215; x_wconf 89' lang='lat' dir='ltr'>et</span> <span class='ocrx_word' id='word_1_189' title='bbox 931 2172 988 2215; x_wconf 87' lang='lat'>68</span> <span class='ocrx_word' id='word_1_190' title='bbox 1021 2178 1064 2214; x_wconf 91' lang='lat' dir='ltr'>et</span> 
     </span>
     <span class='ocr_line' id='line_1_25' title="bbox 198 2230 1063 2285; baseline 0.001 -11"><span class='ocrx_word' id='word_1_191' title='bbox 198 2233 280 2285; x_wconf 90' lang='grc'>72,</span> <span class='ocrx_word' id='word_1_192' title='bbox 326 2232 386 2274; x_wconf 91' lang='lat' dir='ltr'><strong>IV</strong></span> <span class='ocrx_word' id='word_1_193' title='bbox 421 2234 474 2276; x_wconf 89' lang='grc'>13</span> <span class='ocrx_word' id='word_1_194' title='bbox 508 2239 553 2275; x_wconf 85' lang='lat' dir='ltr'>et</span> <span class='ocrx_word' id='word_1_195' title='bbox 586 2233 643 2276; x_wconf 87' lang='grc'>23</span> <span class='ocrx_word' id='word_1_196' title='bbox 677 2238 721 2273; x_wconf 86' lang='lat' dir='ltr'>et</span> <span class='ocrx_word' id='word_1_197' title='bbox 751 2232 833 2284; x_wconf 88' lang='lat'>36,</span> <span class='ocrx_word' id='word_1_198' title='bbox 883 2230 961 2273; x_wconf 91' lang='lat' dir='ltr'>XII</span> <span class='ocrx_word' id='word_1_199' title='bbox 992 2232 1063 2284; x_wconf 85' lang='lat'>59,</span> 
     </span>
     <span class='ocr_line' id='line_1_26' title="bbox 196 2290 1062 2344; baseline 0 -12"><span class='ocrx_word' id='word_1_200' title='bbox 196 2291 291 2333; x_wconf 84' lang='lat' dir='ltr'><strong>XIII</strong></span> <span class='ocrx_word' id='word_1_201' title='bbox 311 2294 333 2334; x_wconf 92' lang='lat'>1</span> <span class='ocrx_word' id='word_1_202' title='bbox 356 2297 399 2333; x_wconf 89' lang='lat' dir='ltr'>et</span> <span class='ocrx_word' id='word_1_203' title='bbox 417 2293 490 2344; x_wconf 85' lang='grc'>33,</span> <span class='ocrx_word' id='word_1_204' title='bbox 521 2291 619 2334; x_wconf 91' lang='lat' dir='ltr'>XIV</span> <span class='ocrx_word' id='word_1_205' title='bbox 636 2291 709 2344; x_wconf 91' lang='lat'>46,</span> <span class='ocrx_word' id='word_1_206' title='bbox 742 2292 840 2332; x_wconf 86' lang='lat' dir='ltr'>XVI</span> <span class='ocrx_word' id='word_1_207' title='bbox 857 2292 912 2334; x_wconf 90' lang='grc'>10</span> <span class='ocrx_word' id='word_1_208' title='bbox 931 2296 975 2332; x_wconf 90' lang='lat' dir='ltr'>et</span> <span class='ocrx_word' id='word_1_209' title='bbox 995 2290 1062 2332; x_wconf 90' lang='lat'>18.</span> 
     </span>
     <span class='ocr_line' id='line_1_27' title="bbox 196 2349 1063 2408; baseline -0.002 -16"><span class='ocrx_word' id='word_1_210' title='bbox 196 2349 247 2392; x_wconf 85' lang='lat' dir='ltr'>H.</span> <span class='ocrx_word' id='word_1_211' title='bbox 262 2349 280 2391; x_wconf 94' lang='lat' dir='ltr'><strong>I</strong></span> <span class='ocrx_word' id='word_1_212' title='bbox 294 2350 364 2403; x_wconf 90' lang='lat'>76,</span> <span class='ocrx_word' id='word_1_213' title='bbox 374 2350 410 2392; x_wconf 93' lang='lat'>11</span> <span class='ocrx_word' id='word_1_214' title='bbox 420 2350 1063 2408; x_wconf 62' lang='lat' dir='ltr'>97wroconsulatumAfricae),</span> 
     </span>
     <span class='ocr_line' id='line_1_28' title="bbox 195 2408 1062 2466; baseline 0.001 -16"><span class='ocrx_word' id='word_1_215' title='bbox 195 2408 254 2450; x_wconf 95' lang='lat' dir='ltr'>III</span> <span class='ocrx_word' id='word_1_216' title='bbox 282 2410 354 2463; x_wconf 88' lang='lat'>46,</span> <span class='ocrx_word' id='word_1_217' title='bbox 387 2409 446 2452; x_wconf 85' lang='lat' dir='ltr'>lv</span> <span class='ocrx_word' id='word_1_218' title='bbox 464 2409 523 2453; x_wconf 90' lang='lat'>48</span> <span class='ocrx_word' id='word_1_219' title='bbox 545 2416 589 2452; x_wconf 92' lang='lat' dir='ltr'>et</span> <span class='ocrx_word' id='word_1_220' title='bbox 612 2410 682 2453; x_wconf 83' lang='grc'>50.</span> <span class='ocrx_word' id='word_1_221' title='bbox 743 2410 849 2466; x_wconf 87' lang='lat' dir='ltr'>Agr.</span> <span class='ocrx_word' id='word_1_222' title='bbox 883 2409 910 2452; x_wconf 90' lang='lat'>6</span> <span class='ocrx_word' id='word_1_223' title='bbox 931 2416 974 2451; x_wconf 90' lang='lat' dir='ltr'>et</span> <span class='ocrx_word' id='word_1_224' title='bbox 989 2412 1062 2453; x_wconf 88' lang='grc'>42.</span> 
     </span>
     <span class='ocr_line' id='line_1_29' title="bbox 200 2466 1065 2524; baseline 0 -15"><span class='ocrx_word' id='word_1_225' title='bbox 200 2466 326 2510; x_wconf 83' lang='lat' dir='ltr'>Conf.</span> <span class='ocrx_word' id='word_1_226' title='bbox 360 2468 472 2511; x_wconf 76' lang='lat' dir='ltr'>Ptin.</span> <span class='ocrx_word' id='word_1_227' title='bbox 504 2468 644 2523; x_wconf 84' lang='lat' dir='ltr'>Epist.</span> <span class='ocrx_word' id='word_1_228' title='bbox 678 2468 715 2509; x_wconf 94' lang='grc' dir='ltr'>Π</span> <span class='ocrx_word' id='word_1_229' title='bbox 751 2471 818 2521; x_wconf 88' lang='grc'>11,</span> <span class='ocrx_word' id='word_1_230' title='bbox 852 2468 926 2509; x_wconf 86' lang='lat' dir='ltr'>ubi</span> <span class='ocrx_word' id='word_1_231' title='bbox 954 2483 1065 2524; x_wconf 92' lang='lat' dir='ltr'>pro-</span> 
     </span>
     <span class='ocr_line' id='line_1_30' title="bbox 200 2526 1062 2584; baseline 0.001 -15"><span class='ocrx_word' id='word_1_232' title='bbox 200 2527 348 2569; x_wconf 82' lang='lat' dir='ltr'>consul</span> <span class='ocrx_word' id='word_1_233' title='bbox 377 2528 588 2584; x_wconf 82' lang='lat' dir='ltr'>Africae,</span> <span class='ocrx_word' id='word_1_234' title='bbox 625 2528 659 2570; x_wconf 86' lang='lat' dir='ltr'>V</span> <span class='ocrx_word' id='word_1_235' title='bbox 694 2528 766 2579; x_wconf 91' lang='grc'>20,</span> <span class='ocrx_word' id='word_1_236' title='bbox 800 2528 837 2568; x_wconf 93' lang='lat' dir='ltr'>X</span> <span class='ocrx_word' id='word_1_237' title='bbox 869 2526 927 2570; x_wconf 87' lang='lat'>64</span> <span class='ocrx_word' id='word_1_238' title='bbox 959 2528 1062 2584; x_wconf 83' lang='lat'>(65)</span> 
     </span>
     <span class='ocr_line' id='line_1_31' title="bbox 200 2586 1065 2644; baseline 0.001 -18"><span class='ocrx_word' id='word_1_239' title='bbox 200 2591 244 2627; x_wconf 87' lang='lat' dir='ltr'>et</span> <span class='ocrx_word' id='word_1_240' title='bbox 282 2587 365 2630; x_wconf 91' lang='grc'>108</span> <span class='ocrx_word' id='word_1_241' title='bbox 398 2587 531 2644; x_wconf 87' lang='grc'>(109)</span> <span class='ocrx_word' id='word_1_242' title='bbox 580 2593 624 2629; x_wconf 87' lang='lat' dir='ltr'>et</span> <span class='ocrx_word' id='word_1_243' title='bbox 658 2588 740 2629; x_wconf 89' lang='grc'>112</span> <span class='ocrx_word' id='word_1_244' title='bbox 778 2588 939 2644; x_wconf 87' lang='grc'>(113),</span> <span class='ocrx_word' id='word_1_245' title='bbox 991 2586 1065 2627; x_wconf 92' lang='lat' dir='ltr'>ubi</span> 
     </span>
     <span class='ocr_line' id='line_1_32' title="bbox 199 2645 1063 2702; baseline 0.002 -16"><span class='ocrx_word' id='word_1_246' title='bbox 199 2647 336 2699; x_wconf 85' lang='lat' dir='ltr'>ipsius</span> <span class='ocrx_word' id='word_1_247' title='bbox 367 2646 596 2702; x_wconf 78' lang='lat' dir='ltr'>Bithyniae</span> <span class='ocrx_word' id='word_1_248' title='bbox 622 2645 882 2702; x_wconf 88' lang='lat' dir='ltr'>proconsul,</span> <span class='ocrx_word' id='word_1_249' title='bbox 931 2645 988 2686; x_wconf 91' lang='lat' dir='ltr'><strong>IV</strong></span> <span class='ocrx_word' id='word_1_250' title='bbox 1022 2646 1063 2697; x_wconf 87' lang='lat'>9,</span> 
     </span>
     <span class='ocr_line' id='line_1_33' title="bbox 199 2703 1066 2761; baseline 0 -16"><span class='ocrx_word' id='word_1_251' title='bbox 199 2704 273 2746; x_wconf 87' lang='lat' dir='ltr'>ubi</span> <span class='ocrx_word' id='word_1_252' title='bbox 305 2705 421 2761; x_wconf 89' lang='lat' dir='ltr'>quod</span> <span class='ocrx_word' id='word_1_253' title='bbox 439 2706 553 2747; x_wconf 91' lang='lat' dir='ltr'>idem</span> <span class='ocrx_word' id='word_1_254' title='bbox 572 2704 693 2747; x_wconf 88' lang='lat' dir='ltr'>valet</span> <span class='ocrx_word' id='word_1_255' title='bbox 723 2703 896 2747; x_wconf 86' lang='lat' dir='ltr'>sortitus</span> <span class='ocrx_word' id='word_1_256' title='bbox 915 2705 1066 2760; x_wconf 78' lang='lat' dir='ltr'>Bithy-</span> 
     </span>
     <span class='ocr_line' id='line_1_34' title="bbox 199 2763 1065 2819; baseline 0 -15"><span class='ocrx_word' id='word_1_257' title='bbox 199 2764 331 2806; x_wconf 84' lang='lat' dir='ltr'>niam.</span> <span class='ocrx_word' id='word_1_258' title='bbox 408 2763 569 2806; x_wconf 86' lang='lat' dir='ltr'>Contra</span> <span class='ocrx_word' id='word_1_259' title='bbox 613 2765 686 2819; x_wconf 91' lang='lat' dir='ltr'>qui</span> <span class='ocrx_word' id='word_1_260' title='bbox 720 2763 919 2805; x_wconf 86' lang='lat' dir='ltr'>Caesaris</span> <span class='ocrx_word' id='word_1_261' title='bbox 959 2775 1065 2819; x_wconf 88' lang='lat' dir='ltr'>pro-</span> 
     </span>
     <span class='ocr_line' id='line_1_35' title="bbox 200 2822 1067 2878; baseline 0.001 -15"><span class='ocrx_word' id='word_1_262' title='bbox 200 2823 388 2864; x_wconf 90' lang='lat' dir='ltr'>vinciam</span> <span class='ocrx_word' id='word_1_263' title='bbox 420 2825 604 2878; x_wconf 89' lang='lat' dir='ltr'>imperio</span> <span class='ocrx_word' id='word_1_264' title='bbox 636 2824 777 2878; x_wconf 87' lang='lat' dir='ltr'>regit,</span> <span class='ocrx_word' id='word_1_265' title='bbox 825 2825 862 2864; x_wconf 90' lang='lat' dir='ltr'>is</span> <span class='ocrx_word' id='word_1_266' title='bbox 905 2822 1067 2878; x_wconf 67' lang='lat' dir='ltr'>legatus</span> 
     </span>
     <span class='ocr_line' id='line_1_36' title="bbox 202 2883 1068 2936; baseline -0.001 -14"><span class='ocrx_word' id='word_1_267' title='bbox 202 2883 470 2934; x_wconf 86' lang='lat' dir='ltr'>provinciae,</span> <span class='ocrx_word' id='word_1_268' title='bbox 501 2884 596 2924; x_wconf 89' lang='lat' dir='ltr'>sive</span> <span class='ocrx_word' id='word_1_269' title='bbox 622 2883 717 2936; x_wconf 89' lang='lat' dir='ltr'>ipse</span> <span class='ocrx_word' id='word_1_270' title='bbox 735 2883 980 2935; x_wconf 89' lang='lat' dir='ltr'>praetorius</span> <span class='ocrx_word' id='word_1_271' title='bbox 1003 2888 1068 2923; x_wconf 89' lang='lat' dir='ltr'>est</span> 
     </span>
     <span class='ocr_line' id='line_1_37' title="bbox 203 2940 1068 2996; baseline 0.003 -17"><span class='ocrx_word' id='word_1_272' title='bbox 203 2940 298 2981; x_wconf 87' lang='lat' dir='ltr'>sive</span> <span class='ocrx_word' id='word_1_273' title='bbox 323 2941 579 2993; x_wconf 82' lang='lat' dir='ltr'>consularis,</span> <span class='ocrx_word' id='word_1_274' title='bbox 599 2940 671 2981; x_wconf 89' lang='lat' dir='ltr'>vel</span> <span class='ocrx_word' id='word_1_275' title='bbox 691 2947 951 2996; x_wconf 81' lang='lat' dir='ltr'>propraetor</span> <span class='ocrx_word' id='word_1_276' title='bbox 972 2940 1068 2982; x_wconf 90' lang='lat' dir='ltr'>sive</span> 
     </span>
     <span class='ocr_line' id='line_1_38' title="bbox 198 2999 1068 3056; baseline 0.001 -17"><span class='ocrx_word' id='word_1_277' title='bbox 198 3012 279 3054; x_wconf 87' lang='lat' dir='ltr'>pro</span> <span class='ocrx_word' id='word_1_278' title='bbox 306 3006 508 3055; x_wconf 85' lang='lat' dir='ltr'>praetore</span> <span class='ocrx_word' id='word_1_279' title='bbox 531 3005 726 3042; x_wconf 73' lang='lat' dir='ltr'>vocatur.</span> <span class='ocrx_word' id='word_1_280' title='bbox 788 2999 931 3041; x_wconf 88' lang='lat' dir='ltr'>Habes</span> <span class='ocrx_word' id='word_1_281' title='bbox 958 3014 1068 3056; x_wconf 88' lang='lat' dir='ltr'>pro-</span> 
     </span>
     <span class='ocr_line' id='line_1_39' title="bbox 197 3058 1068 3113; baseline 0.002 -15"><span class='ocrx_word' id='word_1_282' title='bbox 197 3065 442 3113; x_wconf 82' lang='lat' dir='ltr'>praetorem</span> <span class='ocrx_word' id='word_1_283' title='bbox 475 3058 675 3101; x_wconf 82' lang='lat' dir='ltr'>Caesaris</span> <span class='ocrx_word' id='word_1_284' title='bbox 707 3059 962 3112; x_wconf 88' lang='lat' dir='ltr'>provinciae</span> <span class='ocrx_word' id='word_1_285' title='bbox 994 3072 1068 3100; x_wconf 87' lang='lat' dir='ltr'>re-</span> 
     </span>
     <span class='ocr_line' id='line_1_40' title="bbox 204 3118 1067 3172; baseline 0.003 -14"><span class='ocrx_word' id='word_1_286' title='bbox 204 3122 367 3159; x_wconf 86' lang='lat' dir='ltr'>ctorem</span> <span class='ocrx_word' id='word_1_287' title='bbox 399 3118 512 3172; x_wconf 85' lang='lat' dir='ltr'>apud</span> <span class='ocrx_word' id='word_1_288' title='bbox 543 3118 658 3159; x_wconf 91' lang='lat' dir='ltr'>hunc</span> <span class='ocrx_word' id='word_1_289' title='bbox 700 3123 895 3159; x_wconf 85' lang='lat' dir='ltr'>nostrum</span> <span class='ocrx_word' id='word_1_290' title='bbox 927 3118 964 3158; x_wconf 90' lang='lat'>11</span> <span class='ocrx_word' id='word_1_291' title='bbox 994 3118 1067 3169; x_wconf 92' lang='lat'>66,</span> 
     </span>
     <span class='ocr_line' id='line_1_41' title="bbox 206 3174 1069 3229; baseline 0.001 -13"><span class='ocrx_word' id='word_1_292' title='bbox 206 3174 264 3217; x_wconf 89' lang='lat' dir='ltr'><strong>IV</strong></span> <span class='ocrx_word' id='word_1_293' title='bbox 297 3177 366 3229; x_wconf 84' lang='lat'>73,</span> <span class='ocrx_word' id='word_1_294' title='bbox 404 3176 460 3218; x_wconf 88' lang='lat' dir='ltr'><strong>VI</strong></span> <span class='ocrx_word' id='word_1_295' title='bbox 491 3178 562 3229; x_wconf 90' lang='grc'>27,</span> <span class='ocrx_word' id='word_1_296' title='bbox 596 3176 671 3219; x_wconf 88' lang='lat' dir='ltr'>XII</span> <span class='ocrx_word' id='word_1_297' title='bbox 701 3179 756 3220; x_wconf 85' lang='lat'>31</span> <span class='ocrx_word' id='word_1_298' title='bbox 795 3183 838 3218; x_wconf 92' lang='lat' dir='ltr'>et</span> <span class='ocrx_word' id='word_1_299' title='bbox 868 3178 941 3229; x_wconf 87' lang='lat'>40,</span> <span class='ocrx_word' id='word_1_300' title='bbox 974 3176 1069 3218; x_wconf 91' lang='lat' dir='ltr'><strong>XIII</strong></span> 
     </span>
     <span class='ocr_line' id='line_1_42' title="bbox 205 3235 1069 3290; baseline 0.002 -14"><span class='ocrx_word' id='word_1_301' title='bbox 205 3235 275 3286; x_wconf 84' lang='lat'>51,</span> <span class='ocrx_word' id='word_1_302' title='bbox 309 3235 493 3290; x_wconf 66' lang='lat' dir='ltr'>legatum</span> <span class='ocrx_word' id='word_1_303' title='bbox 522 3235 600 3279; x_wconf 89' lang='lat'>117</span> <span class='ocrx_word' id='word_1_304' title='bbox 636 3242 678 3277; x_wconf 85' lang='lat' dir='ltr'>et</span> <span class='ocrx_word' id='word_1_305' title='bbox 707 3235 764 3283; x_wconf 84' lang='grc'>56</span> <span class='ocrx_word' id='word_1_306' title='bbox 782 3242 826 3277; x_wconf 91' lang='lat' dir='ltr'>et</span> <span class='ocrx_word' id='word_1_307' title='bbox 848 3236 900 3277; x_wconf 93' lang='lat'>77</span> <span class='ocrx_word' id='word_1_308' title='bbox 937 3242 979 3276; x_wconf 92' lang='lat' dir='ltr'>et</span> <span class='ocrx_word' id='word_1_309' title='bbox 994 3235 1069 3287; x_wconf 87' lang='lat'>80,</span> 
     </span>
     <span class='ocr_line' id='line_1_43' title="bbox 204 3291 1068 3346; baseline 0.005 -13"><span class='ocrx_word' id='word_1_310' title='bbox 204 3291 260 3333; x_wconf 94' lang='lat' dir='ltr'>Ill</span> <span class='ocrx_word' id='word_1_311' title='bbox 295 3295 348 3336; x_wconf 90' lang='grc'>12</span> <span class='ocrx_word' id='word_1_312' title='bbox 379 3300 423 3334; x_wconf 91' lang='lat' dir='ltr'>et</span> <span class='ocrx_word' id='word_1_313' title='bbox 453 3296 525 3346; x_wconf 85' lang='lat'>41,</span> <span class='ocrx_word' id='word_1_314' title='bbox 558 3294 614 3335; x_wconf 94' lang='lat' dir='ltr'>XI</span> <span class='ocrx_word' id='word_1_315' title='bbox 650 3295 717 3346; x_wconf 87' lang='lat'>10,</span> <span class='ocrx_word' id='word_1_316' title='bbox 750 3294 825 3335; x_wconf 89' lang='lat' dir='ltr'>XII</span> <span class='ocrx_word' id='word_1_317' title='bbox 856 3295 910 3337; x_wconf 90' lang='grc'>27</span> <span class='ocrx_word' id='word_1_318' title='bbox 933 3300 976 3335; x_wconf 88' lang='lat' dir='ltr'>et</span> <span class='ocrx_word' id='word_1_319' title='bbox 995 3294 1068 3346; x_wconf 82' lang='lat'>40,</span> 
     </span>
     <span class='ocr_line' id='line_1_44' title="bbox 206 3349 1070 3407; baseline -0.001 -14"><span class='ocrx_word' id='word_1_320' title='bbox 206 3349 302 3393; x_wconf 89' lang='lat' dir='ltr'><strong>XIII</strong></span> <span class='ocrx_word' id='word_1_321' title='bbox 333 3352 390 3394; x_wconf 85' lang='lat'>53</span> <span class='ocrx_word' id='word_1_322' title='bbox 424 3358 467 3394; x_wconf 86' lang='lat' dir='ltr'>et</span> <span class='ocrx_word' id='word_1_323' title='bbox 498 3352 578 3404; x_wconf 82' lang='lat'>56,</span> <span class='ocrx_word' id='word_1_324' title='bbox 614 3353 665 3394; x_wconf 83' lang='grc' dir='ltr'>Η.</span> <span class='ocrx_word' id='word_1_325' title='bbox 702 3353 737 3393; x_wconf 89' lang='lat' dir='ltr'>V</span> <span class='ocrx_word' id='word_1_326' title='bbox 774 3354 851 3405; x_wconf 93' lang='grc'>10,</span> <span class='ocrx_word' id='word_1_327' title='bbox 886 3351 1070 3407; x_wconf 75' lang='lat' dir='ltr'>leyatum</span> 
     </span>
     <span class='ocr_line' id='line_1_45' title="bbox 208 3409 1069 3466; baseline -0.002 -14"><span class='ocrx_word' id='word_1_328' title='bbox 208 3409 476 3452; x_wconf 86' lang='lat' dir='ltr'>consularem</span> <span class='ocrx_word' id='word_1_329' title='bbox 519 3411 624 3466; x_wconf 87' lang='lat' dir='ltr'>Agr.</span> <span class='ocrx_word' id='word_1_330' title='bbox 667 3412 707 3452; x_wconf 89' lang='lat'>7.</span> <span class='ocrx_word' id='word_1_331' title='bbox 801 3410 885 3455; x_wconf 91' lang='lat' dir='ltr'>Sed</span> <span class='ocrx_word' id='word_1_332' title='bbox 924 3424 979 3452; x_wconf 90' lang='lat' dir='ltr'>ne</span> <span class='ocrx_word' id='word_1_333' title='bbox 1026 3414 1069 3451; x_wconf 90' lang='lat' dir='ltr'>in</span> 
     </span>
     <span class='ocr_line' id='line_1_46' title="bbox 208 3468 1068 3524; baseline -0.001 -14"><span class='ocrx_word' id='word_1_334' title='bbox 208 3476 428 3524; x_wconf 88' lang='lat' dir='ltr'>posterum</span> <span class='ocrx_word' id='word_1_335' title='bbox 462 3469 720 3512; x_wconf 82' lang='lat' dir='ltr'>dubitationi</span> <span class='ocrx_word' id='word_1_336' title='bbox 766 3469 820 3510; x_wconf 89' lang='lat' dir='ltr'>de</span> <span class='ocrx_word' id='word_1_337' title='bbox 852 3468 937 3509; x_wconf 92' lang='lat' dir='ltr'>hoc</span> <span class='ocrx_word' id='word_1_338' title='bbox 971 3469 1068 3510; x_wconf 91' lang='lat' dir='ltr'>loco</span> 
     </span>
     <span class='ocr_line' id='line_1_47' title="bbox 208 3527 1070 3585; baseline -0.002 -15"><span class='ocrx_word' id='word_1_339' title='bbox 208 3531 305 3584; x_wconf 88' lang='lat' dir='ltr'>quis</span> <span class='ocrx_word' id='word_1_340' title='bbox 336 3529 586 3585; x_wconf 87' lang='lat' dir='ltr'>indulgeat,</span> <span class='ocrx_word' id='word_1_341' title='bbox 631 3528 742 3570; x_wconf 80' lang='lat' dir='ltr'>ultro</span> <span class='ocrx_word' id='word_1_342' title='bbox 775 3527 1070 3569; x_wconf 85' lang='lat' dir='ltr'>dubitantibus</span> 
     </span>
     <span class='ocr_line' id='line_1_48' title="bbox 208 3585 1068 3642; baseline -0.003 -12"><span class='ocrx_word' id='word_1_343' title='bbox 208 3600 445 3631; x_wconf 86' lang='lat' dir='ltr'>occurram.</span> <span class='ocrx_word' id='word_1_344' title='bbox 540 3588 667 3630; x_wconf 88' lang='lat' dir='ltr'>Dicat</span> <span class='ocrx_word' id='word_1_345' title='bbox 726 3588 841 3628; x_wconf 90' lang='lat' dir='ltr'>enim</span> <span class='ocrx_word' id='word_1_346' title='bbox 894 3585 1068 3642; x_wconf 76' lang='lat' dir='ltr'>aliquiS,</span> 
     </span>
     <span class='ocr_line' id='line_1_49' title="bbox 207 3646 1067 3706; baseline -0.005 -13"><span class='ocrx_word' id='word_1_347' title='bbox 207 3646 366 3705; x_wconf 81' lang='lat' dir='ltr'>‘nonne</span> <span class='ocrx_word' id='word_1_348' title='bbox 405 3647 612 3705; x_wconf 80' lang='lat' dir='ltr'>Bithynia</span> <span class='ocrx_word' id='word_1_349' title='bbox 659 3659 772 3691; x_wconf 86' lang='lat' dir='ltr'>anno</span> <span class='ocrx_word' id='word_1_350' title='bbox 820 3658 904 3706; x_wconf 90' lang='lat' dir='ltr'>quo</span> <span class='ocrx_word' id='word_1_351' title='bbox 951 3646 1067 3692; x_wconf 85' lang='lat' dir='ltr'>Mar-</span> 
     </span>
    </p>
   </div>
   <div class='ocr_carea' id='block_1_6' title="bbox 1141 1756 2022 3630">
    <p class='ocr_par' dir='ltr' id='par_1_6' title="bbox 1141 1756 2022 3630">
     <span class='ocr_line' id='line_1_50' title="bbox 1144 1756 2014 1812; baseline 0 -15"><span class='ocrx_word' id='word_1_352' title='bbox 1144 1758 1301 1799; x_wconf 87' lang='lat' dir='ltr'>tradita</span> <span class='ocrx_word' id='word_1_353' title='bbox 1334 1771 1431 1799; x_wconf 90' lang='lat' dir='ltr'>esse</span> <span class='ocrx_word' id='word_1_354' title='bbox 1463 1758 1604 1812; x_wconf 92' lang='lat' dir='ltr'>potuit</span> <span class='ocrx_word' id='word_1_355' title='bbox 1648 1763 1771 1799; x_wconf 87' lang='lat' dir='ltr'>extra</span> <span class='ocrx_word' id='word_1_356' title='bbox 1802 1756 2014 1810; x_wconf 87' lang='lat' dir='ltr'>ordinem,</span> 
     </span>
     <span class='ocr_line' id='line_1_51' title="bbox 1145 1816 2018 1872; baseline -0.002 -14"><span class='ocrx_word' id='word_1_357' title='bbox 1145 1817 1506 1872; x_wconf 88' lang='lat' dir='ltr'>quemadmodum</span> <span class='ocrx_word' id='word_1_358' title='bbox 1569 1816 1721 1859; x_wconf 89' lang='lat' dir='ltr'>eadem</span> <span class='ocrx_word' id='word_1_359' title='bbox 1789 1816 2018 1870; x_wconf 86' lang='lat' dir='ltr'>provincia</span> 
     </span>
     <span class='ocr_line' id='line_1_52' title="bbox 1144 1875 2017 1919; baseline -0.005 -1"><span class='ocrx_word' id='word_1_360' title='bbox 1144 1877 1286 1918; x_wconf 90' lang='lat' dir='ltr'>Plinio</span> <span class='ocrx_word' id='word_1_361' title='bbox 1339 1876 1539 1919; x_wconf 90' lang='lat' dir='ltr'>Secundo</span> <span class='ocrx_word' id='word_1_362' title='bbox 1591 1890 1616 1917; x_wconf 93' lang='lat' dir='ltr'>a</span> <span class='ocrx_word' id='word_1_363' title='bbox 1661 1875 1842 1917; x_wconf 86' lang='lat' dir='ltr'>Traiano</span> <span class='ocrx_word' id='word_1_364' title='bbox 1893 1887 2017 1916; x_wconf 82' lang='lat' dir='ltr'>com-</span> 
     </span>
     <span class='ocr_line' id='line_1_53' title="bbox 1143 1936 2016 1991; baseline -0.001 -15"><span class='ocrx_word' id='word_1_365' title='bbox 1143 1937 1275 1977; x_wconf 89' lang='lat' dir='ltr'>missa</span> <span class='ocrx_word' id='word_1_366' title='bbox 1298 1936 1430 1978; x_wconf 57' lang='lat' dir='ltr'>fuit?</span> <span class='ocrx_word' id='word_1_367' title='bbox 1460 1936 1555 1978; x_wconf 86' lang='lat' dir='ltr'>Non</span> <span class='ocrx_word' id='word_1_368' title='bbox 1577 1937 1734 1990; x_wconf 90' lang='lat' dir='ltr'>potuit,</span> <span class='ocrx_word' id='word_1_369' title='bbox 1758 1937 1861 1991; x_wconf 88' lang='lat' dir='ltr'>quia</span> <span class='ocrx_word' id='word_1_370' title='bbox 1882 1948 2016 1989; x_wconf 83' lang='lat' dir='ltr'>quae-</span> 
     </span>
     <span class='ocr_line' id='line_1_54' title="bbox 1145 1993 2016 2050; baseline -0.002 -14"><span class='ocrx_word' id='word_1_371' title='bbox 1145 2002 1234 2036; x_wconf 87' lang='lat' dir='ltr'>stor</span> <span class='ocrx_word' id='word_1_372' title='bbox 1255 1995 1532 2050; x_wconf 88' lang='lat' dir='ltr'>proconsulis</span> <span class='ocrx_word' id='word_1_373' title='bbox 1556 2000 1833 2047; x_wconf 80' lang='lat' dir='ltr'>memoratur,</span> <span class='ocrx_word' id='word_1_374' title='bbox 1851 1995 1920 2035; x_wconf 92' lang='lat' dir='ltr'>cui</span> <span class='ocrx_word' id='word_1_375' title='bbox 1944 1993 2016 2035; x_wconf 85' lang='lat' dir='ltr'>lo·-</span> 
     </span>
     <span class='ocr_line' id='line_1_55' title="bbox 1147 2051 2016 2110; baseline -0.002 -15"><span class='ocrx_word' id='word_1_376' title='bbox 1147 2067 1222 2095; x_wconf 92' lang='lat' dir='ltr'>cus</span> <span class='ocrx_word' id='word_1_377' title='bbox 1271 2061 1337 2097; x_wconf 92' lang='lat' dir='ltr'>est</span> <span class='ocrx_word' id='word_1_378' title='bbox 1367 2068 1513 2110; x_wconf 91' lang='lat' dir='ltr'>neque</span> <span class='ocrx_word' id='word_1_379' title='bbox 1546 2055 1591 2095; x_wconf 94' lang='lat' dir='ltr'>in</span> <span class='ocrx_word' id='word_1_380' title='bbox 1639 2055 1868 2108; x_wconf 88' lang='lat' dir='ltr'>provincia</span> <span class='ocrx_word' id='word_1_381' title='bbox 1901 2051 2016 2093; x_wconf 89' lang='lat' dir='ltr'>Cae-</span> 
     </span>
     <span class='ocr_line' id='line_1_56' title="bbox 1145 2112 2015 2169; baseline -0.002 -14"><span class='ocrx_word' id='word_1_382' title='bbox 1145 2114 1252 2155; x_wconf 87' lang='lat' dir='ltr'>saris</span> <span class='ocrx_word' id='word_1_383' title='bbox 1277 2127 1420 2169; x_wconf 91' lang='lat' dir='ltr'>neque</span> <span class='ocrx_word' id='word_1_384' title='bbox 1446 2113 1559 2167; x_wconf 86' lang='lat' dir='ltr'>apud</span> <span class='ocrx_word' id='word_1_385' title='bbox 1586 2113 1780 2168; x_wconf 86' lang='lat' dir='ltr'>legatum</span> <span class='ocrx_word' id='word_1_386' title='bbox 1800 2112 2015 2154; x_wconf 87' lang='lat' dir='ltr'>Caesaris.</span> 
     </span>
     <span class='ocr_line' id='line_1_57' title="bbox 1145 2172 2017 2229; baseline -0.002 -17"><span class='ocrx_word' id='word_1_387' title='bbox 1145 2172 1350 2229; x_wconf 86' lang='lat' dir='ltr'>Ambigat</span> <span class='ocrx_word' id='word_1_388' title='bbox 1383 2173 1494 2214; x_wconf 91' lang='lat' dir='ltr'>alius</span> <span class='ocrx_word' id='word_1_389' title='bbox 1513 2204 1524 2224; x_wconf 95' lang='lat'>,</span> <span class='ocrx_word' id='word_1_390' title='bbox 1569 2174 1734 2214; x_wconf 91' lang='lat' dir='ltr'>‘nonne</span> <span class='ocrx_word' id='word_1_391' title='bbox 1761 2178 1942 2227; x_wconf 87' lang='lat' dir='ltr'>praetor</span> <span class='ocrx_word' id='word_1_392' title='bbox 1973 2172 2017 2217; x_wconf 87' lang='lat' dir='ltr'>in</span> 
     </span>
     <span class='ocr_line' id='line_1_58' title="bbox 1147 2230 2017 2284; baseline 0 -13"><span class='ocrx_word' id='word_1_393' title='bbox 1147 2230 1231 2272; x_wconf 92' lang='lat' dir='ltr'>hoc</span> <span class='ocrx_word' id='word_1_394' title='bbox 1275 2231 1411 2273; x_wconf 80' lang='lat' dir='ltr'>&#39;I&#39;aciti</span> <span class='ocrx_word' id='word_1_395' title='bbox 1457 2232 1556 2273; x_wconf 93' lang='lat' dir='ltr'>loco</span> <span class='ocrx_word' id='word_1_396' title='bbox 1603 2233 1809 2273; x_wconf 86' lang='lat' dir='ltr'>universe</span> <span class='ocrx_word' id='word_1_397' title='bbox 1850 2230 2017 2284; x_wconf 89' lang='lat' dir='ltr'>positus</span> 
     </span>
     <span class='ocr_line' id='line_1_59' title="bbox 1148 2289 2018 2345; baseline -0.001 -14"><span class='ocrx_word' id='word_1_398' title='bbox 1148 2296 1213 2331; x_wconf 88' lang='lat' dir='ltr'>est</span> <span class='ocrx_word' id='word_1_399' title='bbox 1245 2304 1322 2345; x_wconf 90' lang='lat' dir='ltr'>pro</span> <span class='ocrx_word' id='word_1_400' title='bbox 1354 2297 1527 2333; x_wconf 87' lang='lat' dir='ltr'>rectore</span> <span class='ocrx_word' id='word_1_401' title='bbox 1559 2289 1860 2344; x_wconf 84' lang='lat' dir='ltr'>provinciae?&#39;</span> <span class='ocrx_word' id='word_1_402' title='bbox 1921 2289 2018 2331; x_wconf 87' lang='lat' dir='ltr'>Non</span> 
     </span>
     <span class='ocr_line' id='line_1_60' title="bbox 1148 2347 2018 2404; baseline 0 -14"><span class='ocrx_word' id='word_1_403' title='bbox 1148 2355 1228 2391; x_wconf 89' lang='lat' dir='ltr'>est.</span> <span class='ocrx_word' id='word_1_404' title='bbox 1289 2350 1396 2392; x_wconf 88' lang='lat' dir='ltr'>Nam</span> <span class='ocrx_word' id='word_1_405' title='bbox 1428 2350 1612 2404; x_wconf 91' lang='lat' dir='ltr'>primum</span> <span class='ocrx_word' id='word_1_406' title='bbox 1632 2350 1804 2391; x_wconf 83' lang='lat' dir='ltr'>Tacitus</span> <span class='ocrx_word' id='word_1_407' title='bbox 1838 2348 1937 2390; x_wconf 93' lang='lat' dir='ltr'><strong>XVI</strong></span> <span class='ocrx_word' id='word_1_408' title='bbox 1964 2347 2018 2390; x_wconf 87' lang='lat'>18</span> 
     </span>
     <span class='ocr_line' id='line_1_61' title="bbox 1146 2408 2019 2463; baseline -0.001 -14"><span class='ocrx_word' id='word_1_409' title='bbox 1146 2408 1382 2463; x_wconf 83' lang='lat' dir='ltr'>Bithyniae</span> <span class='ocrx_word' id='word_1_410' title='bbox 1414 2415 1630 2451; x_wconf 89' lang='lat' dir='ltr'>rectorem</span> <span class='ocrx_word' id='word_1_411' title='bbox 1655 2411 1749 2463; x_wconf 91' lang='lat' dir='ltr'>ipse</span> <span class='ocrx_word' id='word_1_412' title='bbox 1776 2408 2019 2449; x_wconf 87' lang='lat' dir='ltr'>nominavit</span> 
     </span>
     <span class='ocr_line' id='line_1_62' title="bbox 1141 2466 2018 2524; baseline -0.002 -15"><span class='ocrx_word' id='word_1_413' title='bbox 1141 2468 1468 2524; x_wconf 86' lang='lat' dir='ltr'>proconsulem,</span> <span class='ocrx_word' id='word_1_414' title='bbox 1522 2475 1569 2508; x_wconf 90' lang='lat' dir='ltr'>ut</span> <span class='ocrx_word' id='word_1_415' title='bbox 1601 2468 1779 2510; x_wconf 89' lang='lat' dir='ltr'>iubebat</span> <span class='ocrx_word' id='word_1_416' title='bbox 1811 2480 1914 2508; x_wconf 89' lang='lat' dir='ltr'>usus</span> <span class='ocrx_word' id='word_1_417' title='bbox 1946 2466 2018 2507; x_wconf 89' lang='lat' dir='ltr'>di-</span> 
     </span>
     <span class='ocr_line' id='line_1_63' title="bbox 1149 2526 2018 2584; baseline -0.001 -15"><span class='ocrx_word' id='word_1_418' title='bbox 1149 2527 1305 2580; x_wconf 90' lang='lat' dir='ltr'>cendi,</span> <span class='ocrx_word' id='word_1_419' title='bbox 1354 2534 1443 2569; x_wconf 89' lang='lat' dir='ltr'>tum</span> <span class='ocrx_word' id='word_1_420' title='bbox 1483 2530 1730 2584; x_wconf 74' lang='lat' dir='ltr'>praetorem</span> <span class='ocrx_word' id='word_1_421' title='bbox 1760 2526 2018 2581; x_wconf 83' lang='lat' dir='ltr'>provinciae</span> 
     </span>
     <span class='ocr_line' id='line_1_64' title="bbox 1147 2587 2019 2643; baseline -0.007 -15"><span class='ocrx_word' id='word_1_422' title='bbox 1147 2588 1395 2629; x_wconf 90' lang='lat' dir='ltr'>senatoriae</span> <span class='ocrx_word' id='word_1_423' title='bbox 1406 2600 1550 2643; x_wconf 91' lang='lat' dir='ltr'>neque</span> <span class='ocrx_word' id='word_1_424' title='bbox 1572 2587 1667 2640; x_wconf 90' lang='lat' dir='ltr'>ipse</span> <span class='ocrx_word' id='word_1_425' title='bbox 1688 2599 1831 2641; x_wconf 90' lang='lat' dir='ltr'>neque</span> <span class='ocrx_word' id='word_1_426' title='bbox 1850 2598 2019 2641; x_wconf 83' lang='lat' dir='ltr'>aequa-</span> 
     </span>
     <span class='ocr_line' id='line_1_65' title="bbox 1147 2644 2017 2701; baseline -0.001 -14"><span class='ocrx_word' id='word_1_427' title='bbox 1147 2645 1201 2687; x_wconf 94' lang='lat' dir='ltr'>lis</span> <span class='ocrx_word' id='word_1_428' title='bbox 1259 2648 1446 2701; x_wconf 87' lang='lat' dir='ltr'>scriptor</span> <span class='ocrx_word' id='word_1_429' title='bbox 1504 2658 1694 2700; x_wconf 90' lang='lat' dir='ltr'>unquam</span> <span class='ocrx_word' id='word_1_430' title='bbox 1759 2644 2017 2700; x_wconf 85' lang='lat' dir='ltr'>appellavit.</span> 
     </span>
     <span class='ocr_line' id='line_1_66' title="bbox 1147 2703 2019 2759; baseline -0.002 -13"><span class='ocrx_word' id='word_1_431' title='bbox 1147 2705 1371 2747; x_wconf 89' lang='lat' dir='ltr'>Postremo</span> <span class='ocrx_word' id='word_1_432' title='bbox 1405 2719 1460 2747; x_wconf 93' lang='lat' dir='ltr'>ne</span> <span class='ocrx_word' id='word_1_433' title='bbox 1495 2703 1693 2746; x_wconf 86' lang='lat' dir='ltr'>Caesaris</span> <span class='ocrx_word' id='word_1_434' title='bbox 1741 2703 1916 2759; x_wconf 91' lang='lat' dir='ltr'>quidem</span> <span class='ocrx_word' id='word_1_435' title='bbox 1948 2703 2019 2744; x_wconf 87' lang='lat' dir='ltr'>le-</span> 
     </span>
     <span class='ocr_line' id='line_1_67' title="bbox 1149 2761 2019 2820; baseline -0.001 -16"><span class='ocrx_word' id='word_1_436' title='bbox 1149 2770 1275 2820; x_wconf 89' lang='lat' dir='ltr'>gatus</span> <span class='ocrx_word' id='word_1_437' title='bbox 1302 2765 1561 2819; x_wconf 89' lang='lat' dir='ltr'>simpliciter</span> <span class='ocrx_word' id='word_1_438' title='bbox 1588 2771 1768 2819; x_wconf 86' lang='lat' dir='ltr'>praetor</span> <span class='ocrx_word' id='word_1_439' title='bbox 1799 2762 1913 2818; x_wconf 88' lang='lat' dir='ltr'>apud</span> <span class='ocrx_word' id='word_1_440' title='bbox 1935 2761 2019 2804; x_wconf 72' lang='lat' dir='ltr'>&#39;I‘a-</span> 
     </span>
     <span class='ocr_line' id='line_1_68' title="bbox 1149 2823 2018 2878; baseline -0.003 -13"><span class='ocrx_word' id='word_1_441' title='bbox 1149 2825 1281 2865; x_wconf 90' lang='lat' dir='ltr'>citum</span> <span class='ocrx_word' id='word_1_442' title='bbox 1341 2826 1493 2866; x_wconf 88' lang='lat' dir='ltr'>eiusve</span> <span class='ocrx_word' id='word_1_443' title='bbox 1555 2823 1763 2878; x_wconf 88' lang='lat' dir='ltr'>aequales</span> <span class='ocrx_word' id='word_1_444' title='bbox 1820 2827 2018 2874; x_wconf 83' lang='lat' dir='ltr'>vocatur,</span> 
     </span>
     <span class='ocr_line' id='line_1_69' title="bbox 1150 2881 2019 2938; baseline -0.001 -15"><span class='ocrx_word' id='word_1_445' title='bbox 1150 2895 1408 2938; x_wconf 89' lang='lat' dir='ltr'>quamquam</span> <span class='ocrx_word' id='word_1_446' title='bbox 1442 2884 1705 2924; x_wconf 88' lang='lat' dir='ltr'>contrarium</span> <span class='ocrx_word' id='word_1_447' title='bbox 1733 2881 1808 2923; x_wconf 92' lang='lat' dir='ltr'>alii</span> <span class='ocrx_word' id='word_1_448' title='bbox 1833 2881 2019 2936; x_wconf 88' lang='lat' dir='ltr'>probare</span> 
     </span>
     <span class='ocr_line' id='line_1_70' title="bbox 1149 2940 2019 2995; baseline -0.003 -12"><span class='ocrx_word' id='word_1_449' title='bbox 1149 2941 1410 2995; x_wconf 78' lang='lat' dir='ltr'>voluerunt,</span> <span class='ocrx_word' id='word_1_450' title='bbox 1444 2942 1522 2983; x_wconf 91' lang='lat' dir='ltr'>sed</span> <span class='ocrx_word' id='word_1_451' title='bbox 1554 2948 1745 2994; x_wconf 86' lang='lat' dir='ltr'>temere,</span> <span class='ocrx_word' id='word_1_452' title='bbox 1780 2940 1847 2984; x_wconf 89' lang='lat' dir='ltr'>his</span> <span class='ocrx_word' id='word_1_453' title='bbox 1879 2940 2019 2981; x_wconf 84' lang='lat' dir='ltr'>Taciti</span> 
     </span>
     <span class='ocr_line' id='line_1_71' title="bbox 1150 3000 2020 3056; baseline -0.002 -14"><span class='ocrx_word' id='word_1_454' title='bbox 1150 3000 1275 3054; x_wconf 88' lang='lat' dir='ltr'>locis,</span> <span class='ocrx_word' id='word_1_455' title='bbox 1308 3001 1347 3042; x_wconf 94' lang='lat' dir='ltr'>II</span> <span class='ocrx_word' id='word_1_456' title='bbox 1371 3002 1463 3053; x_wconf 70' lang='lat'>56:</span> <span class='ocrx_word' id='word_1_457' title='bbox 1514 3001 1808 3056; x_wconf 73' lang='lat' dir='ltr'>Commaqenis</span> <span class='ocrx_word' id='word_1_458' title='bbox 1841 3000 2020 3051; x_wconf 81' lang='lat' dir='ltr'>Quintus</span> 
     </span>
     <span class='ocr_line' id='line_1_72' title="bbox 1149 3059 2021 3116; baseline -0.005 -14"><span class='ocrx_word' id='word_1_459' title='bbox 1149 3061 1362 3102; x_wconf 86' lang='lat' dir='ltr'>Servaeus</span> <span class='ocrx_word' id='word_1_460' title='bbox 1397 3062 1682 3116; x_wconf 86' lang='lat' dir='ltr'>praeponitur</span> <span class='ocrx_word' id='word_1_461' title='bbox 1725 3067 1810 3100; x_wconf 86' lang='lat' dir='ltr'>tum</span> <span class='ocrx_word' id='word_1_462' title='bbox 1837 3059 2021 3114; x_wconf 85' lang='lat' dir='ltr'>primum</span> 
     </span>
     <span class='ocr_line' id='line_1_73' title="bbox 1151 3117 2020 3174; baseline -0.005 -14"><span class='ocrx_word' id='word_1_463' title='bbox 1151 3120 1208 3160; x_wconf 82' lang='lat' dir='ltr'>ad</span> <span class='ocrx_word' id='word_1_464' title='bbox 1238 3121 1303 3160; x_wconf 84' lang='lat' dir='ltr'>ius</span> <span class='ocrx_word' id='word_1_465' title='bbox 1331 3121 1547 3174; x_wconf 86' lang='lat' dir='ltr'>praetoris</span> <span class='ocrx_word' id='word_1_466' title='bbox 1580 3118 1816 3160; x_wconf 79' lang='lat' dir='ltr'>translatis.</span> <span class='ocrx_word' id='word_1_467' title='bbox 1868 3117 2020 3157; x_wconf 83' lang='lat' dir='ltr'>Narrat</span> 
     </span>
     <span class='ocr_line' id='line_1_74' title="bbox 1151 3175 2019 3233; baseline -0.002 -15"><span class='ocrx_word' id='word_1_468' title='bbox 1151 3184 1308 3219; x_wconf 89' lang='lat' dir='ltr'>terram</span> <span class='ocrx_word' id='word_1_469' title='bbox 1330 3177 1720 3233; x_wconf 88' lang='lat' dir='ltr'>Commagenorum</span> <span class='ocrx_word' id='word_1_470' title='bbox 1749 3175 2019 3228; x_wconf 87' lang='lat' dir='ltr'>provinciam</span> 
     </span>
     <span class='ocr_line' id='line_1_75' title="bbox 1153 3235 2019 3286; baseline -0.006 -8"><span class='ocrx_word' id='word_1_471' title='bbox 1153 3236 1351 3278; x_wconf 89' lang='lat' dir='ltr'>Caesaris</span> <span class='ocrx_word' id='word_1_472' title='bbox 1385 3237 1543 3278; x_wconf 87' lang='lat' dir='ltr'>factam</span> <span class='ocrx_word' id='word_1_473' title='bbox 1588 3249 1684 3276; x_wconf 89' lang='lat' dir='ltr'>esse</span> <span class='ocrx_word' id='word_1_474' title='bbox 1719 3240 1761 3275; x_wconf 89' lang='lat' dir='ltr'>et</span> <span class='ocrx_word' id='word_1_475' title='bbox 1793 3235 2019 3286; x_wconf 90' lang='lat' dir='ltr'>accepisse</span> 
     </span>
     <span class='ocr_line' id='line_1_76' title="bbox 1146 3291 2022 3350; baseline -0.003 -14"><span class='ocrx_word' id='word_1_476' title='bbox 1146 3303 1487 3350; x_wconf 85' lang='lat' dir='ltr'>propraetorem,</span> <span class='ocrx_word' id='word_1_477' title='bbox 1521 3294 1597 3334; x_wconf 90' lang='lat' dir='ltr'>sed</span> <span class='ocrx_word' id='word_1_478' title='bbox 1628 3300 1748 3334; x_wconf 88' lang='lat' dir='ltr'>recte</span> <span class='ocrx_word' id='word_1_479' title='bbox 1781 3291 1932 3333; x_wconf 88' lang='lat' dir='ltr'>scribit</span> <span class='ocrx_word' id='word_1_480' title='bbox 1964 3292 2022 3333; x_wconf 79' lang='lat' dir='ltr'>ad</span> 
     </span>
     <span class='ocr_line' id='line_1_77' title="bbox 1152 3351 2020 3409; baseline -0.007 -15"><span class='ocrx_word' id='word_1_481' title='bbox 1152 3356 1217 3395; x_wconf 80' lang='lat' dir='ltr'>ius</span> <span class='ocrx_word' id='word_1_482' title='bbox 1237 3355 1477 3409; x_wconf 85' lang='lat' dir='ltr'>praetoris,</span> <span class='ocrx_word' id='word_1_483' title='bbox 1512 3351 1626 3406; x_wconf 83' lang='lat' dir='ltr'>quod</span> <span class='ocrx_word' id='word_1_484' title='bbox 1658 3351 1694 3392; x_wconf 91' lang='lat' dir='ltr'>is</span> <span class='ocrx_word' id='word_1_485' title='bbox 1728 3353 1800 3406; x_wconf 89' lang='lat' dir='ltr'>qui</span> <span class='ocrx_word' id='word_1_486' title='bbox 1834 3351 2020 3404; x_wconf 88' lang='lat' dir='ltr'>provin..</span> 
     </span>
     <span class='ocr_line' id='line_1_78' title="bbox 1155 3411 2021 3467; baseline -0.001 -15"><span class='ocrx_word' id='word_1_487' title='bbox 1155 3414 1264 3453; x_wconf 89' lang='lat' dir='ltr'>ciam</span> <span class='ocrx_word' id='word_1_488' title='bbox 1325 3426 1406 3467; x_wconf 88' lang='lat' dir='ltr'>pro</span> <span class='ocrx_word' id='word_1_489' title='bbox 1459 3418 1660 3466; x_wconf 89' lang='lat' dir='ltr'>praetore</span> <span class='ocrx_word' id='word_1_490' title='bbox 1709 3411 1879 3451; x_wconf 88' lang='lat' dir='ltr'>obtinet</span> <span class='ocrx_word' id='word_1_491' title='bbox 1926 3411 2021 3451; x_wconf 83' lang='lat' dir='ltr'>iure</span> 
     </span>
     <span class='ocr_line' id='line_1_79' title="bbox 1150 3470 2020 3526; baseline 0 -16"><span class='ocrx_word' id='word_1_492' title='bbox 1150 3472 1371 3524; x_wconf 86' lang='lat' dir='ltr'>praetorio</span> <span class='ocrx_word' id='word_1_493' title='bbox 1395 3471 1544 3522; x_wconf 89' lang='lat' dir='ltr'>utitur,</span> <span class='ocrx_word' id='word_1_494' title='bbox 1577 3482 1663 3510; x_wconf 90' lang='lat' dir='ltr'>non</span> <span class='ocrx_word' id='word_1_495' title='bbox 1693 3470 2020 3526; x_wconf 82' lang='lat' dir='ltr'>propraetorio:</span> 
     </span>
     <span class='ocr_line' id='line_1_80' title="bbox 1155 3528 2018 3583; baseline 0 -14"><span class='ocrx_word' id='word_1_496' title='bbox 1155 3530 1221 3569; x_wconf 89' lang='lat' dir='ltr'>ius</span> <span class='ocrx_word' id='word_1_497' title='bbox 1255 3530 1369 3570; x_wconf 91' lang='lat' dir='ltr'>enim</span> <span class='ocrx_word' id='word_1_498' title='bbox 1417 3528 1762 3583; x_wconf 87' lang='lat' dir='ltr'>propraetorium</span> <span class='ocrx_word' id='word_1_499' title='bbox 1810 3542 1896 3569; x_wconf 92' lang='lat' dir='ltr'>non</span> <span class='ocrx_word' id='word_1_500' title='bbox 1938 3534 2018 3570; x_wconf 81' lang='lat' dir='ltr'>est.</span> 
     </span>
     <span class='ocr_line' id='line_1_81' title="bbox 1153 3586 2020 3630; baseline -0.002 -2"><span class='ocrx_word' id='word_1_501' title='bbox 1153 3586 1270 3629; x_wconf 86' lang='lat' dir='ltr'>Idem</span> <span class='ocrx_word' id='word_1_502' title='bbox 1302 3587 1532 3629; x_wconf 90' lang='lat' dir='ltr'>dicendum</span> <span class='ocrx_word' id='word_1_503' title='bbox 1567 3594 1632 3630; x_wconf 86' lang='lat' dir='ltr'>est</span> <span class='ocrx_word' id='word_1_504' title='bbox 1664 3587 1717 3630; x_wconf 90' lang='lat' dir='ltr'>de</span> <span class='ocrx_word' id='word_1_505' title='bbox 1749 3587 1786 3628; x_wconf 92' lang='lat'>11</span> <span class='ocrx_word' id='word_1_506' title='bbox 1819 3588 1902 3630; x_wconf 84' lang='lat'>77:</span> <span class='ocrx_word' id='word_1_507' title='bbox 1943 3588 2020 3629; x_wconf 69' lang='lat' dir='ltr'>Pi..</span> 
     </span>
    </p>
   </div>
   <div class='ocr_carea' id='block_1_7' title="bbox 1151 3647 2020 3707">
    <p class='ocr_par' dir='ltr' id='par_1_7' title="bbox 1151 3647 2020 3707">
     <span class='ocr_line' id='line_1_82' title="bbox 1151 3647 2020 3707; baseline -0.003 -15"><span class='ocrx_word' id='word_1_508' title='bbox 1151 3661 1309 3704; x_wconf 79' lang='lat' dir='ltr'>sonem,</span> <span class='ocrx_word' id='word_1_509' title='bbox 1343 3661 1432 3693; x_wconf 84' lang='lat' dir='ltr'>non</span> <span class='ocrx_word' id='word_1_510' title='bbox 1460 3648 1667 3706; x_wconf 81' lang='lat' dir='ltr'>Sentium,</span> <span class='ocrx_word' id='word_1_511' title='bbox 1699 3647 1855 3706; x_wconf 76' lang='lat' dir='ltr'>Syriae</span> <span class='ocrx_word' id='word_1_512' title='bbox 1881 3659 2020 3707; x_wconf 81' lang='lat' dir='ltr'>prae·</span> 
     </span>
    </p>
   </div>
  </div>
 </body>
</html>
