2280 4004
180 308 206 340 a
237 294 289 341 G.
321 297 394 343 62.
808 297 974 343 LIBER
1005 300 1099 344 XV.
1164 300 1273 345 GAP.
1307 302 1439 346 5-8,
1915 307 2006 349 211²

179 441 260 493 cui
295 441 423 493 satis
455 441 518 494 ad
557 426 774 510 gloriam
812 449 924 496 erat
958 445 1002 496 si
1042 446 1300 512 proximus
1338 446 1646 513 haberetur,
1687 447 2003 515 despiciebat

178 537 350 598 gesta,
388 533 513 584 nihil
553 534 726 586 caedis
768 540 852 586 aut
887 537 1142 602 praedae,
1178 543 1444 604 usurpatas
1484 539 1689 592 nomine
1726 544 1872 592 tenus
1913 555 2004 591 ur-

177 622 311 676 bium
356 626 758 692 expugnationes
807 627 1073 679 dictitans:
1135 644 1193 680 se
1243 629 1427 680 tributa
1485 646 1548 681 ac
1601 631 1745 698 leges
1803 636 1853 683 et
1910 646 2003 697 pro

129 714 352 767 Yumbra
406 717 546 784 regis
582 719 860 770 Romanum
916 720 994 770 ius
1050 719 1199 770 victis
1257 720 1621 786 impositurum.
1719 722 1819 774 Sub
1867 722 2002 775 idem

175 810 370 872 tempus
407 807 561 875 legati
590 809 888 878 VologesiS,
921 826 1047 877 quos
1081 812 1144 863 ad
1179 812 1457 879 principem
1489 814 1674 866 missos
1704 816 2043 880 memoravi,5

173 902 434 951 revertere
494 899 658 965 inriti,
738 901 1023 969 bellumque
1079 903 1338 969 propalam
1395 910 1642 970 sumptum
1701 922 1729 956 a
1787 906 1997 958 Parthis

172 988 279 1041 Nee
315 988 492 1041 Paetus
535 990 849 1057 detrectavit,
889 993 982 1044 sed
1021 993 1214 1045 duabus
1249 993 1558 1061 legionibus,
1599 1010 1807 1061 quarum
1846 1011 2002 1062 quar-

172 1084 273 1131 tam
311 1081 643 1133 Funisulanus
697 1084 1031 1135 Vettonianus
1091 1099 1152 1135 eo
1210 1085 1267 1135 in*
1322 1091 1580 1152 tempore,
1633 1087 2001 1139 duodecumam

173 1170 407 1225 Calavius
456 1172 674 1224 Sabinus
725 1175 1006 1240 regebant,
1059 1175 1351 1226 Armeniam
1403 1177 1582 1241 intrat,
1638 1178 1769 1228 tristi
1815 1178 1998 1230 omine.

168 1261 294 1314 Nam
332 1261 384 1312 in
420 1267 744 1331 transgressu
767 1265 1052 1330 Euphratis,
1094 1280 1240 1332 quem
1276 1271 1430 1332 ponte
1469 1268 1825 1332 tramittebant,
1865 1269 2066 1321 1111111110

168 1353 332 1420 palam
363 1369 519 1406 causa
560 1355 788 1407 turbatus
825 1371 999 1423 equus,
1039 1357 1121 1424 qui
1162 1358 1448 1409 consularia
1493 1359 1715 1426 insignia
1747 1360 1998 1425 gestabat,

169 1449 307 1497 retro
346 1446 522 1497 evasit.
597 1447 904 1514 Hostiaque,
963 1464 1091 1514 quae
1128 1449 1482 1500 muniebantur
1518 1450 1862 1501 hibernaculis
1900 1451 2000 1520 *ad-

168 1536 382 1602 sistenS,
435 1538 699 1589 semifacta
757 1553 913 1604 opera
967 1540 1085 1606 fuga
1138 1541 1363 1606 perrupit
1417 1555 1575 1606 seque
1613 1540 1748 1592 vallo
1806 1540 1996 1592 extulit.

169 1627 232 1678 Et
263 1627 368 1693 pila
404 1628 613 1685 militum
656 1644 848 1694 arsere,
887 1631 1052 1698 magis
1094 1631 1285 1698 insigni
1326 1631 1591 1698 prodigiO,
1633 1631 1749 1698 quia
1787 1631 2005 1682 Parthus

119 1718 331 1771 Shostis
365 1720 641 1771 missilibus
682 1721 796 1773 telis
835 1722 1079 1773 decertat.
1158 1722 1391 1774 Ceterum
1428 1723 1607 1774 Paetus
1645 1722 1826 1788 spretis
1866 1722 2061 1776 omi—1⁵

169 1809 344 1875 nibus,
393 1811 609 1862 necdum
646 1812 770 1864 satis
805 1812 1012 1865 firmatis
1048 1813 1420 1878 hibernaculis,
1465 1813 1601 1863 nullo
1643 1813 1720 1864 rei
1770 1813 1999 1864 frumen-

168 1901 328 1954 tariae
362 1902 587 1968 provisu,
629 1905 759 1970 rapit
797 1905 1074 1956 exercitum
1110 1910 1249 1956 trans
1290 1910 1509 1956 montem
1544 1905 1758 1955 Taurum
1795 1904 1999 1970 recipe-

167 1992 360 2057 randis,
398 1998 452 2044 ut
479 1993 694 2059 ferebat,
725 1996 1122 2063 Tigranocertis
1154 1996 1518 2062 vastandisque
1547 1995 1846 2062 regionibus
1874 2009 2003 2060 quas-

169 2084 390 2137 Gorbulo
428 2084 658 2153 integras
694 2087 966 2139 omisisset.
1039 2088 1101 2140 Et
1141 2093 1284 2154 capta
1327 2086 1574 2153 quaedam
1611 2086 1836 2152 castella,
1879 2086 2000 2153 glo-

282 2239 324 2282 2.
358 2237 495 2280 nictit
523 2237 604 2280 Ma.

165 2297 385 2339 decumam
416 2297 494 2351 Ma,
528 2298 820 2340 duodecimam
850 2299 898 2341 G.

165 2357 456 2399 tramittebant
477 2356 558 2410 Ma,
592 2358 936 2400 transmittebant
970 2358 1015 2400 G.

169 2418 237 2460 12.
272 2418 382 2458 ostia
413 2431 601 2472 quaeque
623 2416 704 2460 Ma.

170 2476 238 2519 17.
272 2477 405 2533 rccip.
438 2475 518 2530 Ma,
552 2491 697 2534 recup.
732 2475 778 2519 G.

166 2617 340 2660 tarchus
372 2618 417 2659 in
450 2616 605 2661 Crasso
637 2632 674 2661 c.
701 2619 777 2663 19:
811 2621 957 2668 ἵππος
990 2619 1039 2663 δὲ

165 2681 260 2724 τῶν
287 2680 608 2737 στρατηγικῶν
637 2681 755 2738 &naq
762 2695 884 2726 aucus·
905 2691 1038 2722 κεκο-

167 2741 404 2798 σαηιιένος
437 2743 514 2809 βίᾳ
562 2739 926 2788 συιεπισποὲσας
957 2733 1038 2783 τὸν

167 2796 361 2852 ἡνίοχον
381 2800 449 2846 εἰς
467 2795 519 2842 τὸ
539 2797 730 2856 ῥεῖθρον
750 2798 1040 2855 ὑποβρύχιος

166 2855 427 2924 ἠφανίσθη.
495 2857 756 2901 Consularta
787 2864 931 2899 autem
963 2857 1036 2897 in-

166 2915 310 2970 signia
340 2927 452 2969 quae
483 2914 914 2958 11.1.11οι1111111111111·
946 2914 1036 2957 noli

167 2973 419 3029 intelligere
445 2983 701 3016 ornamenta
733 2975 985 3017 consularia
1016 2989 1039 3016 a

169 3033 356 3075 Caesare
389 3045 465 3087 pio
500 3035 694 3090 egregiis
729 3034 836 3076 belli
873 3035 1039 3076 meritis

169 3096 241 3148 (ea
265 3091 421 3134 Paetus
444 3105 661 3148 nunquam
691 3095 896 3147 patravit)
929 3107 1040 3136 con-

138 3165 140 3169 ’
170 3164 318 3202 cessa,
352 3157 399 3192 ut
430 3152 538 3194 fecit
571 3151 761 3195 Orellius
783 3186 794 3206 ,
820 3152 908 3196 'sed
941 3159 1040 3194 sunt

170 3210 362 3266 insignia
413 3210 549 3267 legati
600 3213 867 3266 consularis,
929 3213 1041 3255 sella

170 3269 346 3321 curulis,
380 3269 539 3323 fasces,
570 3271 922 3324 paludamentum
954 3273 1039 3313 im-

171 3330 408 3382 peratoris,
444 3335 605 3372 cetera.

257 3388 358 3442 quia
408 3387 590 3430 Parthus
636 3388 766 3430 hostis
815 3388 1041 3430 missilibus

170 3447 264 3488 telis
295 3447 511 3488 decertat:
558 3447 646 3502 pila
678 3450 772 3502 ipsa
806 3462 860 3489 ex
891 3449 1040 3489 missi-

173 3506 284 3548 libus
332 3505 464 3557 telis3
520 3520 631 3562 quae
686 3521 781 3548 cum
824 3508 1039 3558 arderent,

172 3565 285 3607 haud
330 3564 477 3607 valere
535 3572 685 3607 eontra
728 3567 904 3608 hostilia
955 3566 1042 3607 tela

174 3624 446 3667 videbantur.
481 3624 683 3667 Ueterum
710 3641 857 3668 arsere
879 3626 1039 3667 dictum

174 3686 239 3725 est
270 3682 324 3727 de
354 3683 519 3735 lumine
551 3683 760 3728 electrieo
792 3686 872 3744 (St.
893 3684 1039 3728 Etms—

695 2240 737 2282 3.
770 2240 1083 2296 cxpuynatione
1113 2237 1192 2281 Ma.

1022 2299 1064 2342 9.
1098 2298 1294 2340 tristiore&
1325 2312 1426 2339 nam
1456 2296 1535 2339 Ma.

1115 2359 1182 2400 11.
1209 2357 1465 2399 consiliaria
1485 2355 1574 2399 M'¹:
1603 2362 1846 2398 correctum
1880 2357 1923 2396 in
1949 2355 1997 2397 G.

800 2419 868 2461 15.
904 2426 1120 2459 caeterum.
1148 2417 1229 2461 Ma.

874 2477 941 2521 18.
976 2484 1085 2534 tyqr.
1120 2476 1200 2520 Ma.

1812 2237 1855 2280 8.
1889 2237 1997 2279 duo-

1661 2298 1729 2340 10.
1767 2299 1879 2352 eusr.
1915 2295 1995 2338 Ma.

1296 2239 1337 2282 5.
1370 2238 1611 2294 uoloyaesis
1642 2235 1722 2280 Ma.

1305 2417 1545 2459 hominibus
1565 2414 1654 2458 Ma:
1687 2415 1760 2458 BG
1792 2415 1997 2458 omnibus.

1126 2619 1307 2676 Fauen->s
1339 2631 1458 2660 arma
1476 2618 1591 2659 enim
1619 2616 1825 2659 incendio
1849 2615 1998 2671 aliquo

1125 2685 1326 2733 correpta
1365 2677 1535 2719 nullum
1577 2676 1825 2732 prodigium
1866 2689 1998 2730 prae-

1122 2738 1299 2780 bebant.
1363 2738 1436 2780 Sic
1463 2737 1540 2778 XV
1574 2737 1631 2780 50
1664 2735 1822 2777 ardens
1854 2736 1999 2777 domus

1123 2798 1283 2840 dicitur
1299 2797 1446 2839 multis
1467 2794 1705 2837 luminibus
1723 2795 1995 2837 collustrata.

1215 2914 1320 2969 Cap.
1356 2915 1399 2957 8.
1463 2913 1617 2956 Paetus
1650 2914 1802 2970 spretis
1838 2914 1996 2956 omini·-

1125 2975 1225 3017 Ims:
1257 2988 1370 3030 quae
1403 2973 1506 3015 hinc
1539 2974 1777 3015 afferuntur
1810 2976 1874 3028 (c.
1895 2974 1924 3016 8
1954 2979 1998 3015 et

1129 3036 1230 3091 10),
1275 3035 1493 3090 insignem
1525 3033 1646 3075 Paeti
1679 3034 1914 3075 vanitatem
1954 3039 1998 3074 et

1125 3094 1296 3135 foedam
1346 3093 1682 3134 inconstantiam
1730 3091 1997 3133 luculentius

1126 3167 1178 3195 eo
1212 3153 1468 3208 depingunt,
1503 3151 1619 3206 quod
1651 3151 1794 3204 capite
1824 3151 1851 3194 9
1884 3148 1994 3190 Cor-

1124 3212 1299 3253 bulonis
1331 3211 1535 3252 alacritas
1562 3215 1604 3251 et
1638 3214 1843 3263 expertus
1873 3208 1994 3249 bello

1124 3272 1308 3322 animus,
1339 3281 1440 3310 mox
1475 3271 1578 3325 (11.)
1617 3268 1852 3323 Vologesis
1888 3279 1993 3320 pru-

1126 3330 1271 3370 dentia
1306 3335 1350 3370 et
1382 3330 1519 3369 virtus
1558 3333 1874 3382 comparantur.

1214 3388 1523 3443 recipcrandis,
1555 3394 1599 3427 ut
1628 3386 1807 3441 ferebat,
1840 3385 1987 3440 Tiyra-

1125 3450 1334 3488 nocertis:
1370 3447 1441 3488 vel
1473 3448 1638 3487 socium
1672 3459 1820 3501 regem
1840 3445 1993 3500 Tigra-

1126 3520 1223 3547 nem
1257 3520 1308 3547 ea
1340 3506 1446 3547 urbe
1480 3506 1609 3559 potiri
1654 3504 1765 3545 infra
1798 3503 1993 3559 dignita-

1127 3571 1211 3606 tem
1246 3566 1414 3618 imperii
1448 3565 1628 3606 Romani
1663 3563 1863 3618 putabat:
1896 3563 1991 3617 ipse

1128 3625 1350 3667 civitatem
1401 3624 1589 3666 nobilem
1624 3623 1829 3667 Romanis
1873 3623 1990 3665 reci-

1126 3687 1352 3738 peraturus
1380 3689 1485 3726 erat.
