2280 4004
237 275 326 319 246
1030 264 1323 310 ANNAlem
1813 279 1853 310 a.
1886 272 1931 310 u.
1965 264 2066 310 ⁷⁷6.

238 417 444 471 Priscae
492 416 625 468 inter
673 413 877 464 intimos
928 411 1103 475 aviae,
1169 414 1218 460 et
1273 407 1500 461 consiliis
1551 407 1658 460 suis
1717 407 2067 474 peridoneum,

242 512 358 577 quia
393 509 565 560 Prisca
620 507 671 556 in
720 505 887 556 animo
924 503 1187 569 Augustae
1223 500 1420 565 valida,
1473 515 1620 552 anum
1668 505 1844 566 suapte
1891 504 2069 552 natura

240 601 497 668 potentiae
543 597 744 649 anxiam
790 593 1355 672 ius‚991i¹b'il‘}ffl„„.¹2¹„1.[1fi
1417 591 1684 644 efficiebat.
1756 590 2071 658 Agrippinae

243 706 444 757 quoque
512 688 730 756 proximi
799 686 1156 738 inliciebantur
1214 684 1384 751 pravis
1458 682 1778 736 sermonibus
1850 680 2070 736 tumidos

203 784 448 851 sspiritus
490 779 862 848 perstimulare.
1250 766 1254 769 ”

381 873 449 924 At
483 872 714 923 Tiberius
769 869 895 920 nihil
941 868 1230 921 intermissa
1279 882 1448 920 rerum
1500 882 1652 933 cura,
1718 867 1925 935 negotia
1977 881 2071 935 pro
2090 868 2158 917 13

242 963 440 1015 solatiis
489 962 776 1028 accipienS,
836 961 914 1012 ius
968 960 1183 1024 civium,
1246 974 1428 1025 preces
1474 959 1732 1011 sociorum
1787 957 2073 1020 tractabat3

243 1055 477 1120 factaque
530 1058 739 1125 auctore
789 1067 850 1103 eo
901 1056 1107 1103 senatus
1161 1049 1389 1102 consulta
1430 1054 1484 1101 ut
1506 1048 2074 1126 fflssfifi.,.Ci-¹ZY.¹JE¹JZEO

244 1145 375 1215 apud
416 1145 609 1216 Asiam,
649 1142 898 1215 Aegiensi
938 1141 1371 1215 apudffthaiaJn,
1411 1146 1550 1193 motu
1583 1146 1752 1194 terrae
1789 1139 2072 1203 labefactiS,

179 1214 941 1291 10sibteniretmsissffiissione
973 1233 1146 1286 tributi
1182 1234 1234 1284 in
1270 1233 1557 1286 triennium.
1629 1233 1692 1286 Et
1716 1232 1894 1285 vibius
1919 1231 2076 1286 Sere-

242 1343 367 1393 nuS,
405 1327 682 1394 proconsul
715 1325 973 1379 ulterioris
1010 1325 1314 1391 Hispaniae,
1365 1324 1429 1376 de
1466 1324 1516 1374 vi
1551 1323 1752 1390 publica
1791 1323 2072 1386 dammim,
2138 1381 2144 1387 ,

244 1420 310 1473 ob
348 1420 665 1472 atrocitatem
703 1432 899 1469 morum
935 1416 987 1466 in
1023 1414 1237 1467 insulam
1261 1416 1541 1482 Amorgum
1578 1414 1887 1481 deportatur.
1942 1413 2077 1466 'Car-

243 1513 404 1566 sidius
442 1510 715 1575 SacerdOS,
754 1523 873 1561 reus
908 1513 1160 1573 tamquam
1199 1506 1449 1560 frumento
1485 1506 1683 1559 hostem
1709 1505 2077 1559 Tacfarinatem

362 1667 404 1707 3.
441 1664 667 1721 agrippine
699 1663 753 1705 M.
817 1662 860 1705 4.
896 1660 1188 1704 inlicebantur
1219 1660 1273 1702 M.
1345 1661 1386 1703 5.
1420 1675 1488 1718 sps
1521 1674 1617 1703 cum
1653 1660 1731 1703 lin.
1765 1661 1820 1704 M.
1883 1662 1925 1704 7.
1958 1661 2077 1719 solar-

246 1724 324 1767 ciis
355 1724 408 1766 M.
502 1723 545 1766 8.
596 1723 746 1764 civitati
776 1722 831 1764 M.
926 1722 966 1764 9.
1002 1727 1103 1777 aput
1133 1720 1186 1762 M.
1279 1719 1485 1775 Aeqiensi
1515 1721 1570 1773 M,
1604 1733 1820 1775 supcrscr.
1854 1734 1879 1762 a
1908 1722 2077 1763 recenti

245 1797 375 1825 manu
407 1798 460 1824 n.-
493 1782 731 1837 Aeyinensi
760 1780 1002 1823 Beroaldus
1025 1813 1035 1833 ,
1070 1780 1301 1834 Aeqirensi
1330 1779 1580 1832 Rhenanus,
1613 1780 1819 1836 Aegiensi
1847 1779 2076 1823 Ernestius

247 1849 426 1884 auctore
453 1843 539 1884 lac.
565 1841 802 1883 Gronovio.
870 1842 936 1881 11.
970 1852 1170 1895 procons.
1207 1852 1303 1880 cum
1337 1839 1499 1881 lin.M:
1531 1839 1787 1896 proconsule
1817 1838 2075 1883 Beroaldus.

244 1902 472 1943 ulteriores
494 1901 546 1942 M.
644 1902 711 1944 12.
747 1900 815 1956 ob]
851 1899 905 1940 ab
923 1898 976 1940 Μ.
1083 1911 1248 1939 morum
1282 1897 1478 1953 Lipsius:
1509 1898 1549 1940 M
1572 1905 1818 1954 temporum.

245 1961 314 2005 M:
349 1962 539 2004 correxit
560 1961 792 2003 Reinesius
827 1972 881 2001 ex
905 1957 1033 1999 titulo
1068 1957 1212 2012 (Grut.
1240 1957 1322 2001 767
1361 1959 1467 2016 10);
1502 1958 1559 2002 cr.
1580 1958 1608 2002 6
1631 1957 1704 2001 48.

1914 1901 2078 1942 car-sius

248 2103 419 2160 (Livia)
470 2102 638 2145 callidis
686 2101 1034 2144 criminatoribus
1067 2127 1121 2133 —-

247 2177 379 2204 arium
414 2163 704 2218 (Augustam)
738 2187 795 2194 --
827 2160 1122 2203 insociabilem

246 2224 378 2264 nurui
396 2223 716 2278 (Agrippinae)
732 2222 958 2276 efficiebat.
985 2220 1125 2262 Media

248 2282 481 2323 interiecta
517 2287 618 2321 sunt
644 2281 759 2322 inter
786 2294 887 2334 quos
909 2279 1127 2335 deleyerat

250 2341 420 2396 (Livia)
435 2341 549 2381 —in
578 2341 722 2381 animo
741 2340 959 2395 Augustae
980 2338 1128 2380 valida

252 2403 411 2455 (erat).
464 2399 579 2441 Vere
607 2401 742 2455 igitur
765 2404 808 2440 et
827 2399 1004 2452 proprie
1027 2400 1144 2439 avia.

250 2459 450 2514 Augusta
505 2459 766 2512 appellatur.
829 2458 933 2500 Nam
987 2457 1125 2509 Livia,

254 2519 415 2558 coniux
448 2517 592 2570 Drusi,
627 2518 786 2559 Tiberii
815 2516 910 2570 filia
943 2520 1125 2573 (nurus)

255 2582 370 2628 crat,
412 2576 614 2631 Augusta
658 2583 701 2617 et
748 2577 889 2617 Druso
925 2582 968 2616 et
1000 2577 1124 2616 uxori

253 2635 368 2676 acia.
433 2634 659 2676 Acidalius
712 2634 765 2675 (le
819 2635 978 2675 Seiano
1030 2647 1127 2675 ser-

253 2705 426 2734 monem
456 2705 552 2734 esse
578 2694 831 2735 existimans
863 2694 999 2748 adque
1020 2693 1128 2734 haec

256 2754 358 2806 (ἐπὶ
391 2752 594 2808 τούτοις)
638 2751 915 2793 scribendum
965 2754 1125 2793 suasit:

255 2812 332 2853 sed
359 2812 423 2851 sic
455 2811 705 2853 sufficiebat
737 2812 796 2852 acl
826 2810 935 2852 haec
965 2811 1037 2852 vel
1071 2813 1129 2853 ad

253 2870 360 2921 hoc,
404 2875 450 2909 ut
494 2870 592 2911 XIV
634 2872 708 2912 31.-
755 2877 798 2911 et
837 2871 973 2925 adque
1016 2884 1127 2912 unus

255 2930 442 2983 quisque
484 2930 776 2971 Romanorum
815 2942 891 2983 pro
939 2931 1123 2971 coniun-

255 2989 402 3029 ctione
435 2995 559 3043 atque
600 2987 825 3030 habiturus
869 2994 990 3030 erat:
1036 2991 1126 3031 sci-

254 3046 361 3089 licet
401 3050 650 3102 promiscue
703 3047 953 3089 scribebant
1002 3055 1126 3102 atque

256 3111 299 3147 et
331 3106 483 3161 adque.
542 3108 691 3150 miram
725 3107 901 3161 ellipsin
935 3106 1127 3149 Orellius

258 3166 552 3221 excogitavit,
594 3173 719 3220 atque
763 3166 871 3208 haec
903 3167 1125 3221 accipiens

257 3238 334 3278 pro
363 3225 427 3296 ‘pt
460 3225 569 3268 haec
603 3225 775 3282 quidem
811 3225 998 3281 perfecit
1045 3227 1126 3268 Se·-

256 3297 410 3327 lanus.

344 3343 500 3384 nurui.-
553 3344 749 3399 Augusta
791 3350 928 3386 mater
966 3344 1125 3387 Tiberii

259 3407 302 3442 et
354 3402 483 3443 Drusi
535 3402 790 3444 Germanico
848 3404 976 3445 Drusi
1036 3404 1126 3446 filio

259 3461 361 3501 avia
394 3466 499 3511 erat,
535 3467 578 3501 et
608 3463 671 3503 sic
705 3462 952 3516 appellatur
986 3462 1025 3505 11
1059 3466 1125 3515 14,

260 3518 317 3559 llI
358 3520 386 3562 3
441 3525 485 3560 et
534 3522 613 3571 17,
662 3522 933 3576 Agrippinae
982 3529 1125 3565 autem

260 3591 407 3619 socrus
427 3591 586 3634 magna
614 3585 656 3619 ct
676 3579 787 3621 haec
808 3580 873 3622 illi
895 3596 1124 3637 pronurus.

262 3635 423 3678 Verum
467 3650 600 3679 nurus
645 3650 803 3691 quoque
838 3639 1127 3696 appellatione

1208 2115 1295 2142 non
1329 2107 1492 2142 tantum
1518 2100 1602 2155 filii
1631 2114 1743 2142 umor
1760 2100 1835 2142 secl
1854 2108 1893 2143 et
1916 2103 2080 2160 nepotis

1209 2167 1247 2202 et
1275 2160 1523 2216 pronepotis
1555 2161 1818 2213 continetur,
1853 2159 1954 2204 licet
1982 2164 2081 2217 qui-

1210 2221 1308 2262 dam
1339 2220 1418 2262 has
1445 2234 1663 2276 pronurus
1695 2219 1938 2277 appellent:
1969 2221 2000 2265 l.
2026 2222 2082 2267 14

1209 2279 1311 2335 Dig.
1347 2280 1396 2320 de
1429 2281 1515 2320 ritu
1546 2286 1663 2335 nupt.
1702 2278 1862 2335 (XXIII
1891 2281 1961 2338 2).
2010 2278 2077 2325 Cf.

1209 2338 1263 2380 ad
1296 2337 1335 2379 11
1370 2339 1442 2390 43,
1477 2338 1536 2380 lv
1569 2340 1611 2382 3.

1288 2396 1392 2451 Cap.
1431 2398 1498 2440 13.
1546 2398 1711 2440 civitati
1735 2397 2079 2454 Cibyraticae—

1209 2456 1526 2498 subveniretur:
1580 2457 1636 2498 cf.
1671 2462 1818 2498 annot.
1853 2456 1907 2498 ad
1937 2456 1974 2499 11
2004 2457 2076 2501 47.

1221 2515 1361 2558 Vibius
1378 2517 1592 2558 Serenus.-
1627 2516 1684 2558 cf.
1716 2515 1753 2557 11
1776 2516 1834 2559 30
1854 2522 1911 2572 ‚et
1926 2522 2076 2560 annot.

1210 2574 1263 2616 ad
1298 2574 1357 2615 IV
1392 2575 1450 2618 29
1483 2581 1525 2617 et
1554 2576 1625 2618 30.

1298 2633 1347 2674 ob
1381 2636 1651 2676 atrocitatem
1680 2648 1867 2677 morum:
1901 2636 1938 2677 si
1971 2642 2077 2678 tem-

1205 2706 1415 2747 porum-a
1447 2694 1601 2735 codice
1637 2706 1715 2748 pro
1754 2708 1919 2736 morum
1948 2693 2078 2736 oblu-

1211 2757 1299 2792 tum
1331 2757 1546 2806 tenemus,
1570 2752 1717 2795 Tacito
1742 2754 1934 2810 iniquam
1958 2753 2078 2796 illius

1209 2811 1364 2853 aetatis
1420 2813 1787 2866 vituperationem
1852 2812 2077 2855 donamus.

1208 2869 1315 2913 Num
1352 2870 1483 2912 Vibio
1516 2872 1680 2914 Sereno
1725 2871 1781 2914 de
1826 2873 1870 2914 vi
1902 2873 2079 2927 publica

1210 2928 1410 2971 damnato
1458 2931 1695 2973 secundum
1737 2931 1882 2988 legem
1924 2931 2078 2974 Iuliam

1209 3001 1320 3042 aqua
1364 2995 1407 3031 et
1450 2991 1541 3045 igni
1590 2990 1936 3032 interdicendum
1970 2997 2076 3032 erat.

1211 3045 1277 3088 Of.
1312 3047 1340 3088 Ι.
1380 3050 1432 3091 10
1465 3050 1509 3099 §.
1544 3053 1571 3092 2
1603 3050 1703 3105 Dig.
1738 3050 1796 3091 ad
1826 3049 1961 3106 leqem
1993 3049 2075 3091 Iul.

1210 3106 1259 3146 de
1299 3107 1341 3147 vi
1376 3107 1492 3162 publ.
1551 3107 1746 3162 (XLvnl
1789 3108 1857 3165 6).
1922 3107 2077 3150 Postea

1210 3167 1386 3221 gravior
1447 3167 1640 3208 criminis
1686 3179 1828 3221 poena
1878 3166 2076 3209 ultimum

1209 3224 1470 3278 supplicium
1517 3232 1590 3267 aut
1630 3226 1875 3280 deportatio
1908 3228 2077 3268 consti-

1210 3288 1300 3325 tuta
1334 3290 1413 3326 est.
1468 3284 1595 3327 Conf.
1632 3286 1660 3327 1.
1694 3288 1722 3329 2
1755 3287 1799 3336 ἓ.
1836 3287 1856 3327 1
1890 3284 1991 3341 Dig.
2025 3287 2076 3328 de

1204 3344 1354 3399 poenis
1387 3343 1586 3399 (XLVIII
1622 3345 1715 3401 19).
1779 3343 1938 3385 Paulus
1983 3343 2075 3386 Re-

1210 3407 1324 3456 cept.
1360 3403 1556 3447 Sentent.
1595 3404 1631 3445 V
1663 3403 1720 3446 26
1753 3405 1804 3445 1:
1837 3403 1927 3457 leye
1961 3402 2075 3444 Iulia

1211 3461 1260 3503 de
1291 3463 1333 3503 vi
1359 3463 1536 3518 publica
1565 3463 1796 3505 damnatur
1826 3461 1898 3515 qui
1927 3459 2075 3515 aliqua

1204 3528 1413 3576 potesta-te
1441 3523 1662 3579 praeditus
1681 3521 1811 3563 civem
1835 3520 2074 3562 Romanum

1209 3587 1339 3621 (tinea
1371 3581 1428 3622 acl
1451 3581 1675 3638 populum,
1706 3592 1821 3620 nunc
1852 3577 1910 3620 ad
1939 3579 2074 3636 impe..

1208 3645 1397 3681 retorem
1427 3639 1712 3696 appellantem
1739 3638 1909 3680 necarit
1937 3650 2072 3682 neca-
