2280 4004
194 1703 202 1743 ζ
259 1739 431 1797 Lipsius
465 1756 519 1784 ex
549 1744 577 1787 3
609 1744 678 1797 13,
712 1743 739 1786 6
772 1745 814 1789 7.

274 266 364 320 140
1043 279 1334 324 ANNALIVM

1845 301 1895 331 aa
1915 277 1962 332 ἧι.
1994 275 2099 333 7713

273 415 358 469 illa
397 423 691 485 tempestate
731 434 833 469 non
871 418 1151 486 habebant,
1193 427 1359 473 amoto
1399 423 1641 475 Vonone:
1690 426 1782 477 sed
1822 426 1970 480 favor
2002 419 2100 482 ria-2

272 508 426 560 tionis
475 509 751 560 inclinabat
789 510 840 560 in
893 510 1147 562 Zenonem
1183 513 1469 565 Polemonis
1507 516 1649 582 regis
1696 517 1890 568 Pontici
1925 519 2096 585 filium,

269 600 409 665 quod
457 599 500 651 is
547 600 707 666 prima
758 601 820 651 ab
873 602 1083 671 infantia
1147 604 1371 656 instituta
1426 611 1475 657 et
1523 606 1707 658 cultum
1742 607 2099 663 Armeniorum

274 690 568 755 aemulatuS,
608 697 795 753 venatu
834 693 994 759 epulis
1034 699 1250 760 et‘quae
1285 695 1382 747 alia
1419 697 1623 749 barbari
1663 698 1938 765 celebrant,
1975 715 2101 767 pro—

93 782 138 819 21³...
156 774 186 850 s}
209 787 419 839 ¹‚tsceres
454 782 753 849 plebemque
782 785 918 836 iuxta
950 785 1265 861 devinxerat.
1340 788 1498 855 Igitur
1521 789 1852 843 Germanicus
1885 792 1938 842 in
1973 792 2100 845 urbe

0 862 50 897 μή
65 860 133 893 υἷέ]
144 860 150 872 ’”
180 859 198 881 s*

29 898 41 919 ι’
108 898 125 921 «”
169 906 173 914 ‘

270 871 543 938 Artaxata,
607 874 1003 941 adprobantibus
1054 877 1343 944 nobilibus,
1407 880 1712 933 circumfusa
1766 882 2097 949 multitudine,

267 960 472 1029 insigne
499 965 697 1032 regium
736 967 887 1032 capiti
925 966 1033 1018 eius
1062 968 1314 1034 imposuit.
1382 970 1548 1022 Ceteri
1584 978 1889 1025 venerantes
1921 988 2108 1042 regem.

262 1052 528 1106 Artaxiam
569 1056 982 1123 consalutavere,
1049 1060 1183 1126 quod
1232 1060 1303 1110 illi
1353 1061 1657 1113 vocabulum
1702 1064 1996 1116 indiderant
2034 1081 2099 1117 ex

266 1145 472 1198 nomine
507 1147 663 1199 urbis.

756 1150 824 1199 At
863 1150 1192 1216 Capp'adoces
1230 1151 1282 1200 in
1319 1151 1530 1204 formam
1573 1155 1870 1220 provinciae
1901 1155 2097 1207 redacti

199 1242 252 1282 20
266 1237 502 1300 Quintum
541 1240 814 1291 Veranium
854 1241 1073 1308 legatum
1127 1256 1406 1308 accepere3
1461 1248 1511 1294 et
1548 1245 1795 1310 quaedam
1840 1261 1907 1298 ex
1937 1246 2096 1313 regiis

263 1330 461 1381 tributis
503 1330 787 1396 deminuta,
829 1348 926 1399 quo
963 1332 1129 1384 mitius
1166 1333 1444 1385 Romanum
1484 1334 1748 1401 imperium
1787 1341 2094 1402 speraretur.

265 1422 621 1490 Commagenis
662 1424 875 1485 Quintus
916 1425 1168 1477 Servaeus
1213 1426 1571 1492 praeponitur,
1623 1432 1725 1477 tum
1775 1427 1989 1493 primum
2029 1428 2093 1479 ad

262 1513 341 1564 ius
375 1515 628 1580 praetoris
666 1515 939 1566 translatis.

378 1683 419 1725 5.
452 1685 722 1739 9ermanicos
755 1684 808 1726 M.

344 1900 482 1935 amoto
535 1894 732 1937 Vonone:
794 1896 1024 1939 Vononem
1076 1911 1129 1939 ex

255 1951 463 1995 Armenia
494 1954 538 1994 in
557 1955 724 2009 Syriam
751 1958 938 1998 accitum
957 1957 1129 1999 Silanus

256 2019 513 2067 propraetor
544 2015 741 2056 custodia
785 2016 1130 2058 circumdederat

259 2072 322 2127 (ΙΙ
360 2072 441 2129 4);
493 2073 678 2116 eundem
720 2075 851 2128 paulo
886 2081 986 2130 post
1020 2076 1130 2118 Ger-

254 2133 450 2173 manicus
470 2132 817 2188 Pompeiopolim
842 2133 1025 2177 Ciliciae
1053 2149 1129 2176 ur-

189 2189 196 2198 *
255 2191 355 2233 bem
390 2194 556 2234 amovit
593 2193 655 2249 (11
686 2193 783 2251 58).
846 2194 972 2235 Errat
996 2196 1131 2251 igitur

256 2251 515 2305 Suetonius,
569 2266 665 2294 cum
709 2255 754 2293 in
805 2252 994 2310 Caligul.
1029 2268 1066 2296 c.
1108 2256 1127 2296 1

256 2310 309 2352 de
365 2309 620 2353 Germanico
678 2312 788 2353 haec
829 2314 983 2355 tradit:
1038 2328 1132 2355 cum

253 2368 488 2410 Armeniae
530 2385 673 2426 regem
718 2372 960 2426 devicisset,
1012 2373 1130 2429 Cap-

249 2428 480 2485 padociam
541 2431 587 2471 in
641 2432 895 2486 provinciae
947 2436 1131 2487 formam

254 2489 484 2545 recleqisset
514 2515 569 2521 ——
602 2490 861 2533 Antiochiae
893 2492 1007 2535 obiit.

346 2577 564 2619 Zenonem
595 2578 833 2621 Polemonis
866 2581 979 2634 regis
1013 2579 1130 2621 Pon-

253 2636 330 2676 tici
366 2635 523 2688 filium.-
565 2637 742 2679 Polemo
781 2652 964 2694 regnum
1004 2638 1128 2680 Ponti

253 2696 426 2749 accepit
456 2710 495 2738 a.
531 2697 640 2739 719:
685 2697 768 2738 Dio
819 2697 950 2739 Xle
996 2699 1054 2741 33
1087 2704 1130 2740 et

252 2753 323 2797 44.
357 2755 442 2796 lam
465 2755 684 2798 extinctus
704 2763 798 2799 erat
826 2764 869 2799 et
899 2758 1128 2811 imperium

255 2813 349 2854 eius
393 2815 720 2858 administrabat
763 2819 923 2858 coniux
962 2816 1129 2871 Pytho-

253 2872 395 2925 «loris,
446 2875 604 2917 mulier
642 2876 838 2918 modesta
887 2883 931 2918 et
972 2878 1127 2931 perita,

253 2943 349 2971 cum
381 2933 519 2974 altero
554 2934 660 2987 filio,
694 2935 832 2977 altero
865 2938 936 2977 cui
968 2949 1128 2978 nomen

250 2989 442 3033 Zenonis
465 2994 507 3033 in
524 2994 758 3035 Armeniae
775 3008 959 3050 regnum
980 2997 1124 3038 missa

253 3049 406 3092 Strabo
440 3051 512 3094 ΧΗ
545 3054 573 3095 3
604 3055 646 3104 §.
679 3054 751 3096 30.

337 3138 383 3178 in
415 3138 518 3180 urbe
542 3138 796 3182 Artaoeata:
835 3154 989 3183 severa
1023 3154 1126 3181 ver-

251 3197 401 3238 horum
435 3204 650 3241 structura
689 3207 762 3242 aut
802 3202 849 3241 in
888 3200 992 3242 urbe
1036 3199 1126 3241 Ar-

250 3258 432 3310 taxatis,
481 3264 555 3300 aut
602 3260 649 3300 in
679 3260 783 3302 urbe
817 3259 1128 3302 Artaxatorum

252 3315 402 3356 debuit
447 3329 569 3359 esse:
612 3318 689 3360 sed
731 3320 894 3361 nomini
937 3319 984 3360 in
1023 3318 1126 3360 urbe

251 3373 435 3416 alterum
470 3377 729 3419 vocabulum
760 3380 896 3433 prima
929 3391 1006 3420 sua
1043 3390 1126 3432 po-

252 3433 412 3475 sitione
444 3440 487 3476 et
519 3436 803 3479 declinationi
842 3438 955 3479 haud
983 3437 1127 3479 obno-

252 3492 368 3533 xium
402 3495 586 3549 iungere
617 3495 783 3539 maluit.
850 3496 917 3539 Cf.
955 3496 1011 3539 Vl
1045 3498 1124 3540 33:

251 3551 355 3592 ¹urbe
395 3551 616 3594 Artaxata
656 3558 891 3611 potiuntur.
967 3555 1126 3598 Contra

252 3607 350 3651 Xul
394 3612 479 3656 39:
526 3613 638 3654 unde
685 3623 782 3657 orta
808 3617 969 3669 fiducia
1001 3623 1127 3672 caput

251 3669 389 3725 yemis
421 3669 644 3713 Artaoeata
685 3672 979 3729 adgrediendi.
1044 3677 1127 3717 412

916 1684 969 1728 10
1005 1689 1048 1726 et
1083 1685 1151 1728 12.
1186 1684 1234 1737 Q.
1269 1683 1323 1727 Μ.

1015 1516 1308 1582 Cunctaque
1348 1517 1563 1569 socialia
1598 1533 1844 1584 prospere
1880 1533 2094 1585 compo-
2109 1535 2178 1585 5⁷

1448 1685 1516 1728 12.
1549 1685 1768 1727 servaeius
1802 1684 1867 1731 M:
1901 1687 2092 1731 correxit

1214 1912 1273 1940 an
1320 1898 1526 1955 expeditis
1565 1897 1801 1956 leqionibus
1841 1908 1967 1944 nocte
1998 1898 2092 1944 Ar-

1214 1966 1366 2000 taxata
1380 1965 1580 2014 pergeret
1597 1983 1654 1991 --
1673 1959 1868 2015 aqitavit.
1903 1959 2092 2003 Ibidem:

1214 2017 1441 2059 Artaxatis
1471 2018 1584 2074 iqnis
1610 2018 1833 2062 immissus.
1882 2018 1983 2062 XIV
2010 2020 2091 2064 23:

1210 2084 1306 2133 post
1366 2077 1506 2118 deleta
1565 2076 1798 2120 Artaxata.

1215 2136 1378 2192 ubique
1409 2137 1493 2178 sibi
1535 2143 1730 2190 constat,
1782 2137 1868 2179 nisi
1899 2138 2091 2182 additum

1214 2208 1375 2238 nomen
1387 2196 1502 2238 urbis
1521 2196 1745 2239 licentiam
1761 2197 1880 2239 illam
1893 2203 2088 2242 excusat.

1214 2255 1302 2297 Alii
1330 2257 1500 2297 numeri
1522 2257 1856 2298 inconstantiam
1882 2262 2089 2311 statuunt,

1215 2314 1331 2370 quod
1352 2315 1458 2355 mihi
1481 2316 1526 2355 in
1550 2321 1634 2356 tam
1654 2317 1847 2358 accurati
1866 2317 2091 2372 scriptoris

1215 2386 1301 2414 uno
1324 2373 1565 2428 eodemque
1589 2387 1723 2428 opere
1741 2376 2090 2430 non‘probatum.

1215 2433 1280 2474 De
1302 2434 1387 2473 situ
1411 2433 1717 2475 Artaxatorum
1740 2434 1908 2476 Plinius
1934 2435 1990 2478 Vl
2013 2437 2089 2480 10:

1214 2493 1260 2533 in
1294 2492 1458 2534 excelso
1491 2499 1632 2533 autem
1669 2493 2006 2550 Tiqranocerta,
2047 2503 2093 2538 at

1214 2552 1260 2593 in
1293 2553 1452 2608 campis
1481 2552 1603 2593 iuxta
1633 2552 1824 2595 Araxem
1855 2553 2090 2597 Artaxata:

1216 2610 1399 2653 Condita
1430 2617 1522 2652 erat
1546 2619 1590 2653 et
1626 2614 1791 2655 munita
1816 2626 1948 2655 suasu
1969 2614 2089 2656 Han-

1213 2670 1371 2712 nibalis
1405 2684 1429 2712 a
1462 2684 1568 2726 rege
1600 2671 1804 2714 Artaxia:
1837 2671 1990 2715 Strabo
2011 2672 2089 2715 Xll

1219 2731 1273 2772 14
1303 2730 1343 2772 6.
1408 2728 1664 2772 Plutarchus
1711 2731 1894 2774 Lucullo
1930 2746 1966 2774 c.
2015 2733 2086 2775 32.

1303 2824 1347 2858 at
1382 2816 1658 2874 Cappadoces
1681 2843 1736 2850 —-
1767 2818 1826 2860 ad
1854 2819 1919 2861 ius
1947 2832 2083 2876 prae-

1214 2877 1319 2918 toris
1370 2878 1619 2920 translatis.-
1667 2884 1935 2933 acceperunt
1983 2891 2088 2934 pro-

1215 2942 1460 2977 curatorem
1492 2939 1559 2979 ius
1590 2937 1809 2980 dicentem
1830 2938 2008 2980 nomine
2044 2943 2088 2980 et

1213 2997 1473 3037 auctoritate
1517 2998 1731 3051 praetoris
1773 2997 1954 3050 urbani3
2002 2997 2087 3039 hoc

1214 3060 1279 3095 est
1341 3055 1399 3095 ad
1458 3056 1523 3097 ius
1588 3057 1805 3111 praetoris
1865 3055 2084 3098 translati.

1212 3113 1342 3154 Mittit
1358 3120 1502 3155 autem
1520 3120 1844 3168 procuratorem
1866 3116 2083 3170 princeps,

1214 3184 1355 3228 eoque
1388 3186 1546 3216 nomen
1581 3174 1620 3214 ei
1656 3180 1721 3215 cst
1752 3173 1898 3230 legati.
1963 3173 2085 3231 Lege

1212 3233 1449 3286 proximam
1482 3234 1823 3276 annotationem.

1299 3318 1484 3375 leqatum
1512 3333 1744 3376 accepere:
1778 3321 1861 3363 Dio
1876 3319 1990 3362 Lvn
2008 3320 2084 3363 17:

1210 3377 1299 3421 κάκ
1349 3381 1512 3422 τούτου
1559 3383 1637 3422 καὶ
1693 3379 1716 3434 ἦ
1760 3379 2085 3424 Καππαδοκία

1211 3441 1305 3482 τῶν
1362 3451 1409 3480 τε
1459 3437 1703 3497 Ῥωμαίων
1764 3440 1949 3494 ἐγένετο
2005 3442 2083 3481 καὶ

1211 3498 1349 3541 ἱππεῖ
1393 3498 1643 3555 ἐπετράπη.
1706 3495 1745 3537 IS
1797 3491 1963 3541 tunsos
2011 3495 2083 3537 in-

1213 3556 1481 3614 telligendus
1507 3563 1573 3598 est
1593 3561 1848 3611 procurator
1863 3554 1936 3610 qui
1953 3554 2081 3598 simul

1211 3617 1467 3673 provinciae
1501 3627 1708 3670 praeses:
1755 3619 2083 3670 procuratorum

1213 3676 1328 3717 enim
1353 3675 1567 3731 equestris
1598 3672 1804 3717 nobilitas
1828 3678 1894 3716 est
1917 3673 1992 3731 (Α.
2011 3674 2080 3732 4).

1879 2078 2092 2121 Numerus
2163 2091 2167 2094 ’
