2280 4004
216 316 253 347 a<
273 302 323 349 C.
357 304 427 349 55.

799 301 965 345 LIBER
994 301 1103 346 XIII.

1166 301 1274 346 CAr.
1311 300 1498 346 16-17.
1950 303 2045 346 125

217 462 333 499 num
376 445 744 514 ignoscebant,
795 443 1024 510 antiquas
1075 443 1283 495 fratrum
1323 441 1610 495 discordias
1651 446 1700 495 et
1736 441 2045 495 insociabile-

214 554 428 606 regnum
466 539 806 591 aestimantes.

879 535 1102 588 Tradunt
1133 535 1361 602 plerique
1391 549 1567 587 eorum
1601 539 1880 602 temporum
1908 535 2046 588 scri-z

213 635 386 696 ptores
426 628 621 682 crebris
659 632 776 680 ante
812 627 1016 681 exitium
1045 627 1223 678 diebus
1261 626 1475 678 inlusum
1513 627 1618 680 isse
1655 627 1899 694 pueritiae
1925 627 2045 679 Bri-

214 720 404 771 tannici
437 720 723 785 Neronem,
781 723 836 770 ut
867 718 966 770 iam
1012 733 1116 768 non
1153 723 1469 784 praematura
1508 733 1673 785 neque
1709 733 1864 771 saeva
1902 732 2045 774 mors

212 811 377 863 videri
418 815 586 878 queat,
625 810 853 877 quamvis
889 810 1021 861 inter
1049 824 1196 862 sacra
1226 824 1449 875 mensae,
1477 825 1542 862 ne
1578 814 1806 877 tempore
1839 810 2084 877 quidem5

214 902 278 954 ad
319 901 633 968 complexum
674 915 908 954 sororum
946 900 1091 965 date,
1152 904 1267 951 ante
1311 900 1488 951 oculos
1529 901 1720 951 inimici
1769 905 2043 968 properata

213 995 278 1046 sit
316 983 367 1045 i'n
417 993 555 1045 illum
605 1008 893 1060 supremum
933 991 1256 1043 Claudiorum
1309 992 1638 1059 sanguinem,
1692 996 1865 1058 stupro
1903 993 2044 1060 prius

213 1099 360 1152 quam
411 1099 611 1137 veneno
665 1084 920 1150 pollutum.

1027 1083 1420 1135 Festinationem
1480 1084 1804 1149 exequiarum
1869 1084 2046 1136 edictov

213 1177 404 1229 Caesar
441 1175 698 1240 defendit,
753 1191 782 1227 a
823 1174 1100 1226 maioribus
1143 1174 1417 1225 institutum
1467 1174 1699 1227 referens
1742 1175 2044 1227 subtrahere

212 1267 373 1320 oculis
411 1267 596 1318 acerba
626 1267 821 1331 funera,
858 1280 1025 1331 neque
1060 1265 1434 1316 laudationibus
1464 1270 1548 1316 aut
1582 1280 1762 1331 pompa
1795 1266 2108 1318 detinerem

212 1360 445 1411 Ceterum
495 1363 545 1410 et
592 1357 691 1410 sibi
742 1356 930 1408 amisso
985 1356 1156 1407 fratris
1197 1356 1385 1407 auxilio
1437 1356 1659 1422 reliquas
1711 1371 1827 1423 spes
1883 1357 1935 1407 in
1982 1373 2041 1408 re

209 1450 410 1517 publica
457 1449 616 1515 sitaS,
669 1453 719 1501 et
759 1452 898 1500 tanto
947 1448 1108 1515 magis
1161 1447 1434 1499 fovendum
1473 1448 1700 1514 patribus
1750 1448 2040 1516 populoque

327 1633 370 1676 2.
403 1631 677 1673 aestimantes
710 1629 809 1673 Vat.
847 1629 984 1674 1958:
1029 1630 1280 1672 extimantes
1309 1631 1354 1672 in
1387 1637 1462 1673 est.
1510 1643 1621 1673 corr.
1655 1631 1842 1673 fortasse
1875 1631 1928 1672 ab
1962 1643 2042 1672 ea-

211 1690 307 1732 dem
339 1703 470 1732 manu
497 1688 587 1742 Ma,
632 1690 922 1731 eaeistimantes
954 1689 1052 1741 BR,
1094 1691 1225 1731 estim.
1261 1688 1309 1731 G.

214 1751 404 1791 correxit
436 1749 622 1804 Lipsius.
716 1749 969 1791 brittannici
998 1747 1078 1790 Ma.

213 1823 410 1851 sororum
442 1808 524 1862 Ma,
555 1809 698 1851 sorori
729 1807 777 1850 G.

893 1809 932 1850 7.
965 1809 1165 1863 supinum
1196 1806 1277 1851 Ma.

1418 1691 1460 1732 3.
1499 1704 1587 1732 esse
1620 1689 1686 1732 Ma
1717 1704 1814 1732 cum
1858 1689 2040 1732 ceteris:

1181 1752 1223 1791 4.
1263 1763 1365 1791 seva
1396 1747 1475 1790 Ma.
1570 1750 1610 1792 5.
1649 1764 1791 1792 mense
1822 1748 1903 1792 Ma.
1997 1749 2040 1792 6.

1385 1809 1429 1851 8.
1465 1823 1552 1850 eccs.
1588 1808 1659 1850 Or.
1783 1810 1924 1852 ediceo
1960 1807 2040 1851 Ma.

214 1868 255 1912 9.
290 1868 480 1924 defendit
511 1868 564 1910 Id
595 1870 644 1924 (a
678 1879 810 1922 supra
841 1869 1050 1924 ascripto)
1082 1867 1316 1909 maioribus
1341 1866 1433 1909 Ma:
1483 1868 1672 1923 defendit
1703 1868 1749 1909 id
1780 1868 2043 1910 amatoribus

215 1927 263 1970 G.
359 1929 428 1970 11.
463 1933 502 1970 et
531 1927 614 1969 siti
645 1925 704 1970 G:
737 1926 852 1969 eaeibi
880 1926 963 1969 Ma.

212 1987 309 2029 dum
328 1984 410 2029 Ma.

287 2151 358 2193 cui
382 2150 577 2208 plerique
606 2150 695 2191 iam
719 2149 935 2191 hominum
954 2149 1083 2204 iyno-

211 2211 409 2252 scebant:
465 2215 676 2252 converte
734 2209 877 2251 womit
933 2208 1084 2250 bei-eits

209 2270 321 2311 viele
351 2282 435 2311 von
467 2269 548 2310 den
580 2267 815 2310 Menschen
848 2266 1086 2310 Nachsicltt

210 2329 372 2370 hatten.
414 2326 545 2370 Notat
574 2328 643 2369 vir
674 2329 820 2383 gravis
855 2326 1082 2368 levitatem

213 2394 256 2429 et
287 2386 545 2430 facilitatem
586 2386 834 2441 aequalium
880 2385 1081 2438 Neronis,

210 2453 440 2502 postquam
458 2458 547 2487 non
570 2445 753 2500 perinde
771 2445 877 2487 deos
891 2447 1083 2487 sensisse

211 2505 576 2563 subsignificavit.
642 2505 738 2547 Iam
782 2504 901 2546 dedit
939 2505 1084 2559 respi-

211 2567 332 2608 ciens
388 2566 722 2607 conversionem
777 2564 1019 2605 animorum
1059 2577 1084 2605 a

210 2625 566 2667 consternatione
588 2623 813 2678 proximae
837 2625 980 2665 noctis
1006 2635 1084 2664 us-

210 2697 296 2740 que
328 2683 382 2726 ad
412 2683 666 2739 sepulturae
700 2688 870 2737 tempus
904 2685 1082 2738 (poste-

207 2756 300 2785 rum
339 2743 473 2800 diem)
506 2747 800 2785 consecutam.
863 2742 949 2784 Sed
979 2755 1084 2797 per-

207 2804 361 2857 inepte
396 2803 524 2844 etiam
555 2801 693 2858 vulgo
727 2801 892 2858 legitur
925 2807 968 2842 et
998 2801 1083 2843 hoc

208 2862 327 2904 sicco
359 2861 473 2916 pede
496 2867 778 2916 praetereunt
799 2862 1078 2915 interpretes,

210 2923 332 2976 quasi
365 2926 466 2963 ante
498 2919 660 2962 dictum
679 2925 796 2961 esset
815 2919 920 2961 deos
947 2921 1081 2976 igno-

208 2981 327 3022 visse
360 2980 543 3021 facinori
560 2979 762 3031 Neronis,
793 2984 840 3019 ut
869 2980 1079 3033 consequi

209 3045 357 3093 posset
417 3040 544 3081 etiam
583 3037 784 3079 homines
835 3038 1078 3094 ignovisse.

210 3097 294 3140 Sed
308 3097 437 3152 plane
460 3098 723 3140 contrarium
744 3096 798 3138 de
816 3098 879 3138 ira
899 3097 1077 3139 deorum

209 3158 463 3210 praecessit.
526 3157 601 3200 Sin
634 3157 732 3211 quis
765 3155 880 3197 dicat
916 3157 1093 3210 opponi.

208 3214 356 3270 vulqus
376 3221 419 3256 et
437 3215 659 3271 plerosque
684 3215 915 3268 hominum,
950 3216 1078 3270 equi-

212 3274 308 3314 dem
343 3273 518 3315 edoceri
549 3273 683 3315 velim
717 3274 933 3328 quomodo
952 3274 1079 3314 'l'aci-

211 3339 279 3374 tus
329 3333 395 3373 sic
437 3331 630 3387 plerique
675 3334 804 3373 etiam
857 3332 1078 3374 collocare

210 3391 425 3447 potuerit,
458 3390 531 3431 ubi
553 3389 704 3431 debuit
727 3390 854 3431 etiam
868 3390 1076 3446 plerique.

214 3451 379 3493 Vitium
411 3451 538 3491 etiam
568 3450 628 3490 ita
660 3449 850 3501 emersit,
878 3455 925 3489 ut
942 3454 1079 3490 tracta

213 3523 267 3552 ex
309 3510 452 3564 priore
503 3507 694 3564 plerique
734 3507 885 3549 ultima
934 3507 1080 3548 littera

212 3570 394 3624 primum
428 3569 538 3609 eiam
562 3572 605 3609 et
634 3579 659 3608 a
682 3568 879 3622 proximo
899 3566 1077 3608 librario

214 3629 340 3671 ctiam
369 3628 647 3670 scriberetur.

299 3688 499 3748 antiquas
537 3689 726 3749 fratrum
772 3685 1008 3732 discordias
1041 3690 1081 3730 et

1057 1926 1215 1969 amisso
1247 1925 1327 1969 Ma.

1448 1941 1557 1983 re.p.
1579 1926 1659 1970 Ma.
1785 1930 1853 1971 12.
1887 1928 2043 1984 soben-

1169 2149 1423 2191 insociabile
1453 2163 1632 2206 regnum
1664 2152 1961 2194 aestimantes:
1993 2152 2037 2196 h.

1169 2222 1207 2250 e.
1242 2210 1385 2250 animo
1426 2221 1505 2252 suo
1545 2216 1799 2263 reputantes
1850 2218 1893 2253 et
1925 2225 2036 2266 pen..

1168 2267 1322 2310 dentes
1355 2271 1554 2324 antiquas
1586 2269 1766 2311 fratrum
1799 2269 2038 2313 discordias

1169 2333 1252 2368 cet.
1315 2327 1408 2369 Hoc
1454 2334 1657 2383 reputare
1701 2335 1744 2370 et
1787 2331 2038 2384 expendere

1165 2385 1318 2428 Latine
1353 2393 1420 2429 est
1461 2390 1713 2441 aestimare,
1758 2401 1845 2430 non
1887 2391 2037 2432 existi-

1165 2460 1299 2487 mare.

1236 2504 1422 2547 inlusum
1450 2507 1531 2548 isse
1560 2507 1773 2563 pueritiae
1795 2507 2040 2549 Britannici

1167 2566 1414 2607 Neronem.-
1444 2567 1658 2622 pueritiae
1691 2572 1756 2608 est
1775 2565 2037 2608 Graecorum

1248 2621 1360 2680 .
1413 2623 1544 2667 Caste
1579 2638 1655 2680 pro
1689 2638 1809 2667 more
1842 2625 2036 2681 loquitur

1167 2684 1210 2724 in
1243 2696 1291 2725 re
1323 2683 1493 2726 lubrica
1525 2691 1569 2727 et
1600 2685 1903 2727 abominanda.
1968 2683 2036 2728 Cf.

1167 2748 1314 2785 annot.
1351 2743 1405 2785 ad
1438 2743 1496 2785 v1
1532 2746 1569 2786 1.
1684 2744 1742 2786 ad
1777 2743 2038 2799 complexum

1166 2816 1360 2843 sororum
1378 2803 1475 2844 dato
1489 2817 1503 2844 .
1536 2815 1708 2846 sorores
1730 2803 2038 2859 intelliguntur

1167 2859 1347 2903 Octavia
1380 2863 1541 2903 coniux
1570 2863 1756 2904 Neronis
1790 2862 2037 2905 etAntonia

1166 2919 1374 2962 Cornelio
1408 2921 1579 2974 Sullae,
1628 2923 1697 2963 cui
1729 2921 1890 2964 Fausto
1925 2934 2037 2978 cog..

1164 2991 1349 3031 nomen,
1397 2986 1501 3021 tunc
1542 2981 1817 3022 matrimonio
1862 2985 2034 3035 iuncta

1164 3052 1206 3080 v.
1235 3052 1271 3080 c.
1307 3039 1364 3082 23
1397 3045 1440 3082 et
1471 3040 1543 3083 47.
1583 3040 1762 3084 Sueton.
1785 3039 1935 3083 Claud.
1961 3042 2032 3084 27.

1162 3097 1265 3139 Ner.
1299 3098 1371 3140 35.

1252 3157 1464 3210 defendit.-
1495 3155 1654 3197 vocula
1684 3157 1730 3197 id
1762 3163 1835 3197 aut
1867 3171 1919 3198 ex
1949 3167 2033 3209 po-

1163 3221 1324 3256 strema
1355 3215 1477 3256 verbi
1520 3214 1822 3255 antecedentis
1862 3214 2032 3268 syllaba

1163 3286 1391 3326 perperam
1423 3274 1626 3325 repetita,
1661 3272 1760 3314 dein
1794 3274 1906 3315 male
1931 3285 2032 3314 cor..

1164 3337 1284 3373 recta
1317 3331 1524 3388 (defendit
1555 3333 1601 3383 it,
1637 3331 1824 3385 defendit
1856 3333 1918 3389 id)
1939 3333 2032 3372 ori-

1165 3391 1310 3445 ginem
1344 3390 1546 3442 duxisse,
1595 3395 1642 3429 ut
1673 3389 1899 3432 Ernestius
1932 3391 2032 3444 opi..

1163 3448 1368 3500 nabatur,
1421 3454 1494 3489 aut
1535 3462 1589 3489 ex
1632 3451 1958 3503 praepositione
2003 3462 2034 3491 a

1165 3508 1285 3547 iuxta
1316 3507 1487 3548 solitam
1520 3507 1836 3550 aberrationem
1869 3525 1897 3551 u
1918 3509 2031 3550 scri-

1166 3572 1252 3620 pta,
1283 3579 1382 3607 mox
1414 3567 1456 3607 in
1490 3566 1535 3606 id
1566 3579 1698 3620 prave
1731 3574 1890 3609 mutata
1924 3579 2030 3622 pro-

1165 3625 1280 3666 disse
1314 3625 1537 3667 videatur:
1571 3639 1667 3667 nam
1706 3628 1795 3668 ain
1815 3625 1877 3668 Ma
1899 3638 2032 3681 super

1163 3683 1365 3729 inutilem
1397 3683 1510 3729 hanc
1541 3697 1696 3731 vocem
1727 3687 1915 3747 ascripta
1947 3690 2028 3734 est.
