2280 4004
225 258 316 302 348

225 396 435 451 subiret.

225 487 427 539 teriecti
462 485 670 539 lictores
718 481 946 547 utrisque
982 481 1313 535 obstitissent.

992 247 1284 294 ANNALIVM

1805 261 1846 293 a.
1877 258 1923 296 u.
1943 249 2058 299 ,ἄλ

510 393 666 449 Simul
699 392 752 444 in
789 390 1047 457 amplexus
1085 389 1403 447 occurrentis
1438 390 1573 445 filiae
1605 389 1939 456 rueba›t,-nisi
1975 390 2060 446 ine-

1387 481 1507 535 Mox
1543 479 1694 535 datus
1730 481 1943 537 testibus
1974 480 2060 533 lo-.-

227 593 346 641 cus;
377 581 426 627 et
452 578 688 640 quantum
708 571 1095 628 misericordiae
1117 571 1330 625 saevitia
1351 571 1692 626 accusationis
1719 577 2056 639 permoverat,

227 672 416 719 tantum
453 665 563 716 irae
599 663 799 716 Publius
845 663 1093 744 Egnatius
1131 663 1274 718 testis
1320 663 1558 716 concivit.

1631 663 1802 717 Cliens
1842 662 1927 717 hic
1955 662 2062 720 So·-

187 757 366 821 srani‚
418 761 468 808 et
497 761 616 807 tunc
652 759 846 822 emptus
882 755 947 806 ad
985 754 1368 821 opprimendum
1407 754 1655 819 amicum,
1704 753 2060 810 auctoritatem

222 849 429 901 Stoicae
468 851 641 900 sectae
685 837 1036 912 praeferebat,
1093 846 1267 897 habitu
1309 850 1366 902 et
1417 860 1508 898 ore
1563 845 1627 897 ad
1678 845 2058 911 exprimendam

222 939 496 1006 imaginem
531 937 732 989 honesti
769 937 1051 1000 exercituS‚
1103 942 1325 988 ceterum
1374 936 1540 988 animo
1588 935 1892 1002 perfidiosus
1932 936 2061 992 sub-

225 1029 419 1094 dolus„
454 1027 717 1080 avaritiam
757 1042 818 1078 ac
856 1026 1125 1078 libidinem
1160 1026 1449 1090 occultans;
1500 1041 1629 1092 quae
1665 1031 1930 1093 postquam
1964 1040 2058 1092 pe·-

226 1121 373 1170 cunia
412 1119 614 1171 reclusa
651 1123 765 1171 sunt
781 1157 794 1182 ,

851 1118 991 1170 dedit
1039 1117 1319 1183 exemplum
1373 1117 1742 1183 praecavendi,
1803 1116 2057 1182 quomodo

163 1224 210 1259 ιο
226 1210 488 1261 fraudibus
524 1209 780 1260 involutos
819 1213 902 1259 aut
929 1208 1135 1275 flagitiis
1181 1208 1593 1272 commaculatOS,
1636 1208 1714 1259 sic
1747 1207 1922 1273 specie
1959 1206 2060 1259 bo-

221 1316 399 1353 narum
441 1300 622 1352 artium
665 1299 822 1351 falsos
872 1304 921 1350 et
972 1299 1225 1350 amicitiae
1266 1298 1492 1350 fallaces

312 1467 350 1509 1.
385 1466 623 1508 interiectis
654 1465 736 1508 Ma.
829 1468 871 1509 3.
906 1468 1027 1509 seuit.

1063 1464 1144 1509 Ma.

1239 1465 1283 1508 4.
1319 1464 1364 1506 Ρ.
1398 1462 1479 1508 Ma.
1558 1466 1598 1508 7.
1635 1465 1848 1506 exercitus
1870 1463 2056 1519 Lipsius,

218 1526 323 1568 item
353 1526 393 1567 A
425 1526 649 1567 referente
684 1525 884 1580 Ryckio:
915 1524 980 1568 Ma
1017 1531 1061 1567 et
1095 1525 1230 1567 ceteri
1264 1531 1304 1566 et
1341 1525 1533 1566 exerciti.

219 1666 390 1722 Quippe
429 1667 545 1709 Nero
591 1679 679 1708 non
712 1667 852 1710 adfuit
884 1668 988 1712 huic
1016 1680 1093 1710 se-

215 1731 342 1767 natus
375 1726 585 1778 consilio,
629 1733 676 1767 ut
707 1733 827 1782 patet
859 1741 929 1769 ex.
966 1741 1004 1769 o.
1039 1728 1092 1770 27

216 1792 257 1827 et
288 1786 427 1827 oratio
460 1786 670 1842 principis
708 1800 786 1842 per
830 1793 1097 1840 quaestorem

216 1845 305 1885 eius
337 1845 486 1886 audita
523 1853 605 1898 est,·
638 1860 676 1888 c.
704 1847 761 1889 23
784 1845 961 1900 denique
986 1844 1096 1886 nihil

214 1904 304 1958 ipse
342 1904 391 1944 de
430 1904 619 1945 Thrasea
649 1905 903 1960 scripseris3
954 1905 1094 1945 disce-

211 1969 425 2018 ptatorem
468 1971 664 2005 senatum
715 1964 838 2005 nobis
884 1963 1091 2018 relinque.

217 2021 408 2065 Servilia
448 2024 584 2081 igitur
615 2023 726 2071 haec
758 2036 836 2065 sua
872 2023 1007 2068 verba
1042 2022 1095 2064 ad

215 2082 453 2137 imaginem
495 2082 680 2125 Neronis
727 2081 931 2138 proloqui
966 2083 1094 2138 eogi-

215 2140 344 2181 tanda
377 2147 458 2184 est.
805 2186 809 2189 .

335 2198 438 2254 Cap.
490 2202 562 2245 32.
626 2200 796 2246 Publius
855 2200 1096 2257 Egnatius.-

215 2258 387 2300 Publius
435 2259 586 2312 Celer,
630 2273 707 2315 pro
740 2261 917 2302 nomine
950 2263 1094 2314 posito

216 2319 480 2374 cognomine
515 2320 635 2370 eius,
670 2319 917 2374 appellatur
951 2319 1001 2360 H.
1034 2318 1096 2359 IV

219 2377 272 2419 10
305 2382 349 2417 et
378 2378 452 2421 40.
516 2376 642 2420 Conf.
692 2379 775 2420 Dio
821 2391 889 2432 ap.
929 2377 1094 2432 Xiphil.

214 2434 325 2476 LXII
359 2436 415 2479 26
449 2443 492 2478 et·
523 2451 621 2479 mea
664 2438 717 2479 ad
750 2438 800 2479 H.
833 2437 892 2478 IV
929 2438 983 2480 10
1013 2450 1095 2477 an-

214 2495 397 2537 notatio.
520 2510 628 2551 quae
655 2505 879 2553 postquam
908 2497 1097 2551 pecunia

214 2554 385 2595 reclusa
403 2561 525 2596 sunt:
557 2568 644 2596 non
671 2556 755 2597 hoc
780 2556 885 2597 dicit
905 2554 1094 2607 Tacitus,

213 2613 390 2668 Egnatii
423 2614 531 2654 vitia
562 2628 640 2667 per
683 2616 912 2668 pecuniam
946 2619 1095 2667 aperta

214 2671 331 2712 facta
364 2684 476 2724 esse,
509 2673 586 2716 sed
615 2675 754 2727 ipsum
780 2674 968 2727 pecunia
994 2685 1094 2712 cor-

213 2735 387 2784 ruptum
410 2731 731 2787 impulsumque
756 2745 868 2785 esse,
895 2737 942 2772 ut
963 2731 1093 2775 talem

215 2788 357 2844 qualis
391 2796 482 2830 erat
526 2803 574 2833 se
616 2790 884 2835 ostenderet.
948 2790 1093 2833 luter-

214 2854 387 2902 pretare
432 2848 498 2890 als
542 2850 655 2892 diese
710 2850 958 2903 (Habsucht
1006 2849 1095 2891 und

228 2906 426 2963 Wollust)
475 2908 610 2950 durch
672 2908 777 2951 Geld
827 2909 1093 2952 erschtossen

217 2979 380 3007 waren.
422 2967 713 3010 Recluserunt
732 2981 783 3010 ea
800 2969 985 3013 ministri
1001 2966 1093 3008 Ne-

218 3025 343 3067 ronis
377 3030 419 3065 et
451 3027 640 3081 pecunia
674 3026 727 3072 ab
762 3026 830 3066 his
864 3028 1090 3083 promissa.

311 3082 416 3137 Cap.
458 3085 530 3126 33.
597 3085 737 3127 Cassii
778 3085 1091 3143 Asclepiodoti:

216 3142 413 3183 meminit
454 3144 536 3184 viri
571 3145 700 3187 etiam
733 3143 816 3186 Dio
861 3144 889 3188 l.
926 3159 963 3187 c.
1014 3158 1093 3185 ae-

216 3202 373 3257 quitate
407 3202 553 3243 deum.-
598 3202 638 3244 h.
675 3216 713 3246 e.
749 3203 814 3246 dis
847 3216 988 3259 aeque
1021 3204 1093 3246 in-

215 3261 414 3301 curiosis.
477 3260 624 3303 Nudus
680 3261 898 3304 ablativus
946 3261 1092 3304 addito

214 3320 428 3386 genitivo,
464 3321 536 3374 qui
570 3319 689 3363 valet
720 3320 834 3366 idem
866 3328 997 3377 atque
1023 3322 1091 3363 di-

212 3378 339 3429 vina,
390 3386 634 3421 excusatur.
700 3378 826 3423 Conf
868 3381 972 3438 Agr.
1013 3383 1090 3423 11·

214 3450 358 3478 eorum
400 3450 531 3480 sacra
558 3439 892 3497 deprehendas,
938 3453 1090 3495 super-

212 3495 429 3537 stitionum
455 3497 750 3551 persuasione
873 3498 1091 3545 Helvidius

214 3559 251 3593 et
284 3552 495 3599 Paconius
528 3552 662 3600 Italia
702 3555 996 3612 depelluntur:
1037 3556 1091 3599 de

212 3607 391 3657 Paeonii
431 3613 566 3659 exilio
608 3612 905 3661 memorabilia
948 3618 1091 3662 narrat

1178 1666 1388 1708 Arrianus
1429 1666 1545 1709 Diss.
1575 1665 1719 1721 Epict.
1752 1665 1770 1706 1
1807 1667 1854 1708 1:
1904 1663 2051 1724 α’πηγ-

1179 1728 1320 1783 γέλθη
1357 1726 1505 1781 αὐτῷ,
1553 1725 1620 1769 ὄιι
1630 1729 1802 1798 Κρίνη
1846 1726 1896 1768 ἐν
1925 1739 2058 1796 συγ-

1181 1786 1350 1843 κλὴτῳ
1380 1785 1560 1844 'slya-953
1590 1783 1717 1842 τύχῃ.
1754 1779 1886 1829 Ἀλλὰ
1919 1779 2058 1837 ἦλθεν

1181 1845 1205 1898 ἡ
1234 1849 1417 1902 πέιιπῐη
1445 1846 1606 1901 (ταύτῃ
1641 1844 1681 1884 ‹5'
1698 1842 1857 1889 εἰωθει
1879 1859 2053 1901 γυμνα

1180 1904 1383 1962 σάιιενος
1426 1906 1800 1960 ψυχρολουτεῖν)·
1841 1903 2056 1946 ‹infimo-

1175 1975 1267 2022 μεν
1310 1967 1388 2007 καὶ
1426 1962 1801 2020 γυιινασθῶαεν-
1853 1964 2058 2036 Γυμνα-

1181 2026 1368 2082 σαμένῳ
1401 2024 1523 2080 λέγει
1561 2037 1628 2067 nc
1661 2021 1810 2079 αὐτῷ,
1850 2020 1920 2065 ὅτι
1951 2025 2057 2066 Κα-

1179 2086 1464 2154 τακέκρισαι.
1529 2081 1680 2149 Φυγῇ,
1718 2084 1882 2153 φησίν,
1912 2098 1931 2130 η
1966 2085 2056 2122 θα-

1178 2140 1332 2197 νοὶτῳς
1373 2141 1522 2198 Φυγῇ.
1577 2138 1643 2184 Τὰ
1679 2138 1957 2197 ὑπάρχοντα
1987 2143 2055 2191 τί,-

1185 2199 1277 2244 Οὐκ
1324 2198 1558 2271 ἀφηρέθη.
1617 2201 1695 2245 Εἰς
1721 2198 1938 2257 ’Λρικίαν
1973 2194 2056 2245 οὖν

1183 2259 1467 2307 ἀπελθόντες
1503 2258 1847 2316 ἀριστήσωμεν.

1266 2332 1319 2359 ne
1349 2319 1397 2359 in
1431 2332 1478 2358 re
1506 2317 1682 2373 publica
1713 2317 1968 2359 haberetur:
2009 2322 2056 2357 ut

1178 2379 1372 2432 privatus
1399 2382 1567 2433 ageret.

1290 2435 1394 2491 Cap.
1442 2437 1514 2478 34.
1578 2441 1777 2490 quaestor
1824 2434 2053 2477 Caesaris:

1176 2496 1373 2537 notabile
1405 2500 1621 2550 turpeque
1653 2493 1856 2535 mendum
1880 2492 2053 2545 sustuli,

1177 2569 1273 2596 cum
1330 2568 1384 2596 ex
1434 2561 1656 2608 quaestore
1713 2551 1922 2604 consulis,
1981 2553 2054 2608 qui

1175 2613 1321 2654 nullus
1357 2614 1439 2654 suit
1473 2613 1553 2653 hac
1587 2617 1745 2663 aetate,
1778 2617 2054 2666 quaestorem

1177 2671 1374 2714 Caesaris
1406 2672 1590 2712 restitui.
1655 2671 1862 2712 Nimirum
1895 2670 1997 2712 inde
2030 2684 2053 2711 a

1177 2729 1359 2772 Claudio
1403 2743 1542 2785 usque
1582 2730 1636 2770 ad
1678 2731 1852 2770 tertium
1884 2731 2054 2784 princi-

1175 2795 1301 2843 patus
1352 2788 1588 2830 Neroniani
1637 2801 1795 2830 annum
1844 2789 1889 2831 in
1946 2788 2053 2833 urbe

1176 2855 1419 2903 quaestores
1451 2847 1620 2888 aerarii
1663 2852 1807 2900 erant,
1857 2849 1902 2889 in
1947 2859 2053 2902 pro-

1174 2908 1333 2949 vinciis
1366 2913 1622 2962 quaestores
1658 2908 1839 2948 comites
1880 2911 1925 2956 et
1967 2908 2053 2948 mi·-

1174 2968 1298 3007 nistri
1328 2966 1645 3022 proconsulum.
1696 2965 1780 3007 Sed
1818 2965 1882 3007 illi
1914 2978 2053 3020 quae-

1173 3032 1313 3067 stores
1349 3025 1468 3066 urbis
1501 3025 1553 3066 ab
1587 3037 1700 3066 anno
1731 3025 1787 3067 56
1820 3030 1918 3079 post
1949 3023 2051 3067 chr.

1174 3085 1283 3126 nulli
1319 3090 1461 3136 erant,
1509 3083 1716 3125 translata
1761 3084 1916 3126 aerarii
1949 3096 2053 3125 cura

1173 3143 1226 3185 ad
1264 3144 1381 3184 viros
1430 3145 1699 3197 praetorios3
1743 3155 1784 3184 v,
1828 3142 1923 3184 xm
1977 3141 2048 3187 29.

1175 3202 1286 3253 Quid
1321 3201 1491 3244 multa?
1533 3208 1740 3258 quaestor
1786 3201 1913 3244 huius
1962 3200 2050 3242 loci

1173 3261 1225 3301 ad
1268 3262 1481 3302 aerarium
1523 3261 1633 3303 nihil
1680 3262 1894 3316 pertinet,
1938 3259 2048 3301 nihil

1173 3320 1225 3362 ad
1259 3326 1429 3361 ceteros
1451 3327 1706 3375 quaestores
1739 3321 1783 3361 in
1810 3320 2050 3374 provinciis

1172 3379 1557 3434 proconsularibus
1626 3385 1843 3434 agentes:
1918 3379 2048 3420 immo

1173 3447 1372 3493 quaestor
1406 3444 1471 3479 est
1499 3440 1710 3494 principis
1730 3439 1826 3480 sivo
1846 3437 2050 3481 Caesaris

1172 3497 1269 3553 (der
1324 3497 1581 3540 kaiser-liobe
1631 3497 1884 3550 Adimam),
1937 3507 2048 3552 quae

1171 3554 1362 3624 dignitas
1404 3555 1457 3598 ab
1503 3556 1569 3598 Αιι
1606 3561 1702 3598 usto
1740 3559 1886 3598 creata
1931 3559 2045 3603 tem-7

1169 3613 1286 3670 poris
1317 3606 1504 3657 decutsu
1537 3626 1561 3657 a
1596 3625 1647 3657 en
1679 3613 1834 3667 crevit,
1869 3616 1915 3653 nt
1946 3613 2045 3666 post

1567 1298 1703 1350 Idem
1742 1303 1911 1350 tamen
1946 1299 2056 1352 dies
2074 1303 2143 1351 33
