2280 4004
229 261 265 301 α’
286 253 336 301 0.·
370 254 561 302 57-58,
832 256 998 306 LIBER
1027 256 1139 304 xm.
1201 258 1307 304 Cu.
1341 260 1532 307 32—35.
1965 261 2054 308 14³

227 392 438 447 Haterio
474 395 735 449 Antonino
774 411 989 448 annuam
1022 397 1288 464 pecuniam
1320 399 1491 451 statuit
1527 400 1780 470 princepS‚
1820 403 2049 470 quamvis

226 499 319 551 per
358 485 526 538 luxum
562 488 722 540 avitas
763 503 885 554 opes
925 487 1273 554 dissipassent.

365 577 486 629 Eius
539 579 656 629 anni
711 579 959 646 principio
1027 578 1262 631 mollibus
1314 581 1478 633 adhuc
1535 582 1690 635 initiis
1746 583 2048 651 prolatatum

225 666 358 718 inter
401 669 610 721 Parthos
667 671 1025 737 Romanosque
1100 670 1164 722 de
1226 672 1501 724 obtinenda
1559 673 1800 727 Armenia
1861 676 2048 728 bellum

225 758 412 810 acriter
445 760 672 826 sumitur,
712 762 826 827 quia
863 777 960 814 nec
992 763 1276 831 Vologeses
1312 763 1512 815 sinebat
1550 765 1755 818 fratrem
1790 767 2085 826 Tiridatens

227 848 328 900 dati
367 867 394 902 a
430 866 487 902 se
514 851 662 919 regni
687 852 946 919 expertem'
981 870 1096 906 esse
1134 860 1219 906 aut
1251 855 1448 907 alienae
1479 855 1532 908 id
1567 859 1824 923 potentiae
1860 859 2046 912 donum

223 940 431 1007 habere,
473 946 522 994 et
553 942 774 994 Corbulo
819 944 1025 1012 dignum
1067 946 1411 1013 magnitudine
1448 948 1618 1014 popul.
1644 950 1855 1001 Romani
1891 951 2052 1002 reba-s

221 1036 302 1083 tur
337 1037 478 1099 parta
519 1033 638 1085 olim
686 1051 713 1085 a
751 1035 958 1087 Lucullo
982 1037 1332 1104 Pompeioque
1367 1039 1616 1105 recipere.
1689 1040 1770 1091 Ad
1808 1041 1907 1093 hoc
1943 1042 2049 1093 Ar-

218 1123 371 1175 menii
416 1125 650 1192 ambigua
689 1125 788 1177 fide
837 1131 1050 1193 utraque
1100 1143 1237 1178 arma
1281 1129 1586 1194 invitabant,
1643 1131 1742 1181 situ
1778 1135 2044 1198 terrarum,

219 1213 546 1267 similitudine
585 1231 779 1268 morum
818 1217 1013 1269 Parthis
1050 1219 1344 1284 propioreS,
1386 1221 1754 1287 connubiisque
1792 1223 2044 1289 permixti,
2065 1237 2110 1275 ιο

220 1320 281 1356 ac
344 1305 576 1358 libertate
634 1307 809 1374 ignota
867 1308 985 1359 illuc
1051 1309 1216 1377 magis
1275 1309 1338 1360 ad
1403 1311 1663 1362 servitium
1721 1312 2043 1365 inclinantes.

134 1391 205 1440 35
222 1397 325 1451 Sed
365 1398 641 1449 Corbuloni
676 1399 787 1465 plus
844 1400 991 1451 molis
1034 1400 1278 1452 adversus
1330 1401 1585 1474 ignaviam
1640 1403 1848 1454 militum
1899 1419 2045 1470 quam

221 1493 396 1541 contra
453 1490 714 1556 perfidiam
771 1491 989 1543 hostium
1046 1497 1172 1544 erat.
1281 1493 1474 1559 Quippe
1526 1494 1670 1560 Syria
1736 1500 2046 1547 transmotae

219 1581 484 1649 legioneS,
543 1598 672 1648 pace
707 1583 860 1651 longa
910 1599 1130 1651 segneS,
1196 1584 1364 1635 munia
1415 1589 1719 1637 armatorum
1758 1586 2045 1653 aegerrime

216 1673 515 1726 tolerabant.
607 1674 736 1727 Satis
777 1675 1002 1726 constitit
1056 1675 1214 1727 fuisse
1253 1676 1302 1725 in
1358 1691 1418 1727 eo
1477 1677 1703 1728 exercitu
1750 1682 2107 1742 veteran0S‚1⁵

152 1817 154 1819 .
219 1765 302 1832 qui
341 1779 445 1816 non
492 1765 760 1816 stationem
806 1780 910 1817 non
961 1766 1165 1834 vigilias
1215 1766 1456 1831 inissent,
1518 1767 1702 1818 vallum
1751 1768 2043 1834 fossamque

220 1856 364 1923 quasi
401 1871 535 1908 nova
577 1861 626 1908 et
662 1857 789 1908 mira
829 1857 1090 1922 viserent,
1141 1857 1253 1908 sine
1289 1858 1452 1925 galeis
1487 1858 1598 1910 sine
1636 1857 1840 1923 loricis,
1895 1842 2043 1909 nitidi

217 1950 267 1998 et
304 1947 629 2013 quaestuosi,
692 1947 867 1998 militia
923 1962 1015 2013 per
1066 1948 1248 2013 oppida
1305 1948 1518 2014 expleta.
1609 1948 1767 2016 Igitur
1814 1948 2037 2000 dimissis

139 2077 142 2082 .
216 2037 396 2104 quibus
438 2043 676 2090 senectus
712 2044 796 2089 aut
833 2037 1059 2089 valitudo
1103 2038 1320 2089 adversa
1355 2043 1479 2103 erat,
1518 2038 1914 2105 supplementum
1949 2054 2044 2105 pe-

214 2129 340 2180 tivit.
414 2130 476 2181 Et
510 2129 667 2180 habiti
703 2144 795 2196 per
826 2128 1074 2181 Galatiam
1114 2129 1587 2196 Cappadociamque
1617 2129 1858 2195 delectuS,
1897 2130 2043 2182 adie-
2058 2145 2107 2183 πο

338 2347 376 2388 1.
414 2346 591 2388 Haterio
624 2347 823 2402 Lipsius:
870 2345 937 2389 Ma
968 2347 1158 2399 acherio,
1197 2346 1230 2389 G
1260 2346 1508 2400 Amerino,
1552 2347 1666 2389 idem
1699 2347 1903 2389 Antonio.
1999 2349 2042 2391 2.

215 2404 385 2446 habitas
410 2403 488 2447 Ma.
582 2407 622 2449 5.
659 2408 838 2449 tiridate'
859 2405 936 2448 Ma.
982 2406 1039 2448 cf.
1074 2406 1101 2449 6
1133 2407 1191 2450 32
1222 2412 1266 2449 et
1295 2407 1368 2459 42,
1403 2408 1456 2450 13
1485 2410 1558 2458 41,
1589 2409 1644 2449 14
1672 2406 1745 2457 26,
1784 2407 1834 2449 15
1866 2408 1908 2450 2.
2000 2406 2042 2449 6.

216 2471 454 2520 exeperlem
485 2462 566 2506 Ma.
677 2467 718 2509 7.
753 2466 841 2508 PR..
877 2479 974 2507 cum
1007 2465 1084 2507 lin.
1118 2464 1199 2507 Ma.
1309 2474 1489 2508 reualur
1522 2465 1599 2507 Ma.
1711 2466 1754 2508 8.
1790 2464 1930 2507 laculo
1961 2463 2041 2507 Ma.

215 2522 296 2564 hoc
326 2521 418 2565 Ma:
450 2523 559 2565 haec
595 2523 642 2566 G.
742 2528 809 2569 10.
845 2524 1117 2579 conubiisque
1149 2523 1233 2566 Ma.
1340 2526 1408 2568 13.
1442 2532 1642 2567 trasmote
1673 2523 1754 2567 Ma.
1861 2525 1929 2566 14.
1962 2537 2044 2565 ar..

213 2589 423 2624 matorum
455 2583 621 2625 editor:
657 2583 831 2627 codices
860 2585 1177 2636 Romanorum,
1231 2582 1557 2626 Freinshemius
1590 2597 1823 2626 armorum.
1909 2593 2043 2638 'cyen-

213 2642 320 2683 rime
353 2640 431 2684 Ma.
529 2645 596 2686 15.
631 2644 891 2685 tollerabcmt
924 2642 1005 2685 Ma.
1108 2644 1297 2685 exercito
1330 2642 1411 2685 Ma.
1520 2643 1588 2686 18.
1625 2643 1854 2698 quaestiosi
1883 2654 1935 2695 pr
1960 2640 2042 2683 Ma.

218 2700 286 2744 19.
320 2709 457 2743 sectus
493 2701 572 2746 Ma.
682 2705 754 2748 20.
787 2702 984 2760 qalitiam
1013 2701 1094 2756 Ma,
1125 2702 1361 2759 gallucium
1399 2701 1446 2744 G.
1552 2703 1927 2760 cappodiciamque
1959 2699 2041 2743 Ma.

216 2759 394 2803 dilectus
424 2758 507 2803 Ma.

218 2927 394 2985 collega
434 2928 673 2971 Octaviano
708 2928 894 2972 Caesare
928 2943 966 2973 a.
1002 2932 1087 2975 723

215 3006 260 3025 =
293 2989 349 3030 31
390 2994 490 3029 ante
534 2987 633 3030 Chr.
756 2990 978 3045 quinyenis
1016 3005 1087 3032 se-

218 3047 403 3088 seeretis:
437 3046 638 3088 dimidius
673 3053 738 3089 est
771 3061 927 3090 census
955 3062 1087 3091 sena-

218 3105 370 3147 torius.
434 3105 500 3147 Cf.
529 3106 826 3149 Sueton.Ner.
864 3109 932 3159 10,
965 3110 1088 3150 cuius

220 3162 354 3204 verba
385 3166 643 3219 transcripta
675 3172 775 3207 sunt
807 3166 860 3208 ad
886 3166 987 3208 Xlll
1014 3169 1086 3210 31.

307 3222 394 3263 eius
427 3226 533 3264 anni
557 3225 800 3280 principio:
838 3231 1087 3267 contextum

223 3277 432 3322 historiae
479 3294 516 3322 c.
570 3281 598 3324 9
642 3289 751 3323 extr.
803 3285 1088 3337 interruptum

223 3339 307 3380 iam
359 3340 537 3393 recipit,
604 3340 822 3396 telamque
878 3343 1090 3395 perlicere

217 3400 379 3454 pergit.
436 3398 535 3439 Mox
565 3398 736 3440 'l‘acitus
770 3399 946 3441 verbum
982 3401 1089 3441 sim-

221 3456 324 3511 plex
355 3459 533 3499 sumitur
578 3471 704 3513 quam
747 3460 974 3500 resumitur
1004 3471 1087 3513 po-

221 3528 330 3558 nere
361 3516 527 3559 maluit.

329 3575 432 3630 Cap.
474 3576 545 3618 35.
608 3576 755 3617 ηηιηίιι
796 3582 1085 3618 armatorum.-

220 3633 420 3677 codic-um
465 3636 720 3690 scripturam
776 3636 1083 3692 Romanorum,

308 3730 458 3769 'racltus
484 3731 530 3768 11.

1173 2930 1277 2972 olim
1316 2945 1341 2973 a
1386 2944 1455 2972 me
1507 2942 1601 2972 cum
1652 2929 1750 2972 aliis
1803 2928 2044 2972 editoribus

1172 2996 1410 3043 servatam,
1458 3003 1573 3032 nunc
1628 2989 1743 3031 haud
1788 2996 2044 3032 cunctanter

1171 3049 1389 3105 relinquo.
1451 3048 1555 3090 Nam
1594 3061 1737 3090 sermo
1779 3054 1846 3090 est
1884 3049 1938 3090 de
1978 3048 2044 3089 le-

1172 3109 1381 3163 yionibus,
1417 3107 1458 3149 h.
1481 3121 1520 3148 e.
1555 3107 1608 3148 de
1642 3108 1810 3148 civibus
1836 3107 2043 3148 Romanis

1176 3165 1414 3221 (πολιτικῷ
1433 3165 1638 3220 πλήθει),
1674 3177 1838 3220 eosque
1863 3167 1908 3206 in
1925 3164 2043 3206 hunc

1174 3225 1345 3265 modum
1372 3225 1580 3265 Romanis
1613 3224 1774 3277 opponi
1808 3222 1937 3276 plane
1969 3225 2041 3265 in-

1177 3289 1323 3336 eptum
1356 3282 1541 3324 videtur.
1606 3280 1766 3323 Contra
1792 3295 1883 3337 pax
1910 3281 2043 3338 longa

1176 3347 1219 3382 et
1269 3343 1416 3382 munia
1458 3347 1722 3382 armatorum
1767 3341 1950 3397 egregie
1993 3354 2041 3382 se

1176 3401 1415 3453 excipiunt.
1472 3399 1536 3440 De
1569 3401 1744 3440 nomine
1777 3407 2042 3440 armatorum

1173 3459 1290 3499 conf.
1338 3457 1390 3499 ad
1433 3457 1510 3499 ΧΠ
1541 3458 1613 3499 33.
1677 3457 1810 3513 Origo
1856 3459 1952 3500 vitii
1986 3471 2042 3499 ex

1170 3518 1307 3570 prima
1357 3518 1479 3559 vocis
1534 3516 1680 3558 littera
1737 3522 1834 3570 post
1893 3517 2042 3559 munia

1170 3576 1400 3630 absorpta;
1446 3577 1510 3617 sic
1556 3575 1746 3617 restabat
1789 3584 2038 3633 meatorum,

1167 3635 1280 3678 unde
1325 3633 1489 3678 factum
1527 3645 1817 3679 romanorum.

1666 3716 1729 3770 10
