2280 4004
217 326 247 363 ι’
276 318 325 363 G.
360 321 468 365 14..

824 320 989 365 LIBER
1018 319 1051 364 1,
1115 321 1221 364 CAP.
1255 322 1448 368 48—50.
1988 316 2048 367 53

217 463 457 532 ingerunt
480 465 596 517 tela.
657 465 858 517 Clamor
878 465 1087 516 vulnera
1106 465 1315 532 sanguis
1343 465 1523 531 palam,
1557 478 1710 516 causa
1738 464 1790 515 in
1814 465 2014 517 occulto
2030 483 2045 530 3

220 561 391 607 cetera
429 557 537 608 fors
578 557 726 624 regit.

799 557 862 608 Et
903 556 1105 622 quidam
1143 557 1393 607 bonorum
1438 555 1603 620 caesi,
1657 561 1923 622 postquam
1962 558 2047 607 in·-

218 646 421 698 tellecto
457 647 508 696 in
547 661 673 712 quos
714 648 1028 712 saeviretur,
1084 648 1292 712 pessimi
1345 662 1545 713 quoque
1581 662 1718 698 arma
1755 654 2044 713 rapuerant.

214 739 390 803 Neque
426 737 623 804 legatus
661 742 744 788 aut
780 739 1009 789 tribunus
1052 738 1346 789 moderator
1384 738 1570 790 adsuit:
1603 738 1851 804 permissa
1890 739 2044 806 vulgo

215 828 420 880 licentia
458 833 608 894 atque
629 828 753 879 ultio
792 833 840 880 et
874 830 1099 880 satietas,

1173 829 1292 880 Mox
1330 830 1594 895 ingressus
1638 834 1804 880 castra
1833 829 2086 885 Germa-5

217 919 381 984 nicUS,
424 934 528 970 non
564 920 867 971 medicinam
902 920 1024 971 illud
1056 920 1283 986 plurimis
1324 935 1435 971 cum
1461 920 1684 972 lacrimis
1719 920 1810 972 sed
1851 920 2047 972 cladem

218 992 504 1077 appellanS,
545 1011 760 1063 cremari
807 1026 1023 1077 corpora
1059 1012 1214 1062 iubet.

271 1107 280 1124 ⁴
357 1102 546 1154 Truces
567 1102 847 1154 etiamtum
877 1102 1071 1154 animos
1109 1101 1292 1167 cupido
1329 1101 1523 1152 involat
1559 1101 1711 1153 eundi
1749 1101 1802 1151 in
1830 1101 2045 1166 hostem,

216 1193 471 1260 piaculum
498 1193 718 1257 furoris3
757 1208 853 1245 nec
882 1193 1029 1244 aliter
1048 1207 1203 1259 posse
1226 1192 1419 1259 placari
1447 1192 1840 1243 commilitonum
1873 1207 2046 1243 manes

219 1299 366 1350 quam
406 1285 451 1336 si
483 1285 775 1351 pectoribus
826 1284 991 1350 impiis
1029 1284 1244 1335 honesta
1290 1284 1500 1335 vulnera
1540 1285 1877 1350 accepissent.

219 1374 387 1440 quitur
421 1375 657 1426 ardorem
691 1375 900 1426 milit-um
923 1375 1129 1439 Caesar,
1169 1376 1443 1440 iunctoque
1470 1380 1625 1441 ponte
1653 1362 1882 1425 tramittit
1915 1374 2049 1424 duo-

138 1517 142 1519 .
220 1465 384 1517 decim
419 1465 556 1517 milia
597 1481 625 1518 e
659 1465 969 1532 legionibuS,
1002 1480 1095 1517 sex
1133 1470 1182 1517 et
1211 1465 1390 1532 viginti
1432 1465 1602 1516 socias
1642 1465 1886 1529 cohortiS,
1929 1469 2046 1516 octo

220 1557 439 1622 equitum
476 1556 614 1621 alas,
676 1571 884 1622 quarum
924 1572 983 1608 ca
1021 1556 1276 1609 seditione
1314 1558 1611 1608 intemerata
1649 1555 1899 1608 modestia
1937 1555 2045 1607 suit.

135 1649 377 1712 50Laeti,
406 1662 572 1714 neque
607 1648 803 1713 procul,
835 1647 1072 1700 Germani
1109 1648 1384 1715 agitabant,
1415 1648 1530 1699 dum
1558 1648 1747 1699 iustitio
1786 1648 1850 1699 ob
1890 1648 2049 1698 amis-

218 1755 327 1792 sum
351 1738 650 1806 Augustum,
682 1743 798 1805 post
824 1739 1099 1790 discordiis
1116 1740 1411 1812 atti-nemun
1470 1739 1544 1809 At·
1562 1740 1816 1791 Romanus
1845 1739 2046 1805 agmine
2064 1750 2110 1786 1⁵

217 1843 436 1896 propero
471 1829 649 1881 silvam
680 1829 913 1880 Caesiam
953 1812 1262 1895 limitemque
1289 1846 1316 1881 a
1339 1830 1543 1881 Tiberio
1582 1834 1813 1895 coeptum
1841 1828 2045 1892 scindit,

221 1925 387 1972 castra
423 1921 476 1972 in
513 1919 671 1972 limite
708 1919 874 1986 locat,
917 1920 1134 1972 frontem
1172 1937 1233 1972 ac
1268 1927 1466 1988 tergum
1499 1920 1668 1985 vallo,
1721 1919 1880 1971 latera
1920 1934 2049 1990 con·-

335 2061 378 2102 2.
406 2064 588 2115 postqua
617 2058 672 2101 M.

218 2117 280 2160 lut
309 2117 363 2162 M.

309 2232 414 2288 Cap.
449 2234 520 2276 50.
585 2233 838 2289 limitemque
870 2248 898 2275 a
925 2234 1090 2276 Tiberio

221 2299 412 2348 coeptum
430 2291 612 2334 scindit:
638 2293 819 2335 verbum
838 2294 1012 2334 nonnisi
1037 2294 1091 2335 ad

219 2353 460 2407 proximum
503 2354 801 2394 accusativum
849 2352 1024 2395 limitem
1063 2367 1091 2394 a

226 2411 390 2453 Tiberio
436 2417 628 2467 coeptum
670 2418 815 2466 aptum
866 2417 953 2464 est,
1005 2425 1092 2453 non

221 2484 362 2526 aeque
395 2470 449 2511 ad
479 2471 759 2512 remotiorem
792 2469 944 2513 silvam
977 2472 1092 2513 Cae-

219 2531 344 2571 siam.
406 2528 512 2571 Nam
545 2535 592 2569 ut
621 2530 674 2571 ab
707 2532 877 2587 aymine
904 2545 1091 2586 propero

221 2588 398 2630 arbores
446 2593 607 2630 stratae
655 2602 706 2631 ac
752 2591 852 2631 viae
899 2591 1091 2631 munitae

221 2649 308 2690 sint
338 2660 416 2702 per
448 2647 560 2688 hanc
591 2647 764 2700 silvam,
804 2647 919 2703 quod
951 2650 1091 2702 ipsum

221 2721 246 2748 a
277 2705 660 2749 verisimilitudine
693 2707 913 2758 abhorret,
947 2713 1092 2749 tamen

223 2765 265 2807 id
297 2779 440 2821 neque
485 2765 682 2808 scindere
713 2779 857 2821 neque
890 2766 1092 2808 dirimere

224 2823 290 2880 (h.
317 2838 356 2866 e.
376 2824 588 2877 scindere,
613 2831 659 2865 ut
678 2825 794 2882 165)
819 2825 974 2866 silvam
1009 2832 1091 2877 est,

223 2882 309 2924 nisi
344 2884 388 2923 in
419 2882 546 2924 silvis
586 2885 692 2940 iuga
722 2890 822 2925 sunt
862 2897 974 2938 quae
1007 2886 1092 2925 viis

225 2942 498 2982 dirimuntur.
569 2942 720 2998 ltaque
761 2942 814 2983 ad
858 2943 978 2995 prius
1010 2942 1093 2984 ob-

226 2999 385 3041 iectum
416 2999 568 3041 silvam
598 3000 797 3043 Caesiam
829 3013 883 3042 ex
915 3001 1094 3055 praedi-

227 3064 322 3100 cato
355 3058 509 3101 scindit
528 3060 708 3101 verbum
742 3060 782 3101 ei
807 3061 1092 3113 conveniens,

226 3124 273 3158 ut
315 3123 515 3177 'permeat
562 3119 634 3160 vel
674 3118 841 3171 simile,
902 3119 1093 3175 legentis

226 3188 346 3217 mens
407 3175 537 3218 debet
582 3190 804 3219 assumere
855 3178 1094 3220 secundum

227 3233 399 3276 dicendi
418 3235 638 3278 licentiam
660 3240 859 3291 (zeugma
877 3250 1094 3292 gramma-

228 3293 301 3332 tici
322 3297 502 3348 vocant)
515 3294 661 3336 Tacito
681 3294 1092 3349 frequentissimam.

231 3351 375 3392 Scisso
407 3349 546 3393 limite
573 3359 713 3394 castra
744 3355 788 3394 in
822 3354 916 3408 ipso
951 3354 1096 3407 posuit

231 3411 465 3463 imperator
498 3422 550 3451 eo
584 3410 696 3452 haud
728 3410 859 3453 dubie
891 3411 1094 3462 consilio,

231 3474 277 3508 ut
340 3469 640 3521 compendium
699 3470 845 3522 operis
903 3470 1094 3511 faceret:

231 3539 328 3567 nam
363 3540 461 3567 cum
493 3527 655 3569 vallum
689 3527 855 3582 alioqui
894 3541 977 3568 non
1013 3524 1096 3568 mi-

233 3598 313 3626 nus
347 3586 388 3626 in
422 3585 626 3627 lateribus
644 3599 771 3641 quam
796 3588 838 3627 in
870 3589 1014 3641 fronte
1047 3599 1097 3627 ac

238 3646 352 3699 tei-90
393 3646 643 3687 struendum
677 3651 814 3698 esset,
861 3648 942 3687 iam
989 3657 1097 3686 con-

241 3702 395 3746 caedes
426 3705 702 3749 sufficiebant
733 3703 950 3747 firmandis
983 3703 1098 3746 late-

763 2060 806 2102 3.
840 2061 1108 2101 sacerna-etur
1137 2061 1281 2116 (prius
1307 2074 1331 2101 r
1354 2066 1516 2114 puncto
1548 2062 1745 2116 notatur)
1778 2059 1833 2100 M.
1913 2058 1956 2102 6.
1988 2058 2046 2099 il-

436 2119 477 2160 7.
508 2117 714 2175 cremari]
750 2132 824 2159 ore
856 2121 970 2160 mari
999 2119 1053 2162 M.
1090 2120 1145 2162 cf.
1180 2125 1327 2162 annot.
1362 2119 1415 2161 ad
1446 2119 1476 2162 4
1505 2121 1548 2163 2.

1178 2296 1368 2348 parietes
1418 2294 1557 2335 latera
1607 2292 1855 2334 tuebantur.
1946 2291 2046 2345 Ipse

1178 2354 1303 2395 limes
1335 2353 1448 2407 apud
1476 2352 1682 2406 oppidum
1699 2353 1886 2393 Dorsten
1917 2350 2045 2392 vide-

1176 2418 1246 2452 tur
1291 2412 1432 2454 fuisse
1476 2411 1618 2468 (conf.
1662 2410 1855 2452 Fiedleri
1888 2410 2045 2451 Monu-

1177 2477 1323 2513 menta
1354 2472 1550 2513 Romana
1590 2468 1643 2511 ad
1682 2469 1882 2511 Rhenum
1924 2469 2043 2510 infe-

1176 2532 1334 2572 riorem
1374 2544 1415 2584 p.
1450 2530 1563 2586 59),
1612 2535 1659 2568 ut
1701 2527 1834 2570 saltus
1877 2528 2048 2569 obscuri

1178 2590 1281 2631 hinc
1332 2589 1551 2644 peragrati
1599 2588 1764 2629 ruerint
1813 2587 1886 2642 qui
1931 2599 2047 2627 nunc

1176 2647 1439 2689 Haardtiana
1471 2649 1576 2704 iuga
1605 2646 2046 2704 (Haardt-Gebirye)

1175 2709 1291 2749 inter
1332 2707 1512 2761 Lupiam
1564 2711 1607 2747 et
1649 2706 1834 2746 Roeram
1883 2705 2046 2762 (Ruhr)

1179 2766 1422 2808 Vestfaliae
1483 2766 1776 2806 nominantur.
1876 2763 2048 2805 Marsos

1179 2827 1319 2877 enim,
1370 2824 1423 2866 ad
1456 2837 1637 2879 quorum
1670 2824 1795 2864 vicos
1828 2823 2047 2863 exercitus

1177 2890 1396 2938 postremo
1429 2884 1657 2937 pervenit,
1691 2895 1778 2922 non
1811 2883 1926 2922 inter
1956 2880 2046 2922 Lu-

1178 2944 1293 2996 piam
1326 2948 1370 2983 et
1386 2943 1595 2984 Amisiam
1620 2941 1776 2983 fluvios
1811 2940 2046 2991 habitasse,

1176 3001 1254 3043 sed
1286 3002 1425 3057 magis
1472 3002 1526 3043 ad
1558 3001 1743 3042 Roeram
1776 3000 2048 3053 superiorem

1179 3062 1325 3117 egisse
1370 3059 1444 3102 vel
1484 3060 1587 3101 hinc
1630 3064 1770 3113 patet,
1817 3058 1933 3114 quod
1965 3059 2048 3111 ipsi

1177 3120 1220 3160 in
1261 3119 1471 3161 memoria
1516 3132 1658 3160 rerum
1703 3130 1819 3158 nunc
1864 3118 2047 3170 primum

1178 3181 1469 3229 nominantur,
1503 3177 1643 3218 Druso
1669 3177 1871 3216 nimirum
1905 3180 1948 3215 et
1974 3174 2048 3215 Ti-

1177 3237 1299 3278 berio
1330 3241 1506 3289 propter
1522 3241 1709 3276 remotas
1736 3233 1862 3275 sedes
1890 3238 1934 3274 et
1965 3234 2049 3274 sil-

1178 3297 1247 3335 vis
1294 3295 1457 3336 obsitas
1498 3292 1741 3348 incogniti:
1794 3291 1858 3332 illi
1902 3296 2047 3332 autem

1178 3354 1406 3408 regionem
1441 3352 1554 3392 inter
1571 3351 1746 3404 Lupiam
1773 3354 1816 3390 et
1838 3350 2047 3390 Amisiam

1180 3412 1354 3464 saepius
1382 3414 1728 3464 permeaverant.
1792 3408 1918 3449 Marsi
1954 3407 2049 3449 cla-

1180 3469 1245 3509 dis
1283 3469 1495 3510 Varianae
1527 3469 1669 3519 initio,
1703 3471 1750 3506 ut
1780 3466 1886 3508 mihi
1918 3466 2046 3507 vide-

1181 3533 1275 3579 tur,
1322 3526 1453 3568 exciti
1495 3532 1540 3567 et
1585 3526 1794 3581 reliquias
1828 3526 2046 3567 exercitus

1182 3586 1361 3627 Romani
1413 3587 1652 3627 consectati
1704 3597 1818 3626 nunc
1876 3586 1920 3624 in
1974 3582 2047 3626 ul-

1181 3647 1343 3688 tionem
1376 3651 1594 3702 petuntur.

1952 1284 2114 1336 Se-10
