2280 4004
188 280 250 319 a*
263 272 312 320 G.
345 275 426 320 59..

200 416 340 471 leris.

820 272 986 318 LIBER
1015 272 1130 318 xlv.
1170 273 1300 317 ὍΛΡ.
1334 274 1466 318 6-8.

1938 272 2029 317 181

414 416 496 468 Ad
532 430 664 468 ‘eam
710 429 891 468 vocem
935 415 1072 468 Nero
1130 415 1216 466 illo
1269 415 1368 468 sibi
1430 414 1512 467 die
1571 413 1682 467 dari
1743 413 2028 481 imperium,

206 513 565 574 auctoremque
601 507 726 558 tanti
763 507 984 559 muneris
1033 506 1266 558 libertum
1305 506 1595 572 profiteture

202 599 511 665 duceretque
537 598 940 665 promptissimos
976 598 1040 650 ad
1068 598 1224 649 iussa.

1653 505 1751 557 iret
1784 520 2022 572 propere,

1298 598 1410 663 Ipse
1437 598 1609 649 audito
1637 597 1844 649 venisse
1872 597 2031 648 missu

198 689 514 758 Agrippinae
551 690 776 740 nuntium
814 689 1124 757 Agerinum,
1181 704 1388 740 scenam
1425 689 1558 740 ultro
1601 688 1827 740 criminis
1864 693 2027 754 parat,

200 781 555 851 gladiumque,
612 781 729 832 dum
767 781 1002 832 mandata
1047 780 1271 846 perfert,
1331 779 1487 831 abicit
1534 780 1668 831 inter
1703 779 1863 846 pedes
1898 770 2067 845 eius,5

200 878 303 924 tum
341 873 484 940 quasi
520 872 840 937 deprehenso
878 871 1047 923 vincla
1082 871 1204 922 inici
1241 871 1408 935 iubet,
1459 876 1513 921 ut
1546 870 1751 922 exitium
1782 870 2028 937 principis

204 955 430 1016 molitam
465 969 677 1016 matrem
716 969 766 1015 et
801 963 996 1030 pudore
1028 962 1331 1029 deprehensi
1370 962 1583 1014 sceleris
1610 965 1790 1028 sponte
1815 966 2030 1013 mortem

151 1057 190 1106 8
202 1056 478 1123 sumpsisse
522 1055 852 1122 confingeret.

944 1054 1148 1105 Interim
1184 1053 1391 1120 vulgato
1431 1052 1746 1120 Agrippinae
1780 1052 2028 1118 pericu10,

201 1147 347 1214 quasi
384 1161 507 1198 casu
542 1146 814 1211 evenisset,
852 1149 907 1195 ut
942 1144 1154 1211 quisque
1177 1149 1463 1210 acceperat,
1491 1144 1768 1196 decurrere
1805 1144 1870 1195 ad
1893 1143 2028 1196 litus.

201 1238 265 1290 Hi
314 1237 521 1290 molium
578 1237 836 1302 obiectuS,
896 1236 949 1287 hi
1001 1235 1259 1302 proximas
1315 1235 1532 1301 scaphas
1588 1235 1868 1300 scandere3
1924 1235 2095 1300 alii,m

201 1333 438 1395 quantum
477 1342 660 1394 corpus
697 1327 912 1391 sinebat,
945 1326 1136 1378 vadere
1171 1326 1224 1376 in
1257 1341 1425 1389 mare3
1462 1325 1666 1392 quidam
1692 1339 1869 1376 manus
1904 1340 2032 1391 pro-

199 1419 411 1472 tendere
422 1436 437 1483 3
496 1419 754 1486 questibus
808 1418 974 1482 votis,
1033 1418 1257 1469 clamore
1313 1417 1519 1469 diversa
1566 1417 1895 1485 rogitantium
1947 1421 2031 1468 aut

200 1511 397 1562 incerta
442 1510 859 1577 respondentium
897 1509 1061 1560 omnis
1116 1523 1207 1560 ora
1245 1508 1487 1575 compleri
1507 1527 1522 1573 3
1574 1508 1799 1560 adfluere
1846 1508 2031 1574 ingens

201 1601 464 1653 multitudo
500 1617 611 1653 cum
646 1601 934 1665 luminibus,
976 1606 1124 1667 atque
1161 1600 1247 1650 ubi
1280 1599 1583 1652 incolumem
1609 1614 1726 1652 esse
1757 1599 2030 1666 pernotuit,

200 1697 254 1744 ut
301 1692 366 1744 ad
420 1692 722 1759 gratandum
774 1707 891 1744 sese
941 1691 1212 1758 expedire,
1276 1691 1443 1743 donec
1491 1696 1699 1758 aspectu
1753 1690 1930 1742 armati
1983 1693 2032 1741 et
2050 1705 2095 1742 15

200 1783 476 1836 minitantis
535 1783 752 1851 agminis
811 1783 1013 1835 disiecti
1071 1788 1202 1834 sunt.

1299 1782 1545 1834 Anicetus
1591 1782 1762 1834 villam
1812 1781 2031 1833 statione

204 1875 498 1941 circumdat,
539 1875 864 1942 refractaque
901 1877 1052 1927 ianua
1093 1874 1276 1927 obvios
1314 1889 1582 1927 servorum
1619 1874 1819 1941 abripit,
1864 1874 2031 1926 donec

324 2030 363 2072 1.
395 2028 492 2072 illos
524 2029 685 2071 inbidie
715 2027 807 2072 Ma:
854 2029 1045 2071 correxit
1072 2029 1325 2071 Rhenanus.
1387 2028 1463 2070 illo
1504 2028 1585 2069 sibi
1623 2028 1671 2069 in
1702 2027 1770 2069 die
1804 2027 2030 2071 Petersen.

203 2090 247 2132 4.
280 2089 541 2143 aperi-imum
571 2089 652 2131 Ma.

206 2149 247 2191 7.
282 2148 495 2204 dephensi
524 2146 605 2190 Ma.

206 2220 360 2249 nanus.
459 2208 526 2250 15.
558 2207 790 2262 qrata'dum
819 2206 900 2250 Ma.

206 2273 479 2322 retractaqae
509 2265 602 2309 Ma:
642 2272 884 2308 correctum
917 2267 961 2307 in
996 2266 1044 2308 G.

294 2410 511 2467 respicere
553 2410 738 2452 Burrum
779 2423 834 2451 ac
871 2410 910 2451 si
939 2410 1075 2452 scita-

206 2475 353 2511 retur:
412 2468 669 2510 Germanice
732 2474 966 2522 converte,
1029 2483 1076 2510 er

206 2528 386 2570 richtete
424 2529 573 2570 seinen
610 2527 735 2569 Blick
776 2531 862 2584 auf
894 2529 1073 2581 Burrus,

207 2587 274 2629 als
313 2587 363 2628 ob
407 2601 456 2628 er
498 2587 574 2628 ilm
613 2587 851 2629 aushohlen
893 2588 1071 2631 mcichte.

206 2645 390 2689 Scilicet
420 2646 537 2701 quod
569 2645 717 2701 eloqui
759 2646 907 2688 verbis
938 2659 1073 2688 vere-

206 2706 357 2757 batur,
399 2705 444 2746 id
489 2711 598 2746 nutu
641 2707 789 2747 scitari
829 2707 926 2748 sive
969 2718 1073 2759 per-

207 2765 374 2807 contari
425 2777 557 2806 ausus
613 2770 700 2816 est,
765 2771 809 2807 et
864 2764 1075 2807 hactenus

206 2823 447 2877 promptius
494 2823 600 2878 egit.
664 2823 774 2864 Data
818 2835 976 2877 opera,
1029 2830 1078 2866 ut

207 2882 394 2933 videtur,
429 2881 626 2923 Senecae
658 2882 702 2922 in
735 2882 817 2924 hac
849 2895 896 2923 re
926 2889 1072 2935 partes

208 2946 411 2982 accurate
443 2940 697 2994 descripsit,
718 2947 788 2981 ‘ut
833 2943 979 2996 pravis
1022 2942 1076 2984 de

209 2999 369 3041 illustri
402 2999 498 3041 viro
528 2998 773 3041 rumoribus
796 3007 1073 3044 occur1·:eret

210 3057 290 3099 hos
315 3059 434 3112 ipsos
461 3063 638 3100 secutus
655 3064 721 3100 est
739 3058 823 3100 Dio
843 3059 958 3115 (LXI
981 3062 1074 3117 12).

211 3115 412 3158 Ceterum
445 3129 551 3158 vera
582 3116 669 3158 loci
694 3119 922 3172 scriptura,
947 3132 1075 3174 quam

210 3175 420 3228 praebent
457 3175 562 3228 AG,
615 3177 659 3216 in
708 3175 819 3218 libro
867 3179 1072 3231 primario

211 3232 326 3290 (Ma)
370 3233 529 3275 leviter
575 3241 776 3289 corrupta
809 3242 898 3287 est,
940 3243 983 3277 et
1015 3238 1075 3278 ita

209 3291 383 3347 quidem
431 3298 480 3332 ut
523 3293 703 3334 verbum
759 3296 974 3350 respicere
1024 3295 1077 3336 ad

208 3353 424 3392 rationem
460 3351 768 3407 subsequentis
810 3355 1076 3408 (scitaretur)

210 3412 524 3452 immutaretur.
589 3411 757 3466 Aqendi
786 3414 906 3452 notio
927 3412 1078 3453 subest

210 3469 357 3512 verbis
392 3468 597 3511 hactenus
621 3471 870 3525 promptius.

299 3530 389 3583 ipse
426 3528 571 3570 audito
604 3555 659 3561 —
693 3531 885 3571 criminis
919 3536 1076 3585 parat.-

214 3587 390 3631 Sueton.
428 3588 457 3630 l.
493 3601 558 3630 c.:
593 3588 643 3630 L.
676 3588 914 3644 Agerinum
944 3589 1077 3630 liber-

215 3652 301 3689 tum
333 3646 437 3701 eius,
464 3647 628 3690 salvam
654 3655 694 3691 et
713 3648 965 3692 incolumem
985 3660 1079 3690 cum

773 2088 816 2131 6.
851 2088 1071 2144 dephenso
1107 2087 1187 2130 Mil.

703 2149 770 2192 12.
805 2148 1044 2202 quaestibus
1076 2146 1155 2190 Ma.

996 2207 1064 2250 16.
1099 2206 1251 2248 deiecti
1282 2205 1413 2248 BMa:
1462 2211 1706 2248 correctum
1738 2206 1783 2247 in
1817 2205 1866 2248 G.
1962 2206 2030 2250 17.

1313 2088 1471 2129 exitum
1500 2086 1592 2129 Ma:
1627 2092 1869 2128 correctum
1902 2089 1947 2129 in
1981 2086 2028 2129 G.

1245 2148 1365 2189 uocis
1397 2146 1486 2188 Ma:
1518 2147 1652 2188 tacite
1686 2147 1876 2188 correxit
1906 2147 2030 2189 Rhe-

1160 2409 1317 2466 qaudio
1360 2410 1652 2462 nuntiantem,
1707 2408 1871 2451 abiecto
1923 2408 2034 2450 clam

1159 2472 1281 2511 iuxta
1308 2469 1520 2524 pugione,
1551 2475 1598 2510 ut
1621 2481 1918 2524 percussorem
1952 2468 2035 2510 sibi

1160 2529 1435 2570 subornatum
1446 2528 1588 2583 arripi
1600 2528 1917 2583 constrinqique
1937 2528 2029 2568 ius-

1157 2589 1233 2640 sit,
1275 2593 1537 2641 matremque
1580 2586 1744 2638 occidi,
1790 2587 1914 2641 quasi
1954 2586 2031 2627 de-

1154 2647 1416 2703 prehensum
1442 2647 1606 2687 crimen
1628 2646 1879 2687 voluntaria
1896 2653 2032 2687 morte

1158 2707 1346 2748 vitasset.
1413 2706 1509 2761 Ipse
1552 2704 1605 2746 de
1647 2705 1823 2746 Nerone
1856 2705 2029 2757 dicitur,

1160 2777 1248 2805 non
1288 2765 1342 2806 de
1380 2765 1592 2816 Aniceto‚
1638 2765 1712 2818 qui
1755 2776 1943 2818 propere
1988 2770 2032 2805 et

1161 2830 1262 2866 ante
1285 2823 1525 2880 Agerinum
1549 2822 1782 2864 admissum
1806 2823 2029 2877 profectus

1162 2889 1241 2926 est.

1251 2941 1356 2996 Cap.
1389 2942 1432 2983 8.
1483 2940 1655 2983 molium
1677 2941 1887 2987 obiectus:
1923 2942 2029 2984 dicit

1160 3001 1319 3043 molem
1353 3000 1407 3042 ad
1426 3000 1632 3042 tuendum
1655 3000 1797 3042 lacum
1818 3002 2029 3043 Baianum

1159 3062 1255 3103 sive
1310 3060 1543 3101 Luminum
1601 3059 1669 3113 (in
1738 3059 1854 3101 hunc
1913 3061 2030 3101 enim

1158 3120 1402 3175 Agrippina
1432 3124 1561 3160 vecta
1594 3123 1744 3158 erant:
1776 3131 1819 3159 v.
1857 3131 1952 3172 cap.
1977 3120 2028 3174 5)

1159 3180 1265 3219 mari
1298 3178 1530 3218 obiectam.
1595 3175 1748 3218 Strabo
1798 3176 1835 3217 V
1867 3174 1896 3218 4
1925 3177 1953 3218 6
1985 3189 2026 3230 p.

1162 3236 1273 3279 245:
1309 3235 1330 3277 ὅ
1361 3235 1410 3278 δὲ
1443 3237 1676 3291 Λοκρῒνος
1708 3233 1881 3284 κόλπος
1911 3239 2030 3279 nla-

1161 3296 1348 3338 τὺνειαι
1403 3298 1551 3366 μέχρι
1604 3291 1791 3344 Baium,
1841 3295 2031 3352 χώματι

1162 3355 1438 3411 εῖογόμενος
1459 3348 1556 3395 α’πό
1579 3353 1657 3405 τῆς
1691 3354 1775 3403 ἔξω
1802 3355 2028 3407 θαλάττης

1163 3412 1456 3470 ὀκτασιαδίῳ
1491 3407 1540 3454 τὸ
1571 3411 1733 3470 μῆκος,
1766 3412 1940 3461 πλάτος
1975 3415 2024 3457 δὲ

1161 3470 1389 3531 ἇιιαξιτοῦ
1422 3455 1731 3518 ἦλατείας-.
1772 3471 2028 3530 δεχόμενον

1163 3511 1202 3573 δ’
1241 3530 1466 3584 ἐπιπολῆς
1496 3524 1548 3573 τὸ
1581 3532 1704 3602 κῦμα
1727 3537 1826 3580 τοῖς
1850 3536 2024 3589 χείμω·

1166 3605 1257 3641 σιν,
1291 3588 1409 3633 ὥστε
1438 3606 1502 3649 μη
1530 3589 1809 3640 πεζεύεσθαι
1836 3591 2023 3651 ῥᾳδίως,

1156 3647 1424 3708 Ἀγρίππας
1455 3647 1782 3695 ἐπεσκεύασεν-
