2280 4004
214 279 252 326 a*
271 278 321 324 G.
354 279 439 326 58..
465 316 470 320 .

824 277 989 323 LIBER
1018 276 1130 322 XIII.
1192 276 1298 322 GAr.
1332 277 1522 323 37—39.

1953 276 2041 322 149

215 422 445 489 tellecta,
501 422 689 476 rectius
726 422 789 475 de
826 422 889 475 iis
925 437 1053 490 quae
1103 423 1155 473 in
1200 421 1453 490 publicum
1493 420 1881 474 consulerentur
1918 421 2039 474 totis

215 514 523 567 exercitibus
563 529 733 567 coram
766 515 1128 567 dissertaturos
1165 514 1445 580 respondit.

1519 514 1807 580 Locumque
1847 513 2041 581 delegit

215 606 357 658 cuius
394 621 512 673 pars
553 606 710 658 altera
740 606 897 658 colles
933 611 1077 658 erant
1105 605 1380 657 clementer
1412 604 1748 672 adsurgentes
1777 604 2041 671 accipien-

215 697 294 749 dis
330 697 552 764 peditum
593 697 875 761 ordinibus,
917 711 1034 763 pars
1071 697 1123 747 in
1158 695 1415 762 planitiem
1450 696 1808 763 porrigebatur
1842 695 1906 747 ad
1945 712 2041 749 ex-

211 788 471 856 plicandas
499 787 718 854 equitum
755 793 960 840 turmas.

1034 787 1229 854 Dieque
1260 792 1408 854 pacto
1445 787 1587 853 prior
1607 786 1827 838 Corbulo
1865 786 2077 846 socias5

214 879 454 932 cohortes
495 883 544 931 et
579 879 766 931 auxilia
801 893 979 947 regum
1015 893 1108 946 pro
1139 878 1396 942 cornibuS,
1433 877 1601 930 medio
1639 882 1832 929 sextam
1866 877 2039 946 legio-

212 956 649 1034 nem‘constituit‚
712 968 792 1020 cui
843 969 1008 1021 accita
1063 984 1156 1036 per
1202 974 1405 1021 noctem
1446 968 1558 1020 aliis
1607 984 1672 1020 ex
1720 968 1901 1021 castris
1938 969 2038 1020 tria

211 1060 349 1113 milia
384 1059 714 1112 tertianorum
750 1060 1133 1126 permiscuerat,
1161 1074 1262 1111 una
1304 1075 1416 1111 cum
1452 1059 1635 1126 aquila,
1676 1060 1820 1126 quasi
1860 1059 2039 1113 eadem

210 1151 350 1220 legio
390 1156 722 1218 spectaretur.

796 1151 1046 1203 Tiridates
1081 1156 1328 1219 vergente
1363 1151 1462 1202 iam
1492 1151 1574 1203 die
1612 1148 1790 1217 procul
1829 1151 2036 1217 adstitit,

210 1242 346 1295 unde
388 1242 554 1294 videri
589 1242 751 1310 magis
803 1257 949 1309 quam
992 1242 1156 1294 audiri
1205 1247 1396 1309 posset.

1470 1243 1542 1293 Ita
1592 1242 1704 1295 sine
1755 1255 2104 1311 congressum

213 1335 315 1388 dux
338 1335 594 1388 Romanus
623 1334 905 1387 abscedere
935 1334 1158 1400 militem,
1189 1350 1280 1387 sua
1310 1349 1558 1401 quemque
1584 1335 1636 1384 in
1674 1339 1857 1400 castra,
1880 1334 2036 1386 iubet.

126 1432 198 1482 39
211 1426 320 1480 Rex
344 1425 455 1478 sive
495 1425 724 1478 fraudem
759 1430 1074 1492 suspectanS,
1118 1425 1233 1491 quia
1262 1425 1403 1492 plura
1438 1425 1584 1477 simul
1623 1425 1676 1475 in
1708 1425 1823 1477 loca
1853 1425 2036 1491 ibatur,

212 1517 323 1569 sive
349 1520 404 1568 ut
441 1521 750 1568 commeatus
778 1520 983 1568 nostros
1012 1516 1222 1567 Pontico
1257 1515 1384 1567 mari
1425 1520 1474 1568 et
1496 1517 1810 1583 Trapezunte
1849 1516 2035 1583 oppido

213 1608 544 1661 adventantes
579 1607 933 1675 interciperet,
985 1622 1203 1674 propere
1241 1607 1474 1659 discedit.

1548 1607 1650 1661 Sed
1687 1622 1852 1674 neque
1890 1622 2036 1660 com-

210 1700 458 1752 meatibus
514 1699 616 1751 vim
664 1699 837 1751 facere
884 1699 1075 1765 potuit,
1152 1699 1268 1765 quia
1322 1714 1415 1766 per
1473 1704 1670 1751 montes
1723 1699 2104 1758 ducebanturis

209 1791 479 1860 praesidiis
531 1791 721 1843 nostris
780 1791 1041 1855 insessos3
1088 1795 1137 1842 et
1183 1791 1430 1856 Corbu10,
1488 1806 1554 1843 ne
1601 1791 1804 1842 inritum
1851 1792 2038 1844 bellum

210 1883 495 1935 traheretur
528 1887 681 1949 utque
714 1882 986 1934 Armenios
1035 1881 1100 1933 ad
1144 1897 1235 1933 sua
1275 1881 1598 1933 defendenda
1647 1886 1888 1950 cogeret,
1946 1891 2042 1935 ex-

213 1973 422 2027 cindere
460 1979 604 2041 parat
631 1974 857 2039 castella,
891 1965 1106 2040 sibique,
1147 1973 1282 2040 quod
1305 1973 1673 2026 validissimum
1699 1974 1752 2024 in
1790 1990 1850 2026 ea
1885 1990 2040 2041 prae-

210 2067 423 2131 fectura,
452 2071 790 2134 cognomento
813 2065 1115 2131 Volandum,
1142 2065 1319 2129 sumit3
1359 2066 1556 2117 minora
1586 2066 1824 2118 Cornelio
1853 2066 2037 2119 Flacco

209 2163 380 2231 legato
417 2166 467 2213 et
500 2161 687 2214 Insteio
726 2160 958 2227 Capitoni
1004 2165 1286 2212 castrorum
1322 2159 1583 2226 praefecto
1620 2159 1839 2211 mandat.

213 2253 594 2318 circumspectis
633 2251 980 2316 munimentis,
1037 2255 1087 2303 et
1126 2265 1255 2317 quae
1293 2250 1656 2318 expugnationi
1692 2249 1880 2302 idonea
1914 2264 2041 2316 pro-

210 2344 353 2410 visiS,
394 2343 623 2395 hortatur
657 2342 839 2395 milites
864 2347 919 2393 ut
954 2342 1151 2394 hostem
1187 2357 1373 2410 vagum
1402 2356 1568 2409 neque
1593 2341 1708 2409 paci
1733 2347 1817 2394 aut
1841 2340 2038 2409 proelio

334 2509 399 2554 16.
433 2509 605 2552 irritum
637 2508 708 2554 Or.
746 2509 861 2552 idem
893 2510 964 2554 22.
994 2508 1136 2567 prael.

212 2667 256 2710 h.
291 2680 330 2709 e.
363 2671 412 2708 ut
443 2678 608 2708 summa
650 2666 771 2721 pacis
813 2665 1078 2708 efficeretur.

214 2727 378 2768 Vitium
397 2740 558 2769 summa
575 2725 705 2768 debet
721 2726 937 2783 originem
957 2738 1081 2768 com-

212 2785 361 2841 pendii
392 2791 522 2827 notae
554 2787 598 2826 in
631 2785 784 2826 ultima
829 2785 976 2827 littera
1007 2790 1082 2827 aut

214 2846 400 2886 omissae
440 2850 514 2886 aut
555 2846 761 2898 temporis
794 2845 840 2886 vi
873 2857 1079 2886 consum-

213 2909 329 2959 ptae.
390 2903 508 2945 ldem
549 2909 776 2958 peccatum
819 2903 870 2944 H.
927 2903 964 2944 11
1011 2902 1077 2945 16.

213 2963 389 3005 Summa
420 2967 564 3004 autem
594 2962 734 3004 teneri
767 2963 942 3018 nequit,
978 2962 1082 3018 quia

214 3023 299 3063 iam
330 3033 475 3076 neque
508 3021 600 3063 ulla
631 3034 715 3076 pax
746 3035 888 3077 neque
914 3034 1079 3063 summa

215 3081 334 3135 pacis
387 3080 557 3134 aderat,
614 3094 758 3137 neque
812 3081 956 3123 simile
1014 3086 1079 3122 est

216 3139 461 3193 exemplum
503 3141 555 3182 ab
597 3140 763 3182 Orellio
799 3154 853 3182 cx
890 3139 1077 3182 Caesare

217 3198 290 3254 (Β.
325 3197 374 3240 G.
409 3197 486 3239 VII
513 3200 593 3255 20)
627 3199 868 3254 prolatum:
901 3200 938 3240 si
968 3199 1079 3240 nihil

214 3259 261 3299 in
293 3258 606 3314 oppuqnatione
637 3259 780 3314 oppidi
808 3259 1074 3314 profecisset.

217 3316 344 3359 Conf.
377 3316 470 3358 Liv.
496 3315 653 3360 11161:
680 3330 900 3373 parvaque
932 3323 1077 3358 certa-

214 3377 333 3418 mina
363 3377 410 3417 in
429 3389 633 3418 summam
657 3378 781 3418 totius
800 3378 1080 3431 profecerant

215 3437 318 3492 spei.
365 3434 501 3476 XXXI
531 3435 615 3478 37:
647 3449 734 3476 non
764 3436 810 3476 in
838 3435 1080 3491 praesentis

214 3495 335 3536 modo
390 3495 636 3537 certaminis
686 3495 868 3550 yloriam
921 3494 994 3535 secl
1033 3494 1080 3534 in

217 3568 420 3597 summam
440 3555 568 3596 etiam
587 3554 685 3595 belli
698 3556 936 3610 profectum
952 3556 1078 3609 foret.

307 3614 479 3671 offerri.-
513 3612 580 3657 Ma
600 3614 753 3656 vitium
779 3614 932 3670 afferri
951 3611 1080 3655 Orel-

218 3670 302 3715 lius
332 3675 641 3730 interpretatur
671 3673 859 3727 concedi,
880 3671 1080 3715 Walthe-

1165 2676 1238 2707 rus
1269 2665 1516 2719 memorari,
1550 2670 1826 2723 repugnante
1858 2677 1939 2708 usu
1970 2666 2043 2709 lo-

1165 2724 1341 2780 quendi.
1386 2726 1614 2768 Sententia
1653 2725 1742 2767 loci
1776 2726 1928 2782 offerri
1956 2739 2042 2781 po-

1165 2784 1318 2837 stulat,
1362 2785 1494 2840 idque
1526 2784 1663 2826 fuisse
1694 2785 1740 2825 in
1784 2785 2038 2845 α’ρχετύπῳ

1167 2843 1297 2885 etiam
1339 2844 1383 2885 id
1432 2843 1746 2899 quodammodo
1788 2856 1867 2898 pro
1900 2857 2038 2902 argu-

1164 2908 1311 2944 mento
1335 2908 1415 2956 est,
1442 2902 1558 2958 quod
1589 2903 1633 2943 in
1657 2901 1722 2945 Ma
1754 2915 1840 2944 non
1870 2904 2040 2960 adferri

1164 2962 1242 3004 sed
1273 2963 1427 3019 afferri
1457 2962 1634 3018 legitur.

1259 3035 1349 3064 una
1377 3036 1470 3063 cum
1486 3022 1657 3076 aquila.-
1680 3035 1766 3063 una
1786 3028 1850 3064 est
1863 3035 2038 3076 nomen,

1163 3093 1250 3122 non
1289 3081 1557 3123 adverbium.
1648 3081 1729 3123 Ubi
1763 3082 1934 3136 aquila,
1978 3082 2039 3122 ibi

1163 3141 1294 3181 robur
1316 3141 1444 3180 unius
1467 3139 1656 3195 legionis
1671 3171 1682 3191 ,
1716 3152 1817 3191 non,
1841 3146 1887 3180 ut
1907 3152 2037 3192 nunc,

1163 3199 1204 3240 le
1242 3200 1282 3239 io
1317 3205 1359 3240 et
1392 3198 1538 3240 electi.
1603 3196 1669 3239 Cf.
1705 3198 1757 3238 ad
1787 3198 1839 3239 H.
1873 3197 1892 3239 Ι
1921 3197 1994 3241 61.

1193 3212 1297 3311 gap.
1311 3257 1382 3300 39.
1406 3257 1564 3298 Insteio
1580 3256 1782 3312 Capitoni
1801 3265 2039 3299 castrorum

1159 3319 1407 3371 praefecto.-
1431 3315 1633 3368 Insteius,
1655 3315 1784 3370 paulo
1807 3322 1907 3358 ante
1930 3330 2038 3358 cen-

1160 3376 1274 3415 turio
1310 3377 1371 3430 (c.
1391 3375 1458 3431 9),
1490 3374 1574 3415 iam
1606 3374 1659 3415 ad
1678 3375 1885 3423 maiorem
1916 3375 2039 3416 ordi..

1166 3447 1265 3474 nem
1298 3439 1520 3488 promotus
1555 3439 1646 3474 erat
1669 3446 1810 3489 eoque
1833 3447 1918 3475 non
1948 3448 2036 3475 uno

1164 3494 1363 3544 nominc,
1399 3498 1445 3533 ut
1480 3497 1606 3545 ante,
1644 3493 1720 3534 scd
1752 3493 1920 3535 duobus
1952 3508 2035 3536 vo-

1166 3558 1312 3604 catur,
1351 3554 1479 3593 etiam
1514 3551 1568 3592 ob
1601 3554 1811 3594 sermonis
1852 3556 2037 3595 concin-

1164 3613 1368 3664 nitatem,
1426 3624 1521 3653 cum
1568 3613 1763 3666 proxime
1809 3611 2034 3655 Cornelius

1168 3671 1345 3714 Flaccus
1386 3670 1558 3727 legatus
1597 3678 1857 3715 memoratus
1902 3679 2039 3716 esset.·

1916 2159 2035 2210 Tum
2056 2180 2104 2218 πο
