2280 4004
227 303 262 350 «ὁ
291 300 341 352 G.
373 303 448 350 54.
834 301 999 347 LIBER
1030 301 1120 346 XII.
1183 300 1288 346 Cn.
1321 302 1512 348 63—65.
1977 300 2062 347 101

240 449 360 501 dein
396 446 612 515 puniret,
651 450 897 512 metuens,
938 460 1094 513 agere
1129 449 1179 496 et
1217 444 1446 496 celerare
1471 442 1658 508 statuit,
1692 441 1890 510 perdita
1924 441 2063 510 prius

236 540 453 592 Domitia
490 538 696 605 Lepida,
733 537 1059 590 muliebribus
1103 537 1296 602 causiS,
1337 536 1452 602 quia
1491 534 1678 602 Lepida
1717 534 1914 587 minore
1950 535 2064 586 An-

238 632 375 683 tonia
416 630 606 698 genita,
649 629 898 681 avunculo
935 630 1186 697 August0‚
1226 628 1539 695 Agrippinae
1575 627 1783 679 sobrina
1819 626 1960 693 prior
2004 641 2064 677 ac

240 723 398 775 Gnaei
435 720 600 772 mariti
654 721 762 772 eius
811 735 987 785 soror,
1042 735 1213 786 parem
1268 719 1366 770 sibi
1419 718 1767 770 claritudinem
1804 716 2060 769 credebat.

238 814 345 866 Nec
387 813 549 864 forma
591 816 731 863 aetas
761 825 884 877 opes
922 810 1126 861 multum
1158 810 1442 874 distabant3
1483 815 1532 860 et
1561 814 1773 875 utraque
1809 807 2099 875 impudicas

238 904 440 956 infamis
474 902 713 967 violenta,
751 901 885 953 haud
923 902 1086 953 minus
1116 902 1250 953 vitiis
1284 901 1679 966 aemulabantur,
1709 916 1855 967 quam
1887 900 1931 952 si
1965 914 2062 965 qua

239 1012 304 1048 ex
328 983 539 1047 ‘fortuna
592 1008 837 1060 prospera
887 998 1208 1060 acceperant.
1301 993 1574 1044 Enimvero
1619 998 1874 1044 certamen
1912 1007 2065 1043 acer-

240 1086 444 1150 rimum,
504 1085 654 1136 amita
694 1084 861 1150 potius
912 1099 976 1135 an
1030 1089 1192 1135 mater
1247 1083 1378 1150 apud
1419 1084 1673 1135 Neronem
1720 1082 2061 1149 praevaleret:

236 1193 351 1229 nam
388 1177 577 1244 Lepida
615 1176 973 1227 blandimentis
1028 1191 1088 1226 ac
1128 1175 1483 1242 largitionibus
1540 1174 1809 1226 iuvenilem
1846 1174 2064 1225 animum

239 1268 578 1334 devinciebat,
617 1267 748 1319 truci
790 1272 965 1318 contra
1003 1282 1064 1318 ac
1101 1266 1286 1317 minaci
1313 1266 1611 1333 Agrippina,
1646 1281 1774 1331 quae
1801 1265 1902 1316 filio
1941 1265 2064 1317 dare
2083 1281 2128 1317 ιο

152 1361 527 1428 65imperium,
568 1359 791 1412 tolerare
831 1358 1198 1425 imperitantem
1238 1358 1491 1423 nequibat.
1586 1357 1818 1408 Ceterum
1867 1356 2066 1408 obiecta

237 1457 353 1504 sunt
388 1451 522 1518 quod
558 1450 827 1517 coniugem
857 1449 1101 1516 principis
1135 1448 1490 1501 devotionibus
1522 1447 1802 1514 petivisset,
1832 1447 2068 1514 quodque

236 1557 412 1610 parum
465 1541 704 1593 coercitis
761 1555 851 1607 per
888 1539 1176 1591 Calabriam
1232 1553 1498 1590 servorum
1558 1539 1843 1606 agminibus
1890 1553 2067 1605 pacem

238 1632 412 1686 Italiae
444 1632 685 1685 turbaret.
774 1631 850 1684 Ob
893 1631 1022 1683 haec
1063 1645 1201 1682 mors
1238 1630 1461 1695 indicta,
1522 1629 1725 1680 multum
1763 1629 2067 1681 adversante

235 1723 510 1789 Narcisso,
573 1723 657 1790 qui
691 1722 1024 1790 Agrippinam
1061 1721 1224 1789 magis
1258 1721 1523 1788 magisque
1557 1725 1855 1786 suspectans
1892 1734 2129 1786 prom-15

236 1815 403 1883 psisse
450 1815 584 1866 inter
628 1814 888 1880 proximos
942 1812 1200 1865 ferebatur
1236 1817 1426 1863 certam
1462 1811 1559 1863 sibi
1611 1811 1922 1878 perniciem,
1976 1826 2068 1862 seu

354 1992 396 2035 2.
429 1989 646 2031 domitiale
676 1989 948 2031 muliebribus
966 1987 1047 2041 Ma,
1079 1987 1255 2030 domitia
1286 1986 1448 2028 leuibus
1481 1994 1519 2028 et
1550 1988 1650 2029 mul.
1680 1987 1737 2030 G:
1772 1988 1962 2029 correxit
1993 1987 2067 2029 Pi..

239 2050 393 2092 chena.
487 2063 571 2105 qua
602 2047 684 2090 Ma.
798 2050 840 2092 3.
874 2048 1100 2105 agrippine
1133 2046 1213 2089 Ma.
1337 2049 1380 2088 4.
1417 2046 1464 2089 C.
1499 2047 1553 2089 N.
1587 2046 1669 2090 Ma.
1784 2048 1825 2090 5.
1861 2054 1950 2089 etas
1981 2046 2062 2091 Ma.

238 2110 327 2166 inp.
360 2106 441 2151 Ma.
598 2110 665 2152 12.
699 2109 878 2164 coniuqe'
911 2107 1004 2160 Ma,
1048 2107 1292 2163 coniugium
1321 2104 1409 2147 BG.

327 2266 490 2309 crebris
536 2265 771 2323 prodigiis:
819 2266 877 2308 cf.
923 2266 1104 2309 Sueton.

211 2325 312 2369 46.
361 2326 444 2367 Dio
477 2324 547 2367 LX
580 2327 653 2369 35.

327 2386 415 2427 suis
446 2387 578 2439 fetum
611 2385 767 2428 editum
798 2409 852 2417 --
892 2386 1108 2427 inessent:

239 2446 362 2486 notio
383 2444 505 2486 verbi
524 2445 777 2486 nuntiavere
803 2446 943 2499 perite
968 2445 1107 2486 forma

240 2504 506 2546 subiunctivi
538 2503 725 2546 inessent
754 2503 1109 2561 subsignificatur

241 2565 321 2620 (an
368 2563 461 2604 dem
513 2563 876 2604 Habichtsklauen
916 2576 1109 2619 9ewesen

239 2624 332 2665 sein
363 2621 551 2675 sollten).
598 2622 736 2664 Prave
760 2624 895 2679 igitur
926 2624 970 2664 in
996 2622 1107 2664 libro

244 2681 432 2724 Budensi
454 2685 498 2722 et
518 2682 632 2737 apud
644 2683 898 2724 Rhenanam
917 2683 1107 2734 inerant,

242 2755 377 2797 prave
421 2752 596 2796 quoque
643 2743 775 2797 fetum
818 2755 842 2782 a
885 2740 1109 2783 nonnullis

241 2812 319 2856 pro
353 2801 624 2842 nominativo
656 2801 844 2842 nominis
877 2802 921 2842 in
953 2806 1108 2843 neutro

243 2872 407 2916 genere
441 2858 525 2900 hoc
557 2871 643 2900 uno
677 2859 775 2901 loco
814 2860 946 2914 positi
983 2859 1110 2900 habi-

243 2925 333 2959 tum
366 2922 446 2959 est.

339 2974 612 3017 muliebribus
667 2975 834 3017 causis:
897 2976 1111 3019 eiusmodi

243 3035 388 3077 causis
419 3033 605 3088 impulsa
638 3047 749 3089 quae
780 3034 988 3078 mulieres
1012 3049 1111 3078 mo-

242 3100 362 3136 vent.
426 3092 678 3135 Primarium
718 3093 913 3136 eiusdem
946 3097 1111 3152 Agrip-

244 3154 374 3206 pinae
414 3152 560 3194 scelus
601 3152 716 3207 quod
761 3153 939 3207 parabat
972 3157 1111 3209 (mors

245 3210 464 3268 Claudii),
506 3211 636 3253 virile
684 3218 776 3253 erat
823 3218 866 3254 et
910 3214 1111 3256 virilibus

246 3272 389 3312 causis
420 3276 671 3323 susceptum
705 3284 730 3311 a
762 3270 939 3313 femina.

337 3330 502 3371 minore
533 3329 750 3371 Antonia:
785 3329 841 3371 cf.
874 3330 927 3371 ad
955 3330 1015 3372 lv
1037 3332 1110 3373 44.

333 3387 544 3430 avunculo
577 3387 789 3442 Auyusto:
822 3389 1025 3445 intellige
1058 3402 1112 3430 a-

244 3447 473 3490 mniculum
510 3460 730 3501 maqnum‚
772 3447 985 3503 siquidem
1017 3448 1112 3489 Au-

247 3513 399 3563 gustus
441 3506 523 3547 fuit
554 3505 688 3547 frater
719 3505 956 3558 Octaviae,
1005 3506 1113 3548 haec

245 3572 383 3607 muter
436 3566 655 3607 Antonine
704 3566 885 3606 minoris
925 3572 968 3607 et
1014 3567 1111 3607 avia

249 3624 377 3667 huius
430 3623 621 3680 Lepidae
670 3623 860 3667 Antonia
916 3626 1108 3683 genitae.

252 3682 318 3725 Cf.
356 3689 501 3728 annot.
536 3684 589 3726 ad
620 3682 658 3726 11
688 3684 760 3727 43.

1277 2263 1549 2320 Ayrippinae
1579 2262 1757 2304 sobrina
1784 2263 1933 2318 prior.-
1978 2261 2066 2305 Le-

1191 2323 1294 2378 pida
1326 2322 1601 2375 Germanico,
1634 2322 1906 2378 Agrippinae
1939 2324 2064 2376 patri,

1194 2382 1458 2425 consobrina
1518 2381 1626 2424 fuit:
1686 2395 1783 2423 nam
1838 2382 2065 2437 utriusque

1191 2448 1352 2484 matres
1385 2453 1573 2494 sororeS,
1607 2440 1851 2483 Germanici
1872 2440 2065 2482 Antonia

1193 2504 1345 2554 maior,
1365 2500 1556 2556 Lepidae
1576 2501 1768 2542 Antonia
1788 2501 1942 2543 minor.
1975 2501 2064 2555 Ipsi

1192 2562 1329 2617 igitur
1375 2561 1647 2617 Agrippinae
1699 2559 1880 2602 sobrina
1939 2561 2065 2616 prior

1191 2621 1288 2663 sive
1329 2620 1509 2662 sobrina
1544 2620 1725 2676 propior
1770 2618 1934 2674 Lepida
1964 2619 2062 2660 fuit.

1195 2678 1261 2721 Cf.
1295 2679 1324 2721 l.
1363 2680 1417 2723 10
1449 2681 1494 2732 §.
1531 2679 1584 2722 16
1626 2678 1728 2735 Dig.
1773 2679 1823 2720 de
1861 2678 2065 2734 qradibus

1194 2737 1432 2796 (xxxvm
1467 2741 1564 2797 1o):
1604 2752 1728 2790 nam,
1759 2745 1807 2780 ut
1844 2738 2065 2780 Masurius

1194 2799 1282 2851 ait,
1329 2811 1449 2854 quem
1480 2800 1572 2854 quis
1602 2796 1791 2854 appellat
1817 2798 2065 2854 propiorem

1193 2857 1393 2910 sobrino,
1450 2858 1522 2913 qui
1567 2864 1629 2898 est
1667 2858 1809 2913 patris
1862 2858 2064 2898 niati-{sve

1195 2917 1475 2960 consobrinus
1505 2923 1579 2958 aut
1615 2916 1894 2968 consobrina,
1929 2915 1982 2957 ab
2015 2930 2062 2957 eo

1195 2976 1442 3019 consobrini
1467 2976 1802 3018 consobrinaeve
1821 2975 1948 3029 filius,
1968 2975 2065 3029 filia

1192 3037 1455 3078 nominatur.
1505 3034 1622 3077 Cave
1655 3036 1791 3091 igitur
1811 3047 1970 3076 nomen
1990 3048 2063 3076 so-

1196 3095 1324 3136 brina
1355 3096 1400 3136 in
1431 3095 1567 3137 Taciti
1609 3094 1755 3135 verbis
1800 3106 1876 3148 pro
1917 3095 2063 3134 nomi-

1195 3154 1344 3195 nativo
1378 3156 1538 3208 capias,
1572 3159 1620 3193 ut
1651 3151 1961 3205 interpretibus
1986 3165 2063 3207 ac-

1197 3212 1303 3253 cidit
1348 3217 1588 3265 praeeunte
1648 3211 1795 3264 Lipsio
1846 3210 2062 3253 omnibus.

1196 3270 1385 3312 Sobrina
1410 3272 1602 3327 priorem
1633 3268 1834 3312 Germani
1871 3269 2063 3310 dicamus

1193 3329 1279 3370 ‘um
1332 3329 1463 3371 einen
1518 3327 1629 3371 Grad
1677 3328 1814 3370 naher
1857 3327 1920 3369 als
1963 3328 2064 3368 eine

1197 3387 1409 3430 Sobrine.³
1475 3387 1614 3430 Gnaei
1655 3412 1710 3419 —
1751 3401 1900 3429 soror.-
1945 3386 2061 3428 conf.

1196 3446 1256 3488 1v
1288 3445 1359 3489 44.

1276 3518 1382 3559 quae
1403 3504 1808 3559 filio—nequibat.-
1843 3517 1896 3545 ex
1928 3504 2062 3546 verbo

1195 3564 1395 3619 nequibat
1438 3565 1654 3606 contraria
1692 3564 1813 3604 notio
1851 3566 2062 3621 (poterat)

1196 3629 1341 3666 mente
1365 3623 1641 3679 suscipienda
1662 3628 1705 3665 et
1727 3622 1948 3680 iungenda
1967 3636 2064 3665 cum

1198 3682 1303 3725 dare
1337 3682 1586 3740 imperium3
1619 3682 1736 3726 conf.
1769 3681 1823 3725 ad
1854 3681 1910 3727 XI
1940 3683 2011 3728 26.
