2280 4004
182 308 299 364 ac?
320 320 393 364 61.
419 320 445 345 ⁶
765 319 930 364 LIBER
960 319 1073 366 xlv.
1137 318 1243 366 cn.
1278 324 1470 369 31-33.
1921 307 2018 370 209'

179 452 454 530 gnomento
491 454 692 530 quidem
727 462 962 515 coloniae
998 479 1101 516 non
1148 448 1382 532 insigne,
1442 464 1534 518 sed
1593 466 1738 534 copia
1774 467 2014 535 negotia-

179 544 346 606 torum
384 559 434 606 et
469 541 833 606 commeatuum
863 555 1080 608 maxime
1116 557 1333 609 celebre.
1386 558 1460 608 Ibi
1489 559 1753 626 ambiguus
1788 574 1852 611 an
1875 559 2011 611 illam

179 645 354 698 sedem
395 645 528 697 bello
567 645 846 714 deligeret,
898 647 1262 714 circumspecta
1305 648 1643 715 infrequentia
1681 649 1884 715 militis,
1923 665 2012 703 sa-

178 726 344 803 tisque
383 737 582 804 magnis
620 737 936 790 documentis
974 739 1306 790 temeritatem
1333 739 1495 791 Petilii
1535 740 1826 806 coercitam,
1859 740 2010 793 unius

181 827 351 894 oppidi
394 829 576 880 damno
613 843 823 881 servare
859 830 1098 882 universa
1136 831 1323 882 statuit.
1400 831 1575 897 Neque
1611 831 1731 882 fletu
1771 835 1819 883 et
1853 831 2049 886 laert-⁵

180 919 275 970 mis
311 919 549 971 auxilium
588 920 696 971 eius
733 920 983 971 orantium
1022 920 1182 972 flexus
1221 926 1314 986 est,
1355 921 1474 987 quin
1499 921 1643 973 daret
1674 919 2018 988 profectionis

181 1006 383 1077 signum
420 1015 470 1063 et
505 1012 805 1063 comitantes
843 1012 894 1061 in
933 1015 1125 1077 partem
1170 1011 1388 1079 agminis
1444 1012 1715 1078 acciperet.
1789 1013 1841 1065 Si
1883 1026 2014 1080 quos

179 1092 396 1153 imbellis
435 1116 588 1153 sexus
627 1107 711 1152 aut
746 1102 881 1153 sessa
925 1107 1065 1154 aetas
1105 1101 1188 1153 vel
1222 1101 1322 1153 loci
1353 1101 1572 1153 dulcedo
1620 1103 1905 1169 attinuerat,
1947 1104 2010 1154 ab

179 1192 327 1244 hoste
369 1193 598 1259 oppressi
637 1198 767 1244 sunt.
828 1192 1019 1244 Eadem
1060 1192 1231 1244 clades
1268 1193 1542 1260 municipio
1579 1194 1868 1246 Verulamio
1901 1195 2009 1259 suit,

181 1281 298 1349 quia
333 1282 541 1335 barbari
579 1283 782 1335 omissis
822 1283 1046 1335 castellis
1080 1283 1452 1350 praesidiisque
1499 1284 1814 1350 militarium,
1875 1285 2075 1352 quodm

122 1441 125 1444 .
179 1373 486 1426 uberrimum
525 1374 760 1441 spolianti
800 1379 849 1426 et
889 1374 1277 1426 defendentibus
1313 1374 1539 1440 intutum,
1579 1375 1697 1427 laeti
1737 1375 1928 1442 praeda
1964 1381 2014 1427 et

182 1466 396 1518 aliorum
453 1481 641 1534 segnes
693 1467 947 1533 petebant.
1020 1466 1100 1517 Ad
1153 1467 1472 1534 septuaginta
1528 1467 1663 1518 milia
1722 1467 1904 1518 civium
1965 1471 2015 1519 et

182 1557 439 1610 sociorum
477 1558 540 1610 iis
578 1573 707 1624 quae
747 1558 1025 1609 memoravi
1063 1558 1194 1609 locis
1233 1558 1486 1610 cecidisse
1526 1559 1765 1610 constitit.
1837 1559 2014 1624 Neque

182 1640 315 1701 enim
350 1657 537 1715 'capere
572 1653 656 1700 aut
689 1649 1010 1715 venundare,
1063 1649 1266 1701 aliudve
1303 1650 1437 1716 quod
1474 1649 1594 1701 belli
1636 1650 2011 1716 commercium,

182 1741 274 1792 sed
313 1740 500 1793 caedes
532 1741 782 1807 patibula,
820 1741 967 1808 ignes
1009 1756 1206 1806 cruceS,
1246 1745 1496 1807 tamquam
1533 1741 1780 1792 reddituri
1821 1741 2076 1808 suppli-15

1826 1875 1900 1917 leti
1930 1873 2011 1918 Ma.

1734 1935 1896 1978 caecid.
1930 1932 2011 1977 Ma.

298 1874 341 1917 8.
374 1874 462 1916 inb.
495 1872 575 1917 Ma.
706 1876 772 1918 11.
807 1875 994 1931 spoliant
1027 1873 1152 1917 GMax
1187 1874 1436 1917 emendavit
1467 1875 1702 1918 Mercerus.

189 1934 256 1977 12.
298 1934 486 1990 insiqnes
518 1933 608 1976 Ma:
652 1935 901 1976 emendavit
938 1935 1171 1977 MerceruS.
1296 1936 1363 1978 13.
1418 1934 1500 1976 hiis
1531 1933 1611 1977 Ma.

185 1994 374 2036 consistit
403 1992 482 2036 Ma.
594 1995 661 2037 14.
695 1993 854 2036 aliutue
887 1993 968 2036 Ma.
1074 1995 1140 2038 15.
1176 2001 1379 2049 tanquam
1411 1992 1490 2037 Ma.

275 2155 332 2197 ad
362 2156 634 2212 septuaginta
650 2181 705 2188 —
727 2156 928 2198 cecidisse
948 2170 1055 2198 con-

186 2216 315 2257 stitit:
346 2215 517 2257 Tacitus
551 2228 774 2256 numerum
809 2228 957 2257 eorum
982 2217 1054 2271 qui

1142 2156 1415 2210 explendam.
1479 2155 1705 2198 Ernestius
1739 2157 2007 2210 comparavit

1140 2216 1254 2257 Livii
1277 2216 1415 2258 xxlv
1440 2217 1518 2258 17:
1553 2230 1630 2270 quo
1663 2216 1802 2257 minus
1832 2222 2010 2271 accepta

187 2273 470 2317 Gamaloduni
514 2280 557 2316 et
595 2274 798 2317 Londinii
834 2281 877 2317 et
912 2275 1055 2316 Veru-

183 2333 303 2375 lamii
349 2336 466 2376 caesi
508 2340 630 2387 sunt,
682 2334 915 2375 indicavit:
970 2334 1053 2376 Dio

184 2392 294 2435 LXII
331 2395 351 2434 1
386 2393 439 2436 de
474 2395 616 2436 caesis
648 2407 726 2448 per
773 2394 857 2435 hoc
888 2393 1054 2435 bellum

184 2453 415 2494 universe:
458 2457 537 2496 καὶ
565 2453 796 2511 μυριάδες
825 2447 939 2496 ὀκτώ
963 2457 1056 2497 τῶν

186 2519 232 2553 ie
261 2511 504 2571 Ῥωμαίων
544 2517 622 2555 καὶ
664 2514 755 2555 τῶν
793 2513 1058 2571 συμμάχων

187 2571 344 2615 αὐτῶν
396 2571 700 2629 ἐφθάρησαν.
764 2571 916 2627 ltaque
969 2584 1056 2612 non

186 2630 299 2671 bene
322 2631 539 2686 octoqiuta
555 2631 668 2685 apud
683 2629 874 2672 'l'acitum
889 2631 1058 2685 Lipsius

187 2688 423 2744 legendum
465 2691 668 2732 coniecit.
790 2691 865 2732 sed
907 2690 1058 2732 caedes

184 2748 402 2803 patibula,
443 2750 564 2805 iynes
615 2763 788 2791 cruces:
834 2763 875 2792 v.
910 2756 1058 2792 annot.

187 2806 238 2848 ad
272 2807 327 2849 x!
361 2809 403 2850 6.

195 2891 197 2895 ·
287 2874 501 2920 tamquam
544 2868 757 2909 reddituri
804 2867 1055 2924 supplicium

189 2938 243 2965 ac
270 2934 504 2982 praerepta
530 2928 702 2968 interim
720 2926 906 2968 ultione:
941 2933 1054 2968 tam-

189 2996 314 3039 quam
369 2986 575 3027 reddituri
630 2985 892 3040 supplicium
938 2986 1053 3027 idem

189 3044 388 3099 estquod
416 3045 650 3101 ‘tamquam
685 3044 873 3086 debitam
910 3045 1053 3086 hosti-

190 3102 268 3143 bus
317 3115 501 3157 poenam
559 3104 698 3145 daturi
761 3103 1052 3158 supplicium:

189 3166 237 3201 ut
262 3162 357 3203 XVI
385 3164 411 3205 5
445 3163 752 3205 dissimulatum
778 3164 1056 3218 adpraesens

192 3227 231 3261 et
253 3234 351 3261 mox
370 3222 580 3263 redditum
600 3222 754 3273 odium,
793 3223 822 3263 i.
845 3235 883 3264 e.
911 3222 1055 3263 datum

192 3285 406 3333 tamquam
448 3280 656 3322 debitum.
720 3279 855 3322 Caute
894 3281 1058 3322 addidit

193 3345 432 3392 tamquam.-
474 3351 570 3380 nam
617 3352 711 3380 cum
755 3338 972 3392 supplicia
1011 3340 1056 3379 in

193 3396 281 3438 illis
315 3396 512 3439 ludibriis
546 3411 570 3439 a
603 3398 795 3438 Romano
841 3397 979 3438 milite
1013 3397 1056 3437 in

192 3455 423 3497 Britannos
461 3456 658 3498 admissis
681 3458 747 3511 (v.
773 3469 810 3497 c.
831 3456 911 3511 31)
936 3455 1057 3497 nulla

194 3516 413 3568 inessent,
466 3516 506 3556 hi
552 3528 598 3556 re
641 3527 746 3555 vera
795 3514 1058 3567 supplicium

194 3574 371 3615 reddere
405 3587 489 3614 non
537 3579 750 3628 poterant.
814 3572 948 3613 fidem
988 3573 1060 3614 ul..

196 3634 358 3674 tionem
392 3636 563 3674 interim
597 3634 882 3687 praeripiunt,
916 3637 1061 3672 metu-

197 3696 320 3734 entes
351 3705 406 3734 ne
438 3706 538 3735 mox
556 3693 669 3736 desit
692 3692 866 3736 occasio
889 3690 943 3735 ad
967 3703 1062 3736 eam

285 3786 434 3825 Tacitus
458 3789 503 3826 11.

1141 2275 1199 2315 ad
1218 2275 1394 2317 Cannas
1427 2275 1680 2316 redderetur
1710 2274 1821 2316 hosti
1851 2274 2007 2316 clades.

1141 2334 1223 2378 20:
1280 2348 1350 2375 eos
1390 2360 1445 2366 —-
1488 2335 1643 2375 Hanno
1688 2334 1862 2375 adortus
1894 2333 2011 2376 haud

1140 2393 1268 2434 multo
1301 2395 1509 2435 minorem
1538 2407 1662 2447 quam
1695 2393 1753 2434 ad
1784 2394 2006 2434 Beneven-

1142 2459 1227 2492 tum
1242 2459 1486 2509 acceperat,
1501 2453 1684 2494 reddidit
1702 2452 1812 2493 hosti
1828 2452 2006 2494 cladem.

1141 2511 1309 2553 Seneca
1348 2511 1402 2553 de
1442 2512 1509 2552 lra
1554 2511 1590 2553 11
1641 2513 1724 2554 32:
1780 2511 1900 2552 dulce
1949 2518 2010 2553 est

1143 2570 1330 2612 dolorem
1378 2571 1571 2612 reddere.
1636 2569 1824 2613 Orellius
1871 2570 2011 2612 'l’aciti

1141 2630 1275 2671 verba
1306 2629 1908 2685 interpretatur‘supplicium
1936 2631 2009 2671 vi-

1143 2690 1287 2731 cissim
1307 2689 1590 2744 perpessuri,'
1621 2695 1664 2730 at
1699 2688 1882 2730 reddere
1918 2702 2006 2731 non
2043 2690 2055 2700 “

1143 2754 1209 2790 est
1239 2750 1425 2791 vicissim
1453 2749 1640 2805 perpeti,
1690 2747 1766 2789 sed
1794 2748 2006 2790 ‘vicissim

1143 2808 1277 2849 dare.’
1333 2809 1564 2850 Notionem
1617 2809 1710 2848 eius
1751 2808 1866 2862 quod
1911 2809 2007 2863 quis

1138 2868 1331 2908 vicissim
1385 2868 1655 2921 perpetiatur
1701 2866 1785 2907 hoc
1827 2867 2008 2907 verbum

1141 2931 1244 2968 tunc
1276 2932 1421 2981 potest
1452 2927 1623 2978 subire,
1659 2939 1755 2966 cum
1790 2925 2008 2967 adiectum

1141 2992 1206 3026 est
1256 2986 1299 3026 id
1349 2987 1470 3027 cuius
1506 2999 1648 3042 poena
1699 2984 1911 3026 solvenda
1952 2987 2009 3026 sit

1140 3058 1240 3086 casn
1276 3046 1497 3101 genitivo,
1531 3051 1578 3086 ut
1610 3045 1720 3098 apud
1754 3043 2007 3085 Sallustium

1138 3105 1180 3144 in
1220 3103 1312 3160 lug.
1344 3106 1420 3147 17:
1461 3118 1545 3145 nae
1578 3103 1650 3144 ille
1692 3127 1747 3134 —-
1779 3103 2006 3157 impietatis

1140 3164 1187 3203 in
1216 3170 1440 3218 parentem
1470 3170 1686 3212 nostrum,
1733 3162 1887 3215 fratris
1924 3162 2008 3202 mci

1140 3223 1256 3263 necis
1275 3234 1545 3275 mearumque
1564 3219 1835 3261 miseriarum
1853 3233 2007 3273 qraves

1136 3293 1299 3335 poenas
1353 3280 1513 3321 reddet.
1574 3279 1724 3333 ltaque
1772 3277 2006 3319 verborum

1140 3338 1393 3380 intellectus
1434 3350 1560 3394 quem
1613 3337 1764 3378 statuit
1813 3335 2002 3378 Orellius

1140 3398 1204 3438 sic
1227 3398 1471 3438 efferendus
1496 3397 1634 3438 foret:
1669 3403 1881 3449 tamquam
1902 3409 2006 3451 sup-

1136 3456 1365 3511 pliciorum
1417 3455 1629 3497 reddituri
1684 3467 1861 3510 poenas.
1938 3453 2007 3495 Ad

1143 3514 1276 3555 verba
1324 3515 1491 3556 aliudve
1525 3514 1634 3568 quod
1667 3513 1765 3554 belli
1797 3526 2006 3555 commer-

1144 3574 1254 3614 cium
1302 3587 1355 3614 ex
1397 3573 1532 3615 verbo
1580 3572 1844 3628 festinabant
1883 3573 2005 3613 notio

1142 3633 1339 3687 faciendi
1394 3633 1465 3677 vel
1515 3632 1745 3675 exercendi
1797 3631 2007 3678 sumenda

1148 3697 1228 3737 est.

1619 3769 1682 3828 14
