2280 4004
247 269 306 313 ΘΒ
975 281 981 286 ·
1020 265 1322 313 ANNALIVM·
1819 277 1938 314 auu.
1972 266 2074 314 758.

246 413 298 461 et
332 424 509 476 pacem
547 423 694 477 quam
722 407 1228 474 bellumvprobabam.
1301 408 1441 476 Ergo
1468 412 1729 476 >raptorem
1753 408 2074 477 filiaemeae,

245 502 548 554 violatorem
586 500 811 554 foederis
849 500 1036 566 vestri,
1082 500 1366 552 Arminium
1404 500 1538 567 apud
1575 501 1793 567 Varum,
1849 502 1939 568 qui
1973 507 2077 559 tum

247 593 493 645 exercitui
529 591 869 659 praesidebat,
903 605 1044 642 reum
1073 590 1191 643 feci.
1265 590 1460 669 Dilatus
1497 590 1716 661 segnitia
1757 591 1920 667 ducis,
1956 591 2076 659 quia

242 698 419 751 parum
457 684 701 751 praesidii
733 683 784 734 in
818 683 1042 750 legibus
1058 687 1192 748 erat,
1247 687 1301 735 ut
1335 698 1416 735 me
1458 688 1509 736 et
1541 683 1825 735 Arminium
1859 687 1911 735 et
1950 697 2081 735 con-

205 776 382 829 sscios
416 776 633 827 vinciret
668 774 910 842 flagitavi.
984 765 1147 826 Testis
1196 773 1281 826 illa
1323 788 1456 840 nox,
1509 774 1632 826 mihi
1680 774 1871 828 utinam
1909 774 2078 841 potius

243 867 538 919 novissima.
614 866 756 928 Quae
793 871 968 919 secuta
1008 871 1158 932 sunt,
1214 864 1393 917 defleri
1448 866 1611 933 magis
1670 881 1817 934 quam
1869 866 2079 920 defendi

241 963 470 1024 possunt.
547 958 779 1009 Ceterum
830 961 879 1008 et
928 956 1082 1008 inieci
1124 961 1331 1008 catenas
1370 955 1630 1022 Arminio,
1681 962 1732 1010 et
1782 973 1812 1009 a
1848 957 2074 1010 factione

244 1049 352 1101 eius
401 1049 614 1100 iniectas
670 1062 943 1114 perpessus
991 1063 1118 1117 sum.
1191 1048 1360 1114 Atque
1406 1047 1493 1099 ubi
1540 1048 1754 1115 primum
1792 1048 2070 1119 inffl

243 1145 419 1192 vetera
447 1140 595 1191 novis
635 1145 684 1191 et
711 1140 877 1205 quieta
912 1139 1127 1190 turbidis
1157 1139 1459 1204 antehabe0‚
1497 1153 1663 1206 neque
1688 1139 1755 1191 ob
1783 1138 2080 1206 praemium,

180 1241 231 1295 ..²0
245 1230 338 1283 sed
373 1235 426 1281 ut
453 1247 532 1282 me
560 1230 771 1296 perfidia
807 1228 1066 1294 exolvam,
1105 1229 1255 1280 simul
1300 1229 1441 1297 genti
1468 1230 1835 1282 Germanorum
1863 1229 2081 1283 idoneus

247 1322 580 1387 conciliator,
647 1322 691 1373 si
735 1321 1096 1387 paenitentiam
1152 1335 1299 1387 quam
1346 1321 1628 1387 perniciem
1664 1321 1912 1374 maluerit.
1985 1321 2082 1375 Pro

245 1413 451 1465 iuventa
491 1418 539 1465 et
581 1428 758 1464 errore
794 1412 882 1463 filii
931 1412 1132 1465 veniam
1182 1426 1393 1477 precor:
1442 1412 1595 1464 filiam
1641 1413 1950 1466 necessitate
1985 1412 2084 1466 huc

244 1505 515 1558 adductam
563 1505 744 1556 fateor.
837 1504 992 1555 Tuum
1050 1502 1149 1555 erit
1203 1503 1496 1556 consultare
1553 1509 1718 1555 utrum
1768 1504 2078 1571 praevaleat,

249 1597 384 1664 quod
422 1613 486 1648 ex
511 1595 745 1648 Arminio
773 1595 1010 1661 concepit
1047 1610 1113 1647 an
1148 1595 1283 1661 quod
1320 1611 1384 1647 ex
1413 1611 1494 1648 me
1527 1596 1700 1663 genita
1735 1594 1845 1650 θεῖ’.
1895 1596 2087 1650 Caesar

183 1701 234 1741 u
250 1689 487 1740 clement-i
524 1702 775 1755 responso
829 1687 1007 1738 liberis
1057 1686 1457 1753 propinquisque
1506 1687 1615 1740 eius
1666 1687 2081 1754 incolumitatem,

247 1781 343 1848 ipsi
381 1780 555 1833 sedem
587 1785 763 1854 vetere
796 1779 847 1850 in
883 1778 1148 1852 provincia
1173 1778 1456 1845 pollicetur.

1530 1779 1821 1832 Exercitum
1857 1780 2078 1846 reduxit,

366 1921 408 1965 2.
444 1927 546 1976 aput
580 1919 634 1962 M.
700 1919 741 1962 5.
775 1920 968 1961 vinceret
999 1930 1217 1974 superscr.
1251 1919 1270 1961 ι’
1298 1917 1354 1961 Μ.
1428 1918 1471 1966 9,
1505 1917 1686 1975 turpidis
1717 1930 1935 1973 superscr.
1971 1919 1994 1962 b
2025 1918 2080 1963 M.

252 1981 322 2023 10.
358 1995 448 2021 eccs.
483 1979 555 2022 Or.
685 1981 752 2021 11.
780 1980 1023 2037 permitiem
1055 1979 1112 2021 M.

247 2040 318 2083 15.
351 2038 685 2082 incolomitatem
715 2037 772 2080 M.

339 2168 445 2224 Cap.
477 2168 548 2212 58.
623 2176 662 2211 et
692 2167 825 2211 inieci
861 2175 1038 2211 catenas
1068 2193 1124 2202 —-

200 2222 469 2286 sperpessus
500 2243 619 2270 sum:
670 2229 881 2271 translate
914 2228 1125 2284 loquitur,

191 2323 195 2341 ÷
248 2303 394 2344 neque
416 2289 470 2330 de
496 2289 616 2330 veris
642 2291 809 2330 catenis
843 2288 1125 2343 cogitandum

252 2354 332 2390 est.
395 2348 495 2403 Ipse
530 2349 715 2389 iniectas
759 2360 996 2403 perpessus
1044 2353 1125 2400 est,

194 2415 200 2433 ¹
248 2421 347 2460 ‚cum
380 2408 433 2449 ab
453 2408 638 2449 Arminii
667 2408 862 2449 factione
897 2407 1127 2448 circumsi-

137 2971 142 2995 ἴ,
128 2950 137 2956 ι

201 2972 206 3006 -Α,
199 2849 211 2955 ·.,.,..,,

250 2467 443 2521 deretur,
470 2468 623 2508 iniecit
648 2467 879 2509 conamina
897 2469 992 2508 eius
1015 2477 1129 2522 qno-

250 2528 317 2569 vis
349 2527 479 2569 modo
513 2526 816 2581 impediendo,
860 2531 1128 2580 postremum

250 2588 519 2629 carissimam
554 2588 788 2642 coniugem
823 2584 1068 2639 eripiendo·

342 2654 483 2688 vetere
515 2648 561 2688 in
602 2645 857 2701 provincia:
910 2644 953 2685 h.
999 2658 1039 2686 e.
1084 2646 1130 2686 in

253 2703 485 2748 Germania
533 2706 744 2747 inferiore
777 2703 850 2746 vel
885 2705 1127 2758 superiore.

251 2762 414 2807 Eadem
448 2780 484 2808 c.
511 2766 564 2808 57
602 2764 774 2807 Gallica
806 2764 906 2819 ripa
938 2769 981 2805 et
1014 2763 1129 2806 c.59

251 2827 367 2867 victa
397 2827 496 2882 ripa
528 2831 726 2867 vocatur.
790 2822 914 2865 Nova
944 2824 1130 2877 provin-

255 2885 323 2925 cia
356 2884 556 2926 diversae
580 2887 699 2938 ripae
732 2889 897 2925 tractus
919 2889 1131 2925 terrarum

255 2954 393 2998 usque
427 2944 480 2985 ad
511 2945 732 3000 Visurgim
758 2944 1023 2998 cogitantur,
1058 2943 1131 2996 qui

257 3004 456 3057 quamvis
480 3003 670 3044 nondum
690 3003 734 3042 in
754 3003 1012 3056 provinciae
1034 3001 1130 3042 for-

256 3073 368 3103 mam
401 3062 590 3114 redacti,
642 3068 784 3103 tamen
830 3061 1054 3102 nonnullis
1087 3061 1131 3100 in

206 3133 211 3173 1
255 3119 369 3163 locis
431 3127 474 3163 et
539 3121 734 3164 castellis
799 3126 842 3161 et
902 3119 1132 3173 praesidiis

208 3187 210 3191 ’
258 3180 550 3223 Romanorum
615 3181 784 3222 obsessi
847 3178 1130 3220 tenebantur.

257 3240 464 3282 Recurrit
497 3241 607 3283 haec
640 3242 736 3282 sive
779 3238 1002 3294 cogitandi
1037 3238 1133 3279 sive

259 3297 469 3355 loquendi
505 3300 684 3342 licentia
717 3298 773 3339 111
806 3297 886 3351 74,
931 3304 978 3338 ut
1017 3303 1134 3338 terra

258 3359 456 3400 Romano
493 3359 634 3402 milite
669 3363 883 3412 occupata
916 3364 1133 3411 tamqnam

260 3429 375 3458 nova
396 3420 622 3472 provincia
646 3420 786 3462 veteri
805 3423 848 3459 et
862 3430 992 3459 verae
1011 3428 1134 3458 com-

261 3483 474 3530 ponatur:
504 3493 609 3530 nec,
644 3487 690 3520 ut
722 3492 810 3518 mos
839 3480 1001 3532 fuerat,
1035 3482 1136 3516 acta

263 3543 424 3576 aestate
451 3537 633 3578 retrahit
658 3539 802 3593 copias
824 3544 897 3577 aut
920 3538 966 3578 in
987 3535 1135 3576 hiber-

267 3594 437 3638 maculis
456 3597 609 3637 veter-is
636 3597 888 3650 proi-inciae
909 3596 1134 3650 componit.

352 3654 545 3698 Arminii
566 3669 744 3697 ua·or·-—
762 3656 807 3697 in
841 3662 1024 3714 tempore
1041 3668 1136 3697 me-

1209 1981 1278 2023 12.
1307 1992 1500 2035 praecor
1531 1982 1637 2034 (per
1669 1979 1998 2037 compendium)
2029 1979 2085 2021 Μ.

868 2038 937 2097 16.
970 2045 1143 2092 vetera,
1176 2051 1265 2081 non
1295 2052 1455 2092 vaera,
1487 2038 1553 2081 M:
1586 2039 1780 2081 correxit
1806 2038 1996 2095 Lipsius.

1208 2170 1414 2211 morabot
1461 2168 1615 2213 Strabo
1659 2175 1704 2212 et
1737 2169 1923 2212 Arminii
1975 2180 2086 2212 con-

1209 2228 1814 2343 {i'ffffiezifflfflifflpssss
1834 2229 2084 2331 affluit}

1212 2347 1274 2404 (ΙΙ
1305 2350 1385 2409 41)
1423 2354 1647 2390 ostensum
1679 2354 1827 2390 narrat
1859 2347 1937 2390 vll
1973 2349 1992 2390 l
2025 2347 2083 2390 4·

1208 2411 1462 2466 παρέσχον
1491 2408 1555 2464 τῷ
1586 2410 1791 2466 νεωτέρῳ
1812 2408 2086 2477 Γερμανικῷ

1210 2468 1550 2527 &annectatur
1593 2471 1833 2527 θρίαμβον
1879 2491 1936 2500 —-
1966 2462 2085 2526 γυνὴ

1212 2527 1253 2570 δ’
1279 2525 1602 2595 Ἀρμενίου-
1633 2484 1787 2586 ὄνοιια
1819 2525 2086 2572 Θουσνέλὸα

1207 2602 1288 2630 και
1367 2580 1470 2635 υἱὸς
1546 2582 1724 2642 τριειὴς
1782 2581 2084 2656 Θουμελικός.

1212 2644 1481 2700 Gottlingius
1545 2644 1822 2688 'lhusneldae
1890 2645 2087 2702 effigiem

1212 2716 1457 2761 agnoscere
1490 2704 1638 2746 sibiv
1610 2707 1732 2747 visus
1767 2709 1833 2746 est
1863 2704 1910 2746 in
1943 2710 2087 2747 statua

1206 2765 1390 2818 antiqua
1431 2762 1710 2817 Florentin,
1755 2762 1998 2807 Thumelici
2040 2776 2086 2804 in

1213 2825 1358 2878 capite
1372 2822 1629 2879 gladiatoris
1645 2824 1808 2865 vetusti
1823 2822 1952 2879 :lege
1967 2823 2062 2866 eius
2072 2837 2087 2864 .:

1218 2882 1458 2926 Thusnetda
1476 2914 1488 2935 ‚
1549 2883 1773 2925 Arminius
1832 2882 2058 2925 Gemuhlin
2072 2913 2087 2935 ‚

1209 2942 1300 2984 cmd
1331 2941 1403 2983 ihr
1417 2942 1542 2983 Solm
1573 2941 1836 2984 Thumelieus
1853 2943 1900 2983 in
1921 2941 2089 2998 pleidu-

1211 3002 1393 3057 z-eitiyen
1440 3002 1686 3044 Bttdm‘ssen
1746 3001 2086 3057 naekqewieseu.

1212 3060 1309 3102 Jen.
1359 3059 1488 3102 1843.
1572 3060 1638 3101 De
1681 3059 1932 3102 Thusnetda
1974 3073 2088 3115 quae

1215 3119 1454 3172 disputavit
1483 3119 1549 3159 vir
1574 3118 1796 3174 elegantis
1818 3118 1986 3171 iudicii,
2007 3118 2087 3160 ad-

1214 3177 1389 3218 modum
1422 3177 1709 3231 probabiliter
1739 3179 1941 3232 exposita
1972 3183 2087 3229 sunt,

1216 3236 1270 3278 de
1314 3236 1567 3278 Thumelico
1611 3236 1756 3291 (hunc
1796 3235 2088 3292 gladiatorem

1215 3297 1356 3338 fuisse
1375 3309 1426 3337 ac
1443 3308 1616 3337 manum
1633 3295 1719 3338 sibi
1732 3295 1938 3338 vitandae
1957 3297 2089 3352 igno-

1215 3357 1376 3397 miniae
1394 3355 1597 3397 intulisse
1614 3357 1841 3413 opinatur)
1858 3367 1946 3396 non
1968 3357 2087 3397 item.

1217 3414 1423 3457 Ludibrio
1443 3416 1707 3470 conflictatus
1721 3415 1894 3468 accipio
1906 3413 1960 3455 de
1980 3414 2089 3468 fuga

1217 3481 1406 3526 tentata,
1438 3476 1482 3516 in
1516 3487 1601 3529 qua
1633 3480 1784 3527 captus
1816 3473 1868 3514 ac
1899 3472 2086 3513 tortasse

1217 3534 1454 3576 trucidatus
1479 3541 1560 3575 est.
1616 3531 1841 3574 Eiusmodi
1865 3532 2087 3585 inceptum

1217 3594 1352 3636 'l'aciti
1385 3593 1519 3635 verba
1546 3591 1602 3634 XI
1624 3592 1677 3633 16
1709 3590 1914 3631 videntur
1942 3590 2088 3646 signi..

1217 3654 1374 3703 ficare:
1409 3654 1530 3696 cuius
1561 3652 1599 3695 si
1614 3649 1732 3706 filius
1751 3648 1898 3694 ΔΙιοιςίὸὄί
1927 3650 1974 3692 ἑκ
1997 3649 2087 3697 solo
