2280 4004
179 289 206 324 a
237 276 287 324 G.
320 278 394 325 50.
426 281 436 287 '
755 278 920 323 LIBER
949 277 1040 322 XII.
1104 278 1211 323 Gn.
1244 278 1433 324 34-36.
1948 275 2006 318 ¹⁷3

180 424 379 486 bantur.
451 423 717 492 Postquam
755 411 889 476 facta
926 423 1180 476 testudine
1206 423 1361 475 rudes
1403 427 1451 474 et
1487 417 1732 474 informes
1769 433 2008 473 saxorum

183 531 458 586 compages
493 517 766 568 distractae
793 531 984 582 parque
1013 515 1290 566 comminus
1327 514 1482 578 acies,
1521 512 1775 564 decedere
1806 510 2011 562 barbari

181 607 235 658 in
273 607 393 676 iuga
427 608 685 659 montium.
758 607 857 659 Sed
894 621 955 658 eo
1005 619 1204 672 quoque
1253 605 1489 671 inrupere
1535 603 1846 655 ferentarius
1883 617 2011 670 gra-

183 699 364 767 visque
406 699 567 763 miles,
608 699 680 749 illi
718 699 831 750 telis
869 697 1195 761 adsultanteS,
1232 697 1284 747 hi
1311 696 1542 747 conferto
1578 694 1757 762 gradU,
1800 693 2012 745 turbatis

186 793 364 842 con-tra
414 778 769 841 Britannorum
824 789 1118 853 ordinibus,
1183 787 1312 854 apud
1371 801 1497 852 quos
1548 785 1683 836 nulla
1736 780 2052 835 loricarums'

185 881 512 950 galearumve
549 881 770 948 tegmina
783 898 798 944 3
834 886 883 932 et
925 880 968 931 si
1007 879 1334 932 auxiliaribus
1370 878 1685 942 resisterent,
1728 875 1913 943 gladiis
1952 891 2013 928 ac

187 972 303 1040 pilis
330 972 771 1040 legionariorum,
811 972 854 1024 si
891 972 991 1022 huc
1026 975 1311 1035 verterent,
1357 969 1546 1035 spathis
1586 973 1635 1020 et
1671 968 1828 1019 hastis
1866 967 2015 1018 auxi-

185 1064 383 1116 liarium
418 1064 790 1116 sternebantur.
869 1062 1013 1114 Clara
1058 1078 1118 1114 ea
1154 1060 1370 1112 victoria
1416 1060 1538 1124 fuit,
1605 1064 1849 1125 captaque
1885 1071 2017 1110 uxor

100 1155 238 1207 36et
271 1155 371 1206 filia
408 1154 667 1219 Carataci,
731 1155 1015 1220 fratresque
1051 1154 1104 1203 in
1143 1152 1450 1204 deditionem
1479 1151 1699 1216 accepti.
1775 1151 1886 1215 Ipse
1908 1187 1922 1213 ,
1964 1153 2018 1199 ut

187 1247 348 1299 ferme
379 1246 538 1298 intuta
575 1251 691 1298 sunt
730 1246 979 1309 adversa,
1043 1260 1154 1295 cum
1194 1243 1344 1294 fidem
1384 1241 1771 1294 Cartimanduae
1806 1240 2015 1307 reginae
2035 1257 2082 1297 ιο

185 1338 479 1405 Brigantum
512 1337 793 1404 petivisset,
838 1337 1038 1387 vinctus
1078 1351 1139 1386 ac
1172 1334 1454 1386 victoribus
1489 1333 1702 1385 traditus
1739 1337 1842 1396 est,
1880 1346 2016 1382 nono

190 1435 306 1497 post
356 1444 488 1481 anno
531 1443 678 1495 quam
726 1428 912 1479 bellum
964 1427 1016 1477 in
1061 1426 1318 1477 Britannia
1348 1408 1616 1492 coeptum.
1708 1423 1851 1475 Unde
1890 1422 2022 1473 fama

190 1521 299 1573 eius
339 1525 516 1573 evecta
551 1519 743 1571 insulas
785 1524 834 1571 et
855 1519 1113 1586 proximas
1148 1518 1440 1584 provincias
1475 1521 1753 1583 pervagata
1789 1530 1881 1581 per
1916 1515 2021 1565 Ita-

126 1616 129 1618 ’
188 1613 303 1664 liam
342 1625 542 1679 quoque
577 1611 929 1663 celebrabatur
942 1629 956 1675 3
997 1610 1311 1676 avebantque
1342 1610 1513 1660 visere
1553 1608 1662 1674 quis
1700 1607 1785 1658 ille
1823 1610 1896 1656 tot
1930 1619 2023 1671 per

195 1718 358 1774 annos
399 1717 522 1771 opes
567 1707 770 1754 nostras
821 1702 1114 1769 sprevisset.
1207 1703 1282 1754 Ne
1316 1702 1508 1753 Rornae
1557 1699 1757 1766 quidem
1793 1680 2088 1765 ignobileis

193 1794 426 1848 Carataci
474 1808 662 1846 nomen
714 1798 848 1858 erat;
908 1798 958 1845 et
994 1793 1183 1845 Caesar
1234 1793 1350 1844 dum
1406 1806 1548 1843 suum
1602 1791 1758 1842 decus
1809 1789 2019 1853 extollit,

193 1887 388 1940 addidit
425 1885 640 1955 gloriam
673 1886 828 1936 vict0.
903 1886 1124 1937 Vocatus
1167 1884 1348 1951 quippe
1386 1888 1441 1934 ut
1478 1882 1544 1934 ad·
1575 1881 1779 1950 insigne
1815 1885 2021 1948 specta-

307 2042 349 2083 2.
388 2053 511 2096 eonp.
538 2038 617 2083 Ma.
710 2039 919 2081 distracta
948 2037 1038 2080 Ma:
1074 2037 1108 2080 G
1140 2038 1387 2080 distractae.
1482 2037 1526 2079 3.
1560 2036 1639 2076 irr.
1667 2034 1739 2077 Or.
1835 2035 1876 2076 5.
1913 2034 2022 2076 brit-

194 2107 426 2143 tannorum
456 2097 536 2142 Ma.
632 2100 673 2141 7.
707 2099 869 2154 spathis
900 2097 981 2151 Ma,
1017 2110 1105 2139 non
1137 2098 1283 2153 spatis.
1377 2096 1481 2138 astis
1512 2093 1593 2136 Ma.
1686 2094 1728 2136 8.
1761 2108 1873 2135 uxor
1904 2094 2022 2135 Bez-

193 2159 460 2215 zenberger:
492 2157 667 2200 codices
696 2172 848 2200 uxore.
923 2159 991 2200 10.
1028 2156 1384 2213 Cartimanduae]
1412 2153 1476 2197 Ma
1510 2153 1816 2205 car-timandus,
1850 2153 1883 2194 G
1916 2167 2022 2194 car.-

195 2218 456 2260 tunanduae.
503 2218 676 2271 Lipsius
711 2217 1097 2268 Cartimanduae,
1130 2222 1176 2256 ut
1208 2216 1260 2258 H.
1284 2217 1312 2258 3
1343 2216 1415 2258 45.
1452 2213 1508 2256 cf.
1545 2213 1683 2257 c.'40.
1812 2213 1878 2256 12.
1915 2213 2023 2256 brit-

195 2278 350 2320 tannia
380 2275 460 2319 ΜΗ.
554 2284 716 2332 ceptum
750 2275 831 2318 Ma.
927 2277 995 2319 17.
1028 2275 1260 2332 spectalum
1292 2273 1373 2317 Ma.

196 2420 458 2478 spicantibus
483 2419 658 2475 (liberis
683 2426 957 2478 senatorum)
982 2435 1070 2462 non

198 2481 462 2523 tribunatum
495 2479 615 2521 modo
649 2479 886 2536 leqionum,
927 2480 1000 2521 sed
1032 2487 1071 2521 et

194 2542 497 2596 praefecturas
519 2539 689 2580 alarum
711 2539 837 2581 dedit.
886 2538 1068 2580 Claudio

199 2600 282 2642 25:
315 2604 527 2653 equestres
555 2597 731 2640 militias
758 2600 821 2640 ita
839 2599 1068 2652 ordinavit,

196 2665 244 2700 ut
269 2665 364 2714 post
396 2657 612 2699 cohortem
645 2657 784 2710 alam,
827 2665 923 2713 post
954 2658 1071 2699 alam

200 2717 461 2759 tribunatum
491 2716 672 2772 le9ionis
706 2717 842 2759 daret.
886 2717 1070 2759 Liberae

201 2777 394 2818 civitatis
428 2781 624 2829 tempore
656 2776 869 2830 praefecti
905 2789 930 2817 a
962 2790 1072 2818 con..

200 2834 663 2887 sulibus,tribunorum
680 2836 844 2891 viginti
869 2841 1073 2890 quattuor

202 2907 226 2935 a
260 2893 440 2948 populo,
475 2894 635 2945 ceteri,
669 2895 705 2935 si
741 2906 850 2948 opus
883 2901 1014 2947 esset,
1049 2909 1073 2936 a

203 2953 456 2994 consulibus
479 2951 811 3008 deligebantur:
845 2966 886 2994 v.
919 2953 1071 3008 Polyb.

204 3011 232 3053 l.
256 3025 293 3054 c.
312 3026 323 3062 3
357 3011 411 3053 de
433 3011 668 3066 praefectis
690 3011 1073 3058 alarumdiximus

203 3069 257 3111 ad
288 3069 327 3111 11
356 3070 428 3113 67.
908 3119 934 3125 ς

291 3129 553 3182 ferentarius
575 3129 801 3184 yravisque
823 3129 969 3170 miles:
1002 3130 1072 3171 fe-

204 3189 418 3228 rentarius
439 3188 702 3243 quicumque
736 3187 848 3229 levis
880 3194 1074 3230 armatu-

206 3257 281 3285 rae
311 3244 461 3287 miles:
493 3258 536 3286 v.
574 3246 710 3286 Varro
743 3245 797 3288 de
830 3246 877 3287 L.
911 3246 957 3287 L.
994 3246 1073 3288 vll

208 3304 252 3354 §.
286 3303 356 3344 57.
415 3302 536 3344 Pauli
567 3303 773 3357 Excerpt.
807 3304 924 3345 Fest.
959 3318 992 3346 s,
1026 3318 1070 3346 v.

208 3362 454 3403 Ferentarii
485 3367 528 3402 et
544 3361 823 3417 Adscripticii
849 3368 893 3402 et
919 3362 1070 3405 Velati.

211 3421 368 3476 Veget.
403 3420 418 3462 1
454 3421 526 3471 20,
558 3418 594 3460 ΙΙ
633 3421 699 3462 15.
733 3420 898 3461 Nonius
929 3434 969 3474 p.
989 3422 1074 3463 554

209 3479 266 3523 26
296 3492 339 3522 ν.
378 3479 634 3521 Ferentarii.
691 3478 828 3519 Huius
868 3479 953 3520 loci
1003 3479 1073 3521 fe-

206 3539 385 3581 rentarii
411 3543 510 3580 sunt
536 3537 788 3590 auxiliares,
814 3537 956 3578 hastas
978 3539 1074 3579 sive

210 3597 298 3640 tela
350 3598 562 3640 iacientes
617 3596 900 3652 spathisque,
943 3597 987 3639 h.
1037 3610 1072 3638 e.

213 3654 367 3712 gladiis
400 3655 660 3707 maioribus,
696 3655 900 3698 accincti.

1228 2423 1493 2475 fratresque.-
1524 2419 1659 2475 vulgo
1694 2416 1848 2473 legunt
1865 2418 2027 2471 fratres

1154 2493 1327 2534 quoque,
1362 2485 1408 2519 ut
1430 2485 1496 2520 est
1516 2479 1560 2519 in
1582 2478 1630 2529 G,
1664 2476 1924 2518 adversante
1944 2475 2025 2519 Ma.

1154 2539 1239 2581 Sed
1271 2551 1375 2581 vera
1408 2545 1451 2580 et
1482 2540 1735 2590 incorrupta
1763 2535 1891 2576 huius
1915 2536 2028 2576 scri-

1154 2605 1278 2652 ptura
1310 2598 1504 2653 perbene
1537 2610 1584 2638 se
1619 2595 1765 2646 habet,
1800 2600 2028 2650 post-quam

1153 2660 1308 2699 vitium
1355 2659 1398 2698 in
1449 2671 1584 2699 umore
1638 2655 1814 2697 latitans
1877 2654 2029 2695 subla..

1156 2722 1246 2758 tum
1281 2723 1363 2759 est.

1231 2775 1337 2830 Cap.
1369 2775 1441 2817 36.
1496 2787 1609 2815 nono
1640 2780 1736 2829 post
1768 2786 1910 2813 anno:
1944 2772 2029 2814 Dio

1156 2836 1227 2876 LX
1275 2835 1328 2877 19
1380 2832 1488 2875 belli
1543 2833 1714 2874 initium
1765 2845 1922 2873 annum
1973 2833 2031 2874 43

1159 2894 1292 2950 (796)
1340 2894 1490 2947 ponit,
1534 2898 1581 2933 ut
1622 2891 1675 2933 ab
1721 2891 1798 2932 illo
1833 2897 2030 2944 tempore

1157 2959 1325 3007 septem
1378 2957 1541 2993 tantum
1601 2951 1701 2992 anni
1766 2950 2032 2991 effluxerint.

1158 3012 1268 3054 Hinc
1296 3011 1480 3053 credidit
1503 3010 1696 3064 Ryckius
1715 3009 1905 3050 Tacitum
1925 3022 2032 3063 sup-

1158 3071 1396 3125 putationis
1429 3070 1598 3110 initium
1633 3069 1810 3110 duxisse
1855 3083 1879 3108 a
1910 3068 2030 3109 bello

1159 3130 1397 3181 intestino,
1446 3128 1562 3183 quod
1593 3128 1811 3169 Romanos
1855 3128 1898 3165 in
1930 3126 2031 3166 Bri-

1159 3190 1348 3229 tanniam
1391 3187 1536 3227 traxit.
1598 3185 1662 3226 Eo
1704 3184 1888 3224 artificio
1922 3183 2033 3225 nihil

1160 3258 1268 3299 opus
1303 3250 1394 3287 est:
1429 3248 1676 3298 opportune
1711 3244 1825 3284 enim
1858 3241 2030 3283 Tacitus

1159 3307 1254 3358 ipse
1286 3305 1454 3344 monuit
1487 3317 1525 3344 c.
1548 3303 1607 3345 40
1631 3307 1842 3353 extremo,
1880 3302 1922 3342 in
1952 3301 2033 3342 hac

1159 3363 1407 3404 narratione
1440 3361 1587 3414 plures
1627 3373 1705 3414 per
1739 3372 1875 3401 annos
1910 3365 2034 3414 gesta

1160 3435 1183 3462 a
1210 3434 1257 3462 se
1289 3422 1520 3462 coniuncta
1553 3432 1666 3461 esse.
1717 3419 1924 3460 Versatur
1946 3419 2034 3474 igi-

1160 3485 1228 3520 tur
1273 3480 1382 3521 haec
1424 3478 1619 3520 scribens
1659 3478 1742 3518 iam
1785 3490 1870 3518 non
1922 3479 2033 3519 intra

1159 3551 1317 3580 annum
1350 3539 1421 3590 50,
1454 3537 1533 3579 sed
1563 3537 1634 3579 52.
1685 3535 1887 3578 Ceterum
1921 3535 2034 3578 lianc

1161 3598 1453 3639 narrationem
1485 3608 1573 3638 non
1606 3608 1802 3652 pugnare
1837 3608 1932 3637 cum
1977 3595 2027 3637 H.

1162 3656 1220 3698 ΙΙΙ
1254 3657 1310 3699 35
1346 3668 1424 3697 suo
1457 3655 1556 3697 loco
1589 3660 1810 3697 ostensum
1845 3660 1925 3698 est.
