2280 4004
261 279 353 329 204
1031 280 1323 326 ANNALIVM

1718 295 1759 327 a.
1790 290 1835 326 u.
1865 279 2094 332 81³4&

401 422 614 476 Comitia
662 427 954 490 praetorum
998 423 1208 476 arbitrio
1246 429 1452 478 senatus
1503 424 1682 479 haberi
1721 426 2173 500 solita,lquod„

259 514 462 568 acriore
502 514 691 566 ambitu
730 520 1044 582 exarserant,
1081 516 1317 584 princeps
1357 518 1655 586 composuit,
1687 518 1781 572 tris
1817 519 1902 586 qui
1938 533 2092 587 supra

259 619 520 657 numerum
554 605 793 671 petebant
827 605 1022 675 legioni
1051 608 1414 674 praeficiendo.
1490 609 1746 677 Auxitque
1769 614 1963 678 patrum
1993 609 2093 662 ho·-

261 709 441 747 norem
478 696 747 749 statuendo
775 691 845 764 ut,
884 698 1035 765 qui-a
1057 699 1267 766 privatis
1302 700 1556 753 iudicibus
1596 701 1662 754 ad
1699 707 1931 754 senatum
1965 713 2094 769 pro-

220 787 607 854 svocavissent,
645 788 874 842 eiusdem
908 773 1158 857 pecuniae
1181 792 1459 859 periculum
1496 793 1726 846 facerent
1755 793 1899 846 cuius
1931 793 1968 844 ii
2007 793 2091 860 qui

260 878 641 946 imperatorem.
668 881 1004 949 appellavere.
1078 884 1204 936 Nam
1246 889 1392 938 antea
1427 900 1644 937 vacuum
1682 885 1736 938 id
1774 885 2094 952 solutumque

259 984 427 1038 poena
480 970 662 1024 fuerat.
758 973 880 1026 Fine
927 974 1046 1026 anni
1084 975 1262 1028 Vibius
1324 976 1587 1029 Secundus
1644 991 1801 1044 eques
1835 978 2093 1031 Romanus

261 1063 621 1116 accusantibus
673 1065 863 1118 Mauris
942 1067 1334 1134 repetundarum
1401 1068 1668 1122 damnatur
1736 1074 1886 1136 atque
1949 1068 2093 1121 Italia

261 1153 514 1223 exigitur,
572 1171 638 1209 ne
670 1157 914 1226 graviore
951 1173 1118 1226 poena
1160 1159 1496 1227 adficeretur,
1538 1160 1675 1214 Vibii
1711 1160 1880 1228 Crispi
1919 1159 2092 1213 fratris
2124 1175 2130 1183 ·

194 1260 245 1303 ιο
263 1247 444 1317 opibus
485 1248 674 1302 enisus,

406 1339 661 1393 Caesonio
700 1341 854 1395 Paeto
897 1348 946 1396 et
977 1343 1215 1396 Petronio
1255 1326 1546 1412 Turpiliano
1587 1343 1882 1397 consulibus
1916 1341 2178 1412 gravis29

257 1431 431 1486 clades
468 1432 521 1484 in
558 1433 815 1486 Britannia
856 1441 1100 1502 accepta3
1151 1437 1205 1486 in
1247 1450 1344 1503 qua
1395 1451 1561 1503 neque
1601 1435 1762 1487 Aulus
1799 1434 1979 1509 Didius
2015 1433 2096 1487 le·-

254 1528 420 1592 gatuS,
458 1529 513 1576 ut
548 1526 844 1591 memoravi,
886 1527 984 1578 nisi
1020 1532 1162 1594 parta
1196 1528 1491 1594 retinuerat,
1532 1532 1582 1580 et
1615 1541 1892 1580 successor
1926 1527 2092 1579 Vera·-

256 1614 373 1669 nius
409 1615 625 1668 modicis
665 1618 965 1671 excursibus
1003 1619 1197 1672 Siluras
1237 1618 1530 1686 populatus,
1582 1618 1704 1685 quin
1739 1618 1871 1670 ultra
1908 1616 2094 1670 bellum

376 1743 415 1784 1.
459 1753 538 1796 quo
570 1739 651 1795 Ma,
684 1725 788 1785 item
822 1742 856 1785 G
889 1748 933 1786 et
963 1757 1013 1799 pr
1043 1744 1093 1787 Β.
1221 1745 1264 1787 5.
1306 1745 1344 1786 is
1376 1743 1470 1787 Ma:
1513 1744 1548 1788 ii
1578 1743 1626 1788 G.
1749 1742 1790 1786 7.
1838 1742 1981 1786 αἰκίας
2012 1740 2092 1784 Ma.

253 1801 298 1846 8.
336 1801 537 1844 clamatur
568 1799 648 1843 Ma.
770 1803 922 1845 italiae
956 1803 1033 1846 Ma.
1146 1804 1187 1848 9.
1218 1818 1366 1861 paena
1395 1803 1476 1848 Ma.
1578 1805 1654 1861 aff.
1689 1802 1761 1847 Or.
1865 1802 2095 1858 frisoribus

255 1874 353 1904 cum
385 1861 462 1904 lin.
497 1873 629 1915 super
660 1862 846 1916 primum
877 1865 895 1906 i
925 1865 988 1907 M:
1021 1865 1213 1907 correxit
1239 1864 1446 1907 Pichena.
1559 1866 1628 1906 11.
1672 1862 1842 1906 cesonio
1873 1859 1954 1906 Ma.
2056 1866 2095 1903 et

254 1933 326 1963 om
359 1918 406 1964 G.
496 1934 581 1963 cos.
618 1920 699 1964 Ma.
796 1925 865 1968 12.
900 1924 1109 1967 brittania
1138 1922 1219 1967 Ma.
1298 1924 1353 1966 A.
1387 1924 1543 1967 Didius
1573 1922 1773 1978 Lipsius:
1805 1919 1872 1965 Ma
1907 1921 2093 1974 hauitus,

256 1980 291 2024 G
323 1981 465 2023 alatus
496 1981 687 2036 ascripto
720 1981 763 2024 lt.
890 1984 959 2027 13.
1003 1985 1144 2027 fuisse
1176 1985 1375 2040 suspicor
1408 1985 1457 2038 Q.
1505 1983 1730 2027 Veranius.
1857 1980 1925 2026 14.
1959 1977 2094 2023 siluas

261 2039 387 2084 GMa:
422 2042 614 2083 correxit
643 2040 833 2096 Lipsius.

350 2139 454 2196 Cap.
489 2141 562 2186 28.
627 2142 808 2184 arbitrio
840 2150 1015 2187 senatus
1046 2144 1131 2186 lia-
1215 2141 1552 2186 TVRPILIANO
1630 2141 1720 2186 ΕΤ.
1811 2139 2090 2185 CAESONIO

256 2200 349 2244 beri
378 2200 532 2244 solita:
561 2215 603 2244 v.
637 2208 787 2246 annot.
822 2203 875 2245 ad
905 2203 924 2245 I
959 2206 1028 2247 15.

338 2263 544 2321 princeps
577 2263 836 2319 composuit:
868 2269 916 2304 ut
948 2276 1131 2319 compo-

255 2327 466 2363 nerentur
506 2323 653 2376 sopito
699 2322 939 2364 studiorum
976 2324 1131 2366 ardore

256 2381 379 2423 fecit.
472 2379 634 2436 legioni
659 2383 980 2438 praeficiendo.-
1017 2384 1131 2426 Sue-

255 2445 346 2482 ton.
367 2439 468 2483 Ner.
498 2442 574 2483 15:
608 2442 862 2484 candidatos
898 2445 968 2497 qui
998 2457 1132 2498 supra

255 2514 479 2543 numerum
511 2508 649 2542 essent
688 2503 736 2543 in
775 2502 975 2544 solatium
1015 2502 1131 2544 dila-

257 2563 384 2603 tionis
416 2573 471 2601 (ιο
516 2574 664 2602 morae
712 2560 948 2616 legionibus
994 2576 1130 2619 prae-

252 2620 411 2678 posuit.

319 2678 505 2720 eiusdem
518 2679 733 2735 pecuniae
747 2679 1012 2735 periculum.-
1039 2686 1131 2722 ter-

258 2739 363 2781 tiam
397 2739 546 2794 quanti
594 2751 725 2780 causa
764 2740 992 2781 aestimata
1025 2746 1131 2794 erat,

257 2798 434 2842 solvere
468 2797 771 2854 adigebantur,
806 2800 880 2841 ubi
913 2802 1134 2842 sententia

257 2858 451 2900 iudicum
485 2860 757 2912 privatorum
805 2871 830 2899 a
870 2865 1025 2901 senatu
1057 2859 1131 2902 vel

260 2916 449 2959 Caesare
467 2918 846 2971 comprobabatur.
858 2918 1015 2961 Paulus
1027 2920 1131 2961 Rec.

259 2977 379 3021 Sent.
420 2976 456 3017 V
487 2977 545 3018 33
579 2978 624 3028 ς.
659 2978 682 3019 7
718 2982 761 3018 et
795 2977 839 3018 8.

349 3035 454 3089 Cap.
490 3036 561 3087 29.
628 3042 667 3077 et
702 3035 925 3077 Petronio:
961 3044 1001 3078 et
1032 3037 1075 3077 in
1101 3036 1134 3078 G

260 3100 304 3138 et
335 3109 361 3137 a
397 3094 639 3136 Puteolano
673 3097 904 3147 omissum,
951 3108 976 3137 a
1008 3096 1133 3137 Wal-

258 3156 385 3197 thero
434 3155 661 3197 reductum
716 3167 865 3197 rursus
923 3155 1136 3209 expunxit

261 3214 481 3258 Orellius:
517 3227 601 3270 ego
635 3214 860 3256 vindicavi
894 3214 946 3255 ad
968 3214 1026 3256 lv
1059 3214 1131 3258 68.

259 3275 342 3317 Par
375 3272 604 3315 consulum
638 3280 904 3316 memoratur
935 3275 978 3315 in
1003 3273 1133 3316 titulo

260 3333 433 3376 Gruteri
466 3333 525 3375 62
557 3334 596 3386 7,
633 3340 813 3388 recepto
848 3347 901 3375 ex
933 3333 1134 3375 Panvinii

260 3393 427 3445 Fastis,
471 3392 544 3432 ubi
590 3394 685 3435 sine
730 3399 910 3435 auctore
955 3399 997 3435 et
1044 3393 1132 3434 loci

258 3459 365 3494 nota
401 3452 603 3494 affertur:
649 3452 726 3494 sed
769 3453 1000 3494 confictum
1035 3465 1132 3494 cum

264 3525 363 3555 esse
405 3523 491 3552 non
539 3513 635 3553 sine
688 3525 817 3554 causa
858 3512 1048 3554 Orellius
1081 3511 1135 3553 ad

263 3571 307 3612 h.
348 3571 376 3612 l.
424 3572 611 3613 censuit.
675 3570 911 3612 Consulum
961 3573 1136 3612 nomina

1217 2202 1396 2246 PAETO
1431 2201 1552 2245 COS.

1317 2270 1363 2306 ut
1407 2262 1666 2304 memoravi.-
1719 2259 1797 2303 xu
1844 2259 1918 2304 40.
1981 2259 2087 2303 Aula·

1218 2323 1340 2366 Didii
1370 2335 1529 2364 nomen
1565 2334 1620 2363 ex
1651 2319 1730 2362 illo
1763 2319 1864 2362 loco
1899 2324 1944 2363 et
1974 2319 2081 2377 Agr.

1219 2385 1274 2426 14
1302 2383 1494 2424 restituit
1525 2381 1712 2435 Lipsius,
1864 2381 1872 2386 “
2057 2427 2062 2432 q

1305 2455 1527 2484 successor
1583 2440 1822 2482 Veranius.
1874 2439 2091 2481 Veranius

1218 2501 1371 2556 consul
1418 2501 1522 2543 anni
1575 2500 1634 2543 49
1688 2512 1713 2540 a
1765 2497 1866 2541 Chr.
1923 2497 2092 2540 duobus

1217 2561 1467 2602 nominibus
1514 2560 1763 2601 nominatus
1814 2563 1880 2600 est
1926 2557 2002 2600 XII
2047 2557 2091 2610 5,

1218 2621 1409 2675 ideoque
1449 2632 1564 2661 nunc
1608 2631 1741 2659 unum
1773 2615 2091 2673 quodammodo

1218 2681 1362 2735 potuit
1393 2678 1598 2721 sufficere
1642 2676 1723 2732 (cf.
1759 2676 1812 2717 ad
1853 2674 1948 2717 xm
1977 2676 2084 2731 30):

1217 2740 1333 2781 idem
1356 2744 1499 2780 tamen
1512 2737 1766 2779 Britanniae
1780 2735 1956 2792 legatus
1974 2747 2093 2776 nunc

1217 2800 1402 2854 primum
1423 2801 1785 2839 commemoratur
1809 2800 1852 2837 et
1877 2793 1991 2837 alter
2013 2793 2093 2835 ille

1218 2859 1343 2900 locus
1388 2859 1554 2899 maiore
1594 2853 1831 2897 intervallo
1878 2853 2093 2896 discretus

1220 2924 1299 2960 est.
1347 2916 1532 2959 Accedit
1564 2914 1680 2971 quod
1705 2914 1801 2956 eius
1823 2918 2092 2966 antecessor,

1220 2979 1344 3019 cuius
1387 2977 1492 3018 item
1531 2975 1697 3017 mentio
1740 2974 1825 3014 iam
1868 2972 1986 3014 facta
2027 2977 2095 3014 est

1219 3037 1295 3077 XII
1328 3035 1401 3088 40,
1436 3035 1572 3077 Aulus
1605 3033 1787 3086 Didius,
1825 3031 1958 3086 paulo
1991 3037 2093 3074 ante

1219 3101 1416 3138 vocatur.
1484 3094 1636 3149 ltaque
1695 3098 1841 3133 notam
1893 3091 1944 3144 Q.
1992 3096 2094 3133 ante

1231 3155 1442 3197 Veranius
1494 3167 1518 3195 a
1564 3152 1708 3195 scriba
1758 3150 1857 3193 libri
1904 3150 2092 3193 Medicei

1220 3214 1470 3271 neglectam
1504 3224 1602 3254 esse
1643 3211 1926 3253 coniecerim.

1308 3272 1514 3329 supremis
1547 3270 1787 3314 testamenti
1816 3269 1980 3312 verbis:
2020 3273 2092 3311 te-

1219 3333 1422 3374 stamenti
1446 3343 1605 3373 nomen
1618 3330 1807 3372 additum
1821 3334 1902 3381 est,
1915 3333 1962 3369 ut
1982 3339 2093 3383 quae

1219 3393 1418 3434 dicantur
1449 3403 1652 3445 suprema
1668 3389 1803 3432 verba
1833 3391 1996 3444 pateat,
2018 3387 2092 3428 vi-

1218 3451 1382 3494 delicet
1414 3464 1465 3493 ea
1500 3450 1657 3506 quibus
1697 3459 1940 3503 supremam
1970 3456 2091 3486 suam

1216 3511 1487 3552 voluntatem
1530 3515 1713 3551 testatus
1758 3513 1824 3550 est
1861 3505 2089 3548 Veranius,

1311 3570 1605 3626 provinciam.-
1654 3567 1719 3610 Ma
1755 3564 2004 3622 provincias
2037 3576 2092 3605 ex

267 3642 322 3670 ex
352 3629 499 3670 Tacito
537 3636 706 3684 sumpta
742 3644 838 3671 esse
871 3631 998 3672 fidem
1034 3631 1139 3672 facit
1222 3629 1335 3671 male
1368 3629 1512 3671 soluto
1536 3627 1781 3683 compendii
1812 3626 1938 3680 signo
1964 3627 2091 3680 (pro-

269 3687 384 3744 quod
446 3694 511 3731 est
573 3689 615 3730 in
680 3689 808 3731 titulo
862 3689 1136 3734 PETRONIO

1221 3688 1388 3748 vincia)
1432 3688 1649 3742 provenit.
1717 3684 1844 3727 Certe
1885 3693 2090 3725 numerus
