2280 4004
273 275 333 323 96
1002 273 1007 281 '
1037 273 1340 320 'ANNALIVM
1847 290 1894 323 a.
1913 279 1966 324 E
1992 277 2102 326 δῦθι

272 435 372 490 que
407 422 470 476 ad
511 420 790 475 subsidium
825 426 1014 475 turmas
1049 423 1338 492 profligant.
1426 424 1548 477 Tum
1589 420 1823 477 Ostorius
1859 420 2099 491 cobrium
2117 419 2191 471 39

274 514 535 579 expeditas
587 513 855 579 opposuit3
912 529 1008 566 nec
1064 514 1182 566 ideo
1237 515 1408 582 fugam
1466 515 1705 580 sistebat,
1759 515 1813 567 ni
1867 515 2103 584 legiones

272 605 519 672 proelium
567 605 904 671 excepissent.
997 607 1182 658 Earum
1232 608 1423 659 robore
1471 613 1684 674 aequata
1723 622 1927 675 pugna,
1984 603 2104 667 dein

272 696 422 747 nobis
454 711 548 762 pro
585 696 797 749 meliore
833 697 938 749 suit.
1004 698 1272 776 ‘Effugere
1311 698 1486 751 hostes
1525 699 1663 752 tenui
1705 699 1939 764 damn0,.
1987 698 2102 766 quia

234 786 549 839 sinclinabat
592 787 718 839 dies.
794 789 983 841 Crebra
1021 772 1141 841 hinc
1176 790 1405 857 proelia,
1466 795 1516 842 et
1563 790 1767 858 saepius
1806 790 1860 841 in
1899 790 2102 849 modum

269 878 525 930 latrocinii
563 895 657 946 per
692 880 848 932 saltus
886 896 979 947 per
1017 881 1257 948 paludes,
1313 886 1367 932 ut
1416 882 1598 948 cuique
1647 897 1762 934 sors
1803 886 1889 934 aut
1922 883 2101 947 virtuS,

270 973 464 1022 temere
506 971 748 1036 provis0,
807 971 871 1022 ob
919 973 1047 1023 iram
1101 972 1166 1022 ob
1204 973 1478 1038 praedam,
1539 973 1681 1025 iussu
1732 979 1782 1026 et
1829 973 2102 1040 aliquando

270 1061 466 1128 ignaris
517 1062 747 1114 ducibus.
851 1062 930 1114 Ac
979 1063 1252 1130 praecipua
1303 1064 1520 1118 Silurum
1580 1065 1904 1132 pervicacia,
1972 1076 2102 1131 quos

273 1152 589 1205 accendebat
643 1154 848 1222 vulgata
898 1155 1221 1222 imperatoris
1275 1156 1488 1208 Romani
1548 1171 1679 1222 vox,
1735 1161 1790 1207 ut
1849 1155 2102 1222 quondam

204 1244 540 1312 >wSugambri
593 1246 753 1298 excisi
803 1252 886 1298 aut
929 1247 981 1298 in
1014 1247 1201 1299 Gallias
1252 1248 1451 1300 traiecti
1498 1249 1698 1312 forent,
1762 1249 1830 1300 ita
1884 1247 2102 1302 Silurum

269 1351 457 1388 nomen
490 1338 690 1404 penitus
727 1338 1139 1406 extinguendum.
1213 1340 1373 1406 Igitur
1405 1338 1530 1391 duas
1555 1337 1828 1391 auxiliares
1862 1338 2101 1391 cohortes

268 1432 480 1484 avaritia
515 1433 893 1499 praefectorum
944 1432 1195 1501 incautius
1234 1431 1534 1498 populantes
1571 1432 1923 1497 intercepere3
1979 1445 2104 1497 spo-

266 1523 435 1589 liaque
479 1528 529 1575 et
564 1525 792 1591 captivos
841 1524 1111 1592 largiendo
1153 1527 1350 1575 ceteras
1391 1537 1591 1589 quoque
1628 1522 1863 1574 nationes
1903 1521 1969 1574 ad
2007 1521 2103 1574 de·-

268 1614 539 1667 fectionem
596 1616 890 1681 trahebant,
968 1631 1079 1667 cum
1130 1614 1301 1668 taedio
1356 1629 1590 1666 curarum
1650 1614 1817 1666 fessus
1867 1613 2100 1666 Ostorius

204 1709 526 1760 nsconcessit
562 1709 694 1775 vita,
757 1709 907 1761 laetis
943 1708 1207 1774 hostibuS,
1264 1713 1517 1774 tamquam
1559 1706 1740 1759 ducem
1777 1706 1912 1758 haud
1953 1721 2102 1773 sper-

265 1799 510 1865 nendum,
565 1801 659 1852 etsi
708 1815 810 1851 non
853 1799 1130 1866 proelium,
1201 1804 1250 1850 at
1294 1803 1432 1850 certe
1481 1798 1667 1850 bellum
1718 1798 2097 1864 absumpsisset.

264 1891 333 1942 ·At
373 1891 563 1944 Caesar
600 1892 805 1959 cognita
853 1896 1016 1943 morte
1072 1891 1256 1960 legati,
1317 1906 1382 1942 ne
1419 1889 1685 1957 provincia
1734 1889 1847 1942 sine
1894 1894 2098 1941 rectore
2117 1898 2186 1947 4ο

263 1983 427 2050 soret,
464 1983 649 2035 Aulum
684 1983 887 2035 Didium
927 1982 1142 2036 suffecit.

387 2163 430 2205 2.
466 2159 658 2215 opposuit
688 2158 884 2214 Lipsius:
929 2157 995 2200 Ma
1028 2163 1071 2201 et
1105 2157 1138 2200 G
1171 2157 1377 2215 exposuit.

1151 2218 1192 2260 9.
1231 2219 1371 2274 inper.
1407 2215 1580 2257 omissis
1613 2215 1772 2257 ceteris
1804 2228 1904 2258 voc.
1939 2215 2099 2256 litteris

258 2220 432 2275 proviso
466 2218 545 2271 Ma,
578 2231 666 2260 non
695 2219 872 2275 provisu
906 2218 1058 2273 Lipsii.

262 2278 343 2322 Ma.

265 2337 297 2380 G
320 2339 463 2380 'eoecisi
493 2344 551 2380 ut.
677 2339 743 2380 11.
779 2337 997 2380 auxiliare
1029 2337 1109 2379 Ma.

264 2397 417 2439 eadem
450 2397 635 2439 fortasse
660 2411 790 2439 manu
823 2412 866 2438 es
896 2398 941 2439 in
976 2398 1012 2439 ἔ.

257 2457 399 2516 prael.
435 2456 506 2501 Or.
563 2461 627 2515 at]
663 2458 721 2499 ad
751 2455 831 2500 Ma.

263 2597 497 2652 Reliquum
532 2604 597 2638 est
631 2603 678 2637 ut
698 2597 925 2639 Walthero
959 2609 1139 2639 suasore

264 2658 496 2712 iungamus
515 2656 764 2712 pabulantis
780 2670 872 2708 nos,
894 2658 1007 2713 ipsos
1033 2660 1139 2711 (pa-

262 2716 490 2772 bulantes)
534 2717 765 2770 missasque
813 2716 872 2756 ad
908 2716 1139 2757 subsidium

265 2782 441 2816 turmas.
506 2774 591 2817 Sed
634 2777 730 2830 quis
780 2788 868 2816 non
910 2775 1031 2817 videt
1074 2775 1138 2815 sic

266 2840 309 2876 et
341 2830 600 2876 structuram
619 2835 852 2876 verborum
879 2833 1008 2876 valde
1028 2846 1137 2875 con-

265 2899 419 2935 tortam
485 2894 802 2950 obscuramque
857 2899 900 2935 et
962 2895 1135 2934 inanem

266 2956 563 3008 oppositorum
618 2954 759 2995 lusum
794 2953 1031 3007 'l'acitoque
1064 2953 1136 2992 in-

268 3013 446 3068 dignum
500 3013 752 3067 procreari?
814 3013 906 3054 Hoc
962 3018 1136 3053 veteres

270 3072 607 3127 interpolatores
639 3078 895 3114 senscrunt:
928 3084 1027 3112 nam
1050 3071 1137 3110 Pu-

265 3131 471 3173 teolanus
492 3131 741 3187 pabulantis
761 3138 928 3173 nostros
948 3130 1137 3183 scripsit,

272 3197 315 3232 et
354 3192 396 3232 in
435 3191 603 3233 duobus
646 3191 770 3233 libris
818 3189 1139 3232 Oxoniensibus

264 3250 521 3307 pabulantes
560 3258 727 3292 nostros
758 3250 871 3307 ipsos
901 3253 1138 3304 repertum.

361 3309 465 3364 Cap.
500 3310 571 3353 39.
637 3311 858 3366 opposuit.-
891 3310 1046 3352 vitium
1080 3306 1139 3347 li-

269 3370 443 3410 brorum
479 3370 671 3425 emposuit
710 3368 926 3424 originem
959 3367 1083 3408 duxit
1116 3379 1139 3407 e

269 3428 564 3481 praecedente
598 3428 831 3483 empedttas.
887 3425 1139 3469 Waltherus

272 3488 463 3542 eoeposuit
503 3489 815 3541 interpretatur
859 3486 1027 3543 proelio
1068 3485 1140 3526 in-

272 3548 442 3598 struxit,
475 3547 554 3588 sed
586 3546 698 3587 hanc
734 3547 857 3588 verbi
891 3547 979 3588 vim
1008 3543 1141 3585 nullis

276 3605 490 3658 exemplis
524 3605 796 3659 approbavit.
854 3620 935 3661 pro
967 3603 1142 3645 meliore

270 3664 368 3716 fuit,
390 3662 432 3704 h.
457 3678 496 3706 e.
520 3663 676 3706 melior
695 3663 791 3717 fuit,
814 3664 923 3707 nihil
942 3662 1140 3717 amplius.

440 2280 507 2321 10.
541 2279 759 2335 syyambri
788 2277 877 2331 Ma,
909 2277 1115 2320 sicambri
1147 2277 1194 2319 G.

925 2457 1203 2514 adsumpsiset
1232 2455 1323 2498 Ma:
1357 2454 1653 2511 absumpsisset
1684 2451 1732 2495 G.

1232 1983 1279 2035 Is
1316 1997 1536 2050 propere
1581 1985 1758 2034 vectus
1791 1996 1899 2033 non
1931 1986 2099 2035 tamen

1500 2157 1529 2199 3
1568 2161 1612 2198 et
1645 2155 1686 2198 5.
1716 2154 1856 2211 prael.
1891 2155 1964 2198 Or.
2057 2156 2098 2199 7.

1289 2277 1454 2318 eoecisia
1483 2282 1542 2328 ut,
1577 2274 1619 2317 h.
1655 2288 1695 2316 e.
1733 2275 1868 2317 excisi
1898 2282 1974 2318 aut
2006 2273 2098 2316 Ma:

1237 2338 1303 2379 13.
1340 2336 1598 2391 defectiones
1627 2346 1679 2388 pr
1709 2331 1802 2376 Ma:
1856 2339 2099 2377 correctum

1082 2398 1147 2440 15.
1180 2398 1275 2439 uita'
1293 2394 1381 2438 Ma:
1416 2396 1511 2437 uita
1533 2392 1580 2436 G.
1645 2399 1849 2448 tanquam
1880 2392 1962 2435 Ma.
2028 2392 2096 2435 16.

1829 2454 1896 2497 18.
1930 2452 1984 2495 Λ.
2018 2450 2098 2495 Μθ.

1310 2609 1392 2651 per
1423 2595 1557 2637 saltus
1593 2608 1674 2651 per
1703 2593 1909 2650 paludes,
1943 2618 1999 2625 —
2031 2599 2097 2635 te-

1224 2669 1338 2696 mere
1364 2655 1552 2711 proviso,
1587 2654 1636 2694 ob
1653 2654 1767 2694 iram
1799 2651 2096 2709 ob‘praedam,

1223 2716 1340 2756 iussu
1377 2721 1416 2755 et
1437 2712 1669 2767 aliquando
1693 2713 1862 2768 ignaris
1894 2711 2068 2753 ducibus
2084 2745 2095 2755 .

1225 2779 1428 2829 quattuor
1444 2772 1744 2827 oppositorum
1768 2772 1909 2824 κῶλα,
1935 2783 2096 2812 unum-

1225 2833 1428 2888 quodque
1459 2832 1626 2873 duabus
1647 2830 1841 2886 partibus
1868 2830 2096 2873 contrariis

1226 2893 1528 2946 compositum.
1589 2890 1687 2932 Tria
1743 2902 1901 2932 eorum·
1949 2888 2096 2934 ἀσυν-

1224 2953 1367 3000 δέτως
1398 2951 1669 2993 conformata
1699 2955 1820 3003 sunt,
1856 2954 2096 2993 extremum

1223 3010 1438 3065 particula
1481 3010 1781 3066 coniungente
1823 3008 2096 3063 copulatum3

1225 3071 1339 3111 conf.
1376 3070 1428 3111 ad
1459 3069 1515 3110 XI
1545 3069 1588 3112 6.
1627 3069 1800 3125 proviso
1834 3080 1931 3110 rara
1960 3066 2099 3109 forma

1226 3135 1307 3182 est,
1330 3130 1493 3183 scripta
1520 3128 1574 3170 ad
1593 3126 1841 3184 analogiam
1853 3126 2095 3183 improviso.

1311 3195 1357 3229 ut
1380 3187 1592 3242 quondam
1608 3186 1839 3244 Suyambri
1852 3211 1909 3219 —
1923 3188 2096 3242 forent:

1228 3247 1284 3289 cf.
1317 3246 1355 3288 11
1387 3246 1445 3291 26
1478 3259 1575 3288 cum
1609 3252 1758 3288 annot.

1316 3304 1421 3361 Cap.
1467 3307 1540 3349 40.
1604 3313 1728 3360 atque
1782 3304 1858 3347 illo
1915 3310 2096 3360 augente

1227 3366 1376 3407 audita
1423 3372 1508 3406 est.-
1558 3364 1759 3406 absolute
1799 3366 1986 3419 positum
2029 3368 2095 3404 est

1224 3425 1299 3467 illo
1330 3430 1511 3480 auyente
1543 3424 1629 3478 (rei
1651 3424 1849 3480 famam),
1883 3428 1927 3463 et
1947 3421 2096 3462 audita

1227 3491 1311 3535 est,
1348 3490 1394 3524 ut
1429 3495 1505 3538 pro
1539 3482 1689 3525 audita
1729 3487 1772 3523 et
1805 3493 1871 3523 ars
1903 3478 2095 3534 postulat

1227 3543 1281 3584 ob
1314 3544 1506 3584 vicinum
1536 3542 1812 3597 participium
1842 3545 2023 3594 augente
2051 3546 2095 3580 ct

1227 3603 1439 3645 sermonis
1472 3602 1777 3656 perspicuitas,
1822 3611 1877 3640 ex
1907 3597 2095 3641 auditast

1224 3663 1270 3708 in
1304 3661 1454 3703 audita
1487 3664 1745 3701 truncatum.
1807 3657 1968 3700 Audita
1987 3658 2090 3700 item
