2280 4004
252 277 347 326 18⁰

1023 275 1322 325 ANNAlem

1826 290 1867 323 a.
1899 288 1950 324 ι’.
1976 278 2079 325 ⁷⁶23.

250 419 410 474 multe
445 424 561 486 post
598 417 815 472 tribuni-s
850 416 1051 472 reddita
1093 417 1324 481 licentia,¹
1357 429 1561 486 quoquo
1598 415 1804 483 vellent,
1827 419 2087 487 -popffln

253 510 497 577 agitandi.

572 510 775 574 Iamque
820 522 924 558 non
972 507 1126 558 modo
1175 507 1227 558 in
1284 521 1548 561 commune
1605 506 1706 561 sed.
1744 507 1798 560 in
1851 509 2083 577 sufflatos

250 601 483 653 homines
519 600 651 651 latae
692 599 1053 676 quaestiones·
1040 637 1065 662 ,
1115 603 1165 649 et
1210 597 1596 664 corruptissima
1638 614 1698 651 re
1731 599 1939 666 publica
1969 599 2089 666 ph-

249 693 409 744 rimae
443 692 604 758 leges.

696 691 818 741 Tum
858 690 1058 743 Gnaeus
1092 682 1362 756 Pompeius
1406 690 1611 743 tertium
1655 690 1869 756 consul,
1916 691 2170 745 torri-28

213 782 436 848 sgendis
474 782 700 834 moribus
753 781 1007 846 delectus,
1073 786 1122 832 et
1161 781 1372 848 gravior
1406 781 1651 834 remediis
1702 797 1855 848 quam
1899 781 2090 835 delicta

252 878 412 937 erant,
449 887 757 938 suarumque
781 873 952 940 legum
984 877 1163 925 auctor
1197 871 1330 926 idem
1359 888 1419 925 ac
1448 873 1742 938 subversor,
1775 889 1906 940 quae
1933 874 2092 926 armis

251 963 514 1028 tuebatur,
580 963 732 1015 armis
791 963 971 1016 amisit.

1069 963 1201 1015 Exin
1251 963 1495 1016 continua
1543 979 1639 1030 per
1690 963 1875 1031 viginti
1922 977 2090 1015 nimos

252 1050 530 1116 discordia,
577 1067 680 1103 non
717 1066 845 1116 mOS,
884 1066 987 1103 non
1025 1053 1131 1115 ius;
1186 1051 1458 1109 deterrima
1493 1066 1724 1119 quaeque
1758 1054 1987 1121 impune,
2025 1068 2087 1105 ae

250 1143 658 1228 muttaffllronesta
707 1144 862 1196 exitio
903 1144 1064 1209 suere.

1139 1143 1294 1196 Sexto
1347 1143 1547 1196 demum
1589 1145 1857 1197 consulatu
1896 1146 2088 1198 Caesar

189 1252 238 1290 io
252 1233 528 1302 Augustus,
554 1234 811 1300 potentiae
837 1249 1067 1299 securuS,
1097 1249 1225 1300 quae
1249 1234 1566 1288 triumviratu
1602 1235 1821 1288 iusserat
1845 1235 2084 1300 abotevit,

252 1327 492 1393 deditque
528 1327 638 1379 iura
675 1327 787 1392 quis
822 1341 950 1392 pace
989 1331 1038 1377 et
1061 1326 1291 1392 principe
1319 1331 1592 1378 uteremur.

1665 1327 1885 1379 Acriora
1918 1338 1984 1380 ex
2021 1341 2084 1380 eo

248 1418 434 1483 vincla,
473 1418 619 1495 inditi
654 1417 902 1491 custodes
934 1422 982 1468 et
1020 1417 1137 1484 lege
1158 1417 1308 1483 Papia
1334 1418 1570 1484 Poppaea
1593 1418 1839 1484 praemiis
1871 1417 2084 1483 inducti,

248 1515 432 1576 utque,
489 1510 531 1561 si
587 1525 614 1560 a
670 1487 954 1576 privilegiis
1014 1514 1286 1575 parentum
1339 1513 1661 1574 cessaretur,
1717 1508 1856 1560 velut
1899 1523 2092 1575 puniens

249 1602 470 1654 omnium
518 1601 732 1668 populus
780 1600 1014 1656 vacantia
1071 1605 1284 1670 teneret.

1381 1600 1482 1654 Sed
1533 1599 1680 1653 altius
1735 1599 2086 1667 penetrabant,

185 1693 526 1760 *surbemque
565 1698 614 1744 et
655 1692 876 1757 Italiam,
936 1696 985 1743 et
1023 1691 1159 1758 quod
1197 1705 1408 1756 usquam
1451 1690 1664 1756 civium,
1703 1691 2087 1758 corripuerant3

365 1854 409 1898 4.
447 1854 636 1911 Gnaeus]
676 1854 723 1896 G.
761 1853 813 1895 N.
848 1853 902 1895 M.

251 1913 423 1958 editor:
456 1914 496 1956 M
527 1914 626 1966 uisi,
659 1914 832 1968 Lipsius
865 1919 926 1965 ut,
958 1914 1010 1955 si.

338 2057 508 2100 reddita
524 2057 725 2099 licentia:
748 2055 919 2099 reddita
937 2062 1002 2098 est
1026 2054 1130 2112 lege

250 2117 330 2160 illa
378 2118 642 2170 tribunicia,
707 2130 835 2173 quam
897 2117 1132 2170 Pompeius

253 2178 405 2220 consul
439 2191 477 2219 a.
512 2176 601 2220 684
630 2177 744 2218 tulit.
864 2177 913 2220 in
942 2175 1133 2230 singulos

251 2238 442 2278 homines
474 2237 589 2278 latae
612 2237 903 2290 quaestiones:
937 2235 1132 2277 breviter

254 2296 339 2338 hoc
373 2296 533 2338 clatum
570 2301 635 2337 est
670 2309 745 2350 pro
795 2295 908 2350 leqes
940 2295 1057 2335 latae
1088 2302 1133 2336 ut

251 2357 298 2396 in
327 2355 516 2411 singulos
548 2355 737 2396 homines
760 2355 1026 2409 quaestiones
1049 2353 1132 2394 ha-

253 2414 468 2456 berentur.
522 2413 746 2455 Eiusmodi
772 2414 897 2469 leges
920 2419 1133 2455 vocantur

249 2473 494 2530 pi·ivile9ia.
560 2472 686 2516 Conf.
723 2472 815 2515 Cic.
842 2472 968 2515 Dom.
1006 2474 1059 2516 10
1091 2478 1134 2513 et

258 2535 307 2575 17
344 2539 387 2574 et
418 2534 501 2584 42,
547 2539 644 2586 post
687 2533 793 2574 Red.
839 2532 892 2573 ad
925 2532 1025 2574 Sen.
1064 2532 1132 2583 11,

255 2593 366 2636 Sest.
400 2593 483 2643 30,
518 2591 637 2632 Brut.
673 2594 754 2643 23,
795 2591 932 2646 Legg.
969 2590 1026 2631 111
1065 2591 1129 2633 19.

357 2650 461 2704 Cap.
504 2650 575 2693 28.
634 2665 714 2706 per
766 2650 917 2704 viyt'ntt‘
967 2663 1133 2690 annos:

253 2709 478 2750 ‘rotundus
496 2722 717 2761 numerus,
741 2722 826 2749 non
848 2721 993 2749 verus.
1026 2709 1132 2749 Nam

256 2782 280 2811 a
312 2769 506 2823 Pompeii
539 2770 683 2809 tertio’
718 2770 836 2823 (ipse
874 2769 1049 2821 scripsit
1080 2767 1132 2809 Π.

255 2841 332 2883 pro
374 2828 447 2871 111.
502 2827 654 2870 calami
706 2829 838 2884 vitio)
888 2826 1133 2869 ‘consulatu

255 2888 309 2931 ad
346 2887 533 2943 Augusti
581 2893 749 2928 sextum
783 2889 999 2929 intersunt
1032 2887 1133 2927 anni

257 2946 343 2991 24’.
366 2946 558 2988 LtPStUS.
587 2946 1005 3000 Pompeiustertium
1025 2958 1134 2987 con-

256 3006 324 3049 sul
359 3012 452 3047 erat
492 3018 530 3047 a.
567 3006 673 3058 702,
707 3007 930 3061 Angustus
963 3011 1132 3045 sextum

257 3078 297 3108 a.
330 3065 429 3109 726.
538 3072 654 3106 seoeto
689 3065 852 3106 demum
885 3063 1134 3105 consulatu.-

257 3123 311 3166 de
362 3124 538 3181 legibus
578 3129 682 3166 tunc
729 3124 829 3166 latis
868 3129 912 3165 et
958 3122 1134 3164 abolitis

256 3182 346 3226 vid.
397 3183 482 3225 Dio
515 3182 607 3226 Llll
639 3185 680 3227 2.

344 3243 472 3285 incliti
510 3243 701 3285 custodes
730 3267 785 3273 —-—
813 3242 1020 3298 praemiis
1061 3241 1135 3282 in-

259 3300 401 3344 ducti:
437 3307 537 3343 sunt
569 3307 848 3344 accusatores
879 3301 974 3342 sive
1008 3299 1135 3342 dela-

259 3367 399 3413 toreS,
443 3374 517 3403 eos
550 3363 624 3416 qui
658 3359 831 3416 legibus
864 3373 949 3401 non
1002 3359 1136 3401 obse-

260 3426 498 3476 querentur
549 3421 601 3462 ad
657 3420 844 3462 iudicem
897 3420 1134 3461 trahentes.

261 3479 343 3531 Qui
378 3485 425 3519 ut
457 3480 691 3522 alacriores
719 3485 901 3535 agerent
932 3481 975 3520 in
1008 3478 1136 3520 defe-

260 3538 405 3579 rendis
455 3540 569 3590 reis,
635 3544 787 3591 postca
850 3538 951 3594 lege
1004 3537 1136 3591 Papia

261 3596 463 3651 Poppaea
493 3598 700 3651 praemiis
726 3596 891 3638 inducti
911 3603 1023 3639 sunt.
1074 3596 1136 3637 Ea

260 3654 374 3703 Nero
425 3657 629 3713 princeps
677 3656 896 3700 coercuit:
954 3656 1134 3701 Sueton.

997 1853 1038 1896 5.
1076 1852 1241 1896 delecta
1272 1852 1327 1896 M.

1419 1852 1462 1896 8.
1496 1853 1585 1910 inp.
1620 1852 1677 1896 M.
1775 1853 1843 1896 13.
1875 1833 2017 1908 mque,
2049 1852 2090 1895 ,ε

1214 2054 1316 2097 Ner.
1341 2054 1417 2098 10:
1449 2056 1650 2111 praemia
1670 2052 1908 2096 delatorum
1929 2050 2090 2110 Papiae

1216 2115 1320 2170 tegis
1353 2114 1418 2160 ad
1439 2121 1616 2168 quartas
1648 2113 1716 2169 (lt.
1738 2127 1778 2156 e.
1811 2113 1867 2158 ad
1897 2119 2090 2169 quartam

1215 2180 1380 2228 partem
1413 2175 1702 2227 praemiomm
1734 2181 1846 2229 quae
1877 2178 1980 2217 ante
2013 2187 2091 2215 ce-

1215 2238 1391 2290 perant)
1426 2234 1604 2302 redegit.

1302 2301 1442 2347 utque,
1474 2294 1513 2335 si
1543 2306 1573 2335 α
1598 2291 1837 2348 priviteyiis
1863 2299 2092 2348 parentum

1216 2366 1361 2394 cessar
1365 2359 1482 2403 etur,
1537 2351 1650 2396 velut
1702 2365 1865 2407 parens
1907 2352 2091 2394 omnnium

1210 2411 1391 2467 populus
1405 2411 1612 2454 vacantia
1632 2416 1793 2456 teneret
1809 2424 1822 2450 .·
1847 2410 1892 2450 in
1911 2409 2092 2466 vulgata

1215 2471 1409 2515 lectione
1426 2476 1539 2512 tat-
1561 2475 1736 2521 teneret,
1759 2481 1869 2524 quae
1893 2469 2093 2523 profecta

1217 2536 1282 2572 est
1326 2543 1350 2571 a
1381 2529 1554 2583 Lipsio,
1599 2528 1708 2571 haec
1751 2533 1817 2569 est
1854 2529 2091 2582 sententia,

1215 2589 1419 2643 praemiis
1471 2588 1671 2633 inductos
1722 2599 1820 2629 esse
1873 2586 2092 2630 delatores

1216 2647 1426 2692 adversus
1446 2646 1619 2701 Papiam
1646 2646 1792 2702 legem
1817 2647 2092 2700 peccantium

1217 2720 1315 2749 eum
1346 2708 1389 2749 in
1426 2706 1590 2757 finem,
1628 2711 1675 2747 ut
1706 2708 1920 2750 aerarium
1951 2718 2094 2762 auge-

1216 2772 1349 2807 retur.
1413 2765 1497 2808 Sed
1538 2766 1731 2819 praemia
1774 2763 1851 2807 illa
1883 2770 1927 2809 et
1957 2777 2094 2807 accu-

1216 2832 1383 2867 satores
1435 2837 1511 2867 cur
1555 2825 1910 2877 instituerentur,
1963 2837 2095 2867 causa

1216 2885 1452 2939 praecipua
1503 2884 1585 2926 fuit
1625 2889 1673 2925 ut
1718 2896 1742 2924 a
1789 2882 1960 2926 caelibe
2003 2884 2096 2926 vita

1216 2945 1488 2988 abstinerent
1520 2942 1717 2995 ordines,
1751 2941 2014 2986 secundaria,
2047 2947 2095 2983 ut

1217 3006 1429 3045 aerarium
1462 3008 1720 3058 augeretur,
1767 3001 1895 3045 bouis
1925 3014 2095 3046 eacan·
2132 3014 2136 3020 ·

1218 3063 1324 3104 tibus
1372 3063 1467 3103 sive
1524 3062 1698 3103 caducis
1758 3066 1857 3114 post
1911 3065 2092 3102 mortem

1218 3121 1433 3163 caelibum
1490 3120 1739 3174 publicatis.
1803 3118 1955 3174 ltaque
2007 3130 2094 3160 non

1217 3193 1364 3232 unum,
1397 3179 1473 3221 sed
1492 3179 1578 3220 duo
1598 3178 1651 3220 ab
1669 3178 1870 3233 Augusto
1899 3183 2096 3233 spectata

1216 3246 1319 3280 tunc
1352 3251 1450 3280 esse
1482 3238 1630 3279 dicere
1661 3236 1803 3279 voluit
1834 3236 1907 3279 hic
1930 3243 2095 3289 noster,

1218 3298 1406 3354 ideoque
1437 3304 1561 3352 utque
1597 3295 1748 3338 debuit
1771 3308 1885 3350 esse,
1916 3308 2005 3339 non
2033 3302 2094 3347 ut,

1219 3370 1304 3413 quo
1336 3370 1442 3399 vera
1473 3357 1700 3410 scriptoris
1738 3355 1958 3400 sententia
1990 3367 2093 3409 pes·

1218 3417 1451 3459 sumdatnr.

1310 3475 1414 3531 Cap.
1449 3475 1519 3519 29.
1574 3481 1699 3530 utque
1731 3484 1907 3518 munere
1940 3478 2121 3525 capes-⁷

1220 3536 1341 3577 sends
1380 3535 1696 3591 viqintiviratus
1727 3556 1783 3565 --
1823 3535 2096 3597 quaesturam

1217 3603 1337 3651 petet
1341 3602 1403 3636 et
1435 3593 1754 3636 animadvertas
1779 3588 1912 3631 velim
1943 3587 2095 3643 vigin-

1220 3653 1420 3698 tiviratus
1457 3652 1510 3696 ab
1551 3653 1752 3710 Augusto
1794 3647 2019 3692 reformati
2051 3652 2097 3692 et
