2280 4004
274 300 334 356 βε
956 341 959 343 ,
1010 347 1014 354 ι
1039 298 1332 344 ΑΝΝΑιΙνΜ

1845 315 1886 347 a.
1916 314 1962 349 u.
1990 302 2097 355 8⁰3⁴

269 444 486 513 proelio,
528 457 825 509 quamquam
859 442 1013 494 rebus
1050 442 1309 510 adversis,
1349 443 1582 497 laudatus
1619 446 1754 512 quod
1795 451 1846 500 et
1871 459 2100 523 ⁴pugnarn

271 552 423 589 manu
464 535 705 602 capessiit
741 540 790 586 et
828 550 1046 602 corpore
1087 536 1305 588 adverso
1343 537 1555 602 vulnera
1597 540 1810 606 excepit.
1866 540 2102 596 Ceterum

275 629 340 680 ad
391 627 606 679 classem
661 627 713 677 in
758 627 992 678 Danuvio
1045 628 1390 694 opperientem
1434 630 1673 696 perfugit.

272 719 517 784 clientes,
555 723 605 771 et
647 719 870 785 acceptis
911 720 1050 787 agris
1087 720 1138 788 in
1179 720 1437 772 Pannonia
1474 720 1628 772 locati
1668 725 1799 773 sunt.

1871 724 2101 792 Regnum

233 811 470 878 sVangio
508 825 569 861 ac
600 810 722 863 Sido
759 810 892 862 inter
928 825 986 862 se
1019 811 1294 877 partivere,
1333 812 1544 880 egregia
1577 813 1824 866 adversus
1857 828 1954 867 nos
1981 812 2099 879 fide,

268 901 532 967 subiectis,
565 916 728 954 suone
765 915 829 952 an
857 903 1054 954 servitii
1092 903 1318 970 ingenio,
1358 903 1472 955 dum
1495 904 1899 971 adipiscerentur
1934 905 2104 957 domi-

266 994 521 1059 nationeS,
550 993 703 1045 multa
734 993 963 1059 caritate,
994 999 1042 1045 et
1070 994 1264 1046 maiore
1301 995 1438 1060 odi0,
1467 1001 1733 1063 postquam
1770 996 1939 1063 adepti
1969 1001 2101 1048 sunt.

407 1085 475 1137 At
510 1085 563 1135 in
601 1084 861 1137 Britannia
898 1086 1122 1137 Publium
1160 1087 1416 1139 Ostorium
1455 1102 1547 1153 pro
1587 1092 1825 1154 praetore
1862 1087 2098 1140 turbidae
2116 1091 2184 1139 31

265 1192 350 1229 res
379 1192 646 1244 excepere,
684 1177 859 1230 effusis
885 1178 937 1228 in
974 1193 1150 1245 agrum
1178 1178 1434 1254 sociorum
1461 1179 1692 1231 hostibus
1725 1194 1787 1231 eo
1811 1178 2101 1244 violentiuS‚

204 1281 254 1319 ιο
270 1269 405 1336 quod
444 1284 631 1320 novum
694 1269 873 1321 ducem
922 1271 1150 1321 exercitu
1195 1270 1372 1337 ignoto
1412 1275 1462 1321 et
1499 1274 1678 1336 coepta
1712 1269 1880 1322 hieme
1920 1269 2104 1321 iturum

271 1360 472 1412 obviam
506 1375 610 1411 non
635 1360 893 1412 rebantur.

966 1360 1054 1412 llle
1083 1375 1274 1428 gnarus
1308 1360 1482 1427 primis
1514 1360 1775 1413 eventibus
1802 1365 1987 1413 metum
2020 1365 2106 1413 aut

267 1449 505 1504 fiduciam
542 1451 704 1519 gigni,
749 1451 876 1503 citas
911 1451 1152 1503 cohortes
1191 1451 1338 1517 rapit,
1377 1456 1427 1503 et
1463 1451 1628 1504 caesis
1670 1451 1754 1518 qui
1791 1451 2102 1516 restiterunt,

392 1626 430 1668 1.
460 1624 602 1681 prael.
638 1623 710 1667 Or.
811 1637 1054 1680 quanquam
1084 1624 1168 1668 Ma.

269 1675 399 1727 dauto
434 1685 481 1737 G,
516 1684 559 1726 h.
596 1698 634 1727 e.
675 1685 875 1727 danuvio.
912 1685 968 1727 cf.
1003 1687 1031 1729 2
1062 1685 1134 1728 63.

266 1744 525 1785 minutiones
558 1742 674 1797 GMfl,
713 1745 1018 1786 dominationis
1049 1745 1215 1787 amicus
1235 1743 1410 1798 Ryckii.

1784 1626 1828 1669 3.
1861 1625 1989 1668 dauio
2021 1623 2103 1679 Ma,

1946 1685 1990 1729 6.
2024 1686 2104 1727 do-

1285 1628 1327 1670 2.
1362 1626 1566 1681 capesciit
1596 1623 1677 1668 Ma.

1229 1687 1269 1727 5.
1303 1686 1432 1740 uayio
1464 1684 1544 1727 Ma.
1635 1685 1744 1727 sidio
1775 1683 1856 1728 Ma.

1490 1744 1533 1787 8.
1568 1744 1776 1786 brittania
1796 1742 1877 1787 Ma.
1951 1746 1998 1787 P.
2021 1742 2102 1788 Ma.

262 1817 344 1859 pro
373 1811 578 1858 praetore
605 1802 721 1856 Gilda,
750 1812 1077 1860 propraetorem
1108 1803 1157 1846 Β.
1221 1804 1261 1847 9.
1291 1811 1330 1845 et
1359 1805 1468 1859 susis
1499 1802 1589 1845 Ma:
1622 1805 1766 1860 effusis
1788 1803 1838 1847 G.
1904 1805 1973 1848 10.
1999 1818 2104 1846 cae-

262 1869 341 1918 pta
361 1861 441 1905 Ma.

357 2038 538 2081 regnum
589 2025 753 2082 Vangio
793 2040 847 2068 ac
886 2026 991 2069 Sido
1033 2026 1148 2068 inter

268 2098 313 2125 se
341 2085 591 2141 partivere:
632 2098 711 2139 pro
757 2086 991 2142 Vangione
1033 2097 1147 2127 anno

268 2144 326 2187 69
357 2150 636 2186 successerat
680 2145 890 2199 italicus3
938 2144 1050 2187 alter
1094 2158 1149 2187 ex

268 2203 436 2259 regulis
488 2205 710 2245 etiamtum
761 2206 807 2246 in
853 2205 1037 2260 imperio
1097 2217 1148 2245 ac

269 2261 378 2304 fidus
404 2263 625 2307 Romanis.
673 2265 724 2306 H.
745 2264 804 2306 Ill
829 2266 883 2307 5:
917 2264 1149 2306 trahuntur

267 2323 315 2363 in
354 2329 501 2378 partes
536 2322 835 2382 (Flaviorum)
878 2325 981 2366 Sido
1023 2330 1149 2378 atque

256 2382 451 2424 ,italicus
481 2395 604 2438 reyes
626 2385 877 2437 Suevorum,
912 2385 1003 2439 quis
1029 2389 1148 2424 vetus

270 2441 515 2496 obsequium
547 2455 654 2497 erqa
685 2444 919 2486 Romanos.

338 2501 435 2542 dum
451 2501 795 2557 adipiscerentur
810 2503 1146 2544 dominationes:

271 2560 474 2614 equidem
493 2561 695 2602 nonnihil
718 2562 867 2603 dubito
887 2562 940 2603 de
960 2563 1147 2603 sanitate

269 2619 393 2660 verbi
417 2619 789 2674 adipiscerentur.-
825 2621 997 2662 'l'aciius
1031 2622 1145 2661 enini

269 2690 347 2732 pro
362 2690 441 2719 suo
455 2678 689 2719 verborum
704 2692 790 2720 non
804 2681 1145 2733 compositorum

270 2749 418 2778 amore
475 2737 662 2792 simplex
726 2740 865 2795 apisci
923 2738 1144 2792 praetulit,

271 2797 559 2851 compositum
605 2799 836 2852 participio
880 2798 1057 2854 adeptus
1105 2803 1147 2839 et

268 2856 488 2897 infinitivo
533 2856 716 2911 adipisci
756 2858 949 2912 reliquit.
1015 2856 1144 2899 Certe

269 2915 381 2956 haec
413 2928 564 2957 norma
596 2917 638 2955 in
672 2918 817 2970 priore
844 2916 1043 2958 Mediceo
1076 2917 1145 2957 di-

268 2973 480 3030 ligentius
502 2975 664 3028 scripto
683 2989 855 3031 semper
867 2975 1142 3028 observatur,

269 3033 382 3074 alter
421 3036 536 3075 inter
579 3040 805 3090 utramque
851 3035 1032 3076 formam
1073 3036 1145 3075 in-

270 3098 414 3134 certus
446 3093 640 3135 fluctuat.
703 3094 762 3136 111
796 3095 879 3138 27:
924 3094 1147 3150 apiscendi

267 3152 457 3194 inlicitos
517 3153 717 3196 honores.
781 3155 865 3197 31:
925 3154 1147 3195 materiem

270 3213 494 3267 apiscendi
537 3214 717 3267 favoris.
781 3212 841 3254 IV
883 3214 934 3266 13
984 3227 1146 3254 summa

271 3272 494 3327 apiscendi
525 3272 683 3315 libido.
718 3272 796 3315 16:
829 3273 899 3327 qui
928 3272 975 3314 id
1002 3273 1145 3326 [lami-

268 3332 388 3371 nium
421 3332 704 3386 apisceretur.
769 3332 850 3375 59:
888 3332 1146 3387 apiscendae

266 3392 500 3445 potentiae.
569 3390 623 3432 Vl
655 3392 706 3433 3:
737 3398 852 3432 ut—
875 3392 940 3432 ius
973 3393 1145 3447 apisce-

270 3457 436 3491 rentur.
491 3450 573 3492 20:
607 3451 725 3491 cuius
759 3452 909 3505 (artis)
944 3452 1145 3506 apiscen-

274 3507 354 3549 dae
387 3509 531 3549 otium.
581 3510 664 3550 45:
709 3509 806 3551 dum
842 3510 1145 3552 dominationis

276 3568 557 3622 apisceretur.
603 3566 690 3608 Iam
716 3569 772 3608 XI
795 3571 872 3613 223
907 3570 978 3623 qui
1009 3583 1144 3623 quae-

274 3632 438 3666 sturam
498 3625 855 3681 adipiscerentur.
949 3629 1030 3671 23:
1078 3630 1144 3670 ius

270 3683 647 3745 adipiscendorum
686 3686 734 3731 in
774 3687 878 3731 urbe
915 3687 1137 3732 honorum.

502 1863 667 1919 yhieme
690 1861 771 1905 Ma.
839 1865 906 1906 11.
923 1864 1048 1905 obvia
1066 1861 1147 1906 Ma.
1214 1865 1283 1907 12.
1306 1864 1555 1906 restiterunt
1579 1861 1703 1905 GMa:
1723 1864 1971 1907 restiterant
1989 1863 2102 1919 Spir.

1232 2025 1330 2068 Xlu
1362 2028 1444 2070 21:
1478 2026 1708 2083 apiscendo
1746 2025 1940 2082 imperio.
2003 2023 2103 2068 XIV

1232 2087 1316 2128 233
1362 2086 1612 2127 clementiae
1642 2089 1807 2142 famam
1837 2085 2104 2142 adipiscere-

1233 2151 1317 2186 tur.
1359 2146 1442 2189 273
1476 2152 1876 2201 οορηοηιεηιαηι-
1898 2146 2104 2201 apiscun-

1232 2211 1315 2247 tur.
1361 2204 1446 2247 36:
1481 2204 1591 2260 quod
1620 2204 1790 2247 modica
1819 2217 1972 2247 manus
1999 2204 2104 2246 uno·-

1231 2264 1346 2306 versi
1378 2266 1590 2306 emercitus
1619 2267 1783 2320 samam
1806 2264 2103 2320 adipisceren-

1232 2330 1315 2366 tur.
1381 2323 1460 2364 XV
1503 2324 1586 2367 43:
1628 2331 1787 2381 tempus
1824 2324 1944 2365 intra
1998 2322 2108 2378 quod

1231 2408 1288 2415 —-
1344 2384 1654 2440 apiscerentur.
1719 2381 1883 2424 Contra
1938 2381 1957 2423 1
2019 2382 2100 2425 13.

1232 2442 1419 2499 adipisci
1446 2443 1687 2499 principem
1711 2442 1864 2485 locum.
1897 2442 1981 2486 32:
2012 2455 2104 2482 me-

1229 2503 1413 2544 moriam
1434 2502 1549 2557 apud
1559 2509 1754 2558 posteros
1772 2503 1990 2558 adeptus.
2021 2501 2102 2544 53*

1229 2562 1453 2617 imperium
1484 2561 1675 2616 adeptus.
1737 2559 1796 2602 ΙΙΙ
1837 2563 1922 2605 243
1968 2573 2104 2614 neque

1229 2620 1414 2661 hbnores
1461 2620 1637 2675 adeptus
1687 2627 1760 2662 est.
1826 2620 1908 2662 55:
1958 2631 2104 2660 rerum

1230 2679 1406 2735 adeptus
1440 2685 1512 2720 est.
1582 2678 1661 2720 75:
1697 2678 1964 2720 consulatum
1994 2678 2102 2719 ade-

1223 2746 1320 2793 ptus
1353 2746 1426 2780 est.
1476 2736 1573 2779 xltl
1604 2738 1686 2779 43:
1715 2739 1862 2794 pretia
1892 2737 2103 2779 scelerum

1229 2798 1386 2854 adepti.
1450 2797 1501 2839 H.
1540 2795 1597 2838 111
1639 2796 1693 2838 6:
1741 2797 1927 2853 primum
1967 2796 2103 2866 pilum

1229 2857 1395 2913 adepto.
1458 2857 1477 2897 l
1523 2857 1572 2899 7·
1638 2856 1791 2912 adepto
1832 2857 2099 2913 principatu.

1231 2916 1352 2967 Quae
1408 2929 1505 2957 cum
1556 2916 1617 2957 ita
1647 2917 1777 2968 sint,
1843 2916 2101 2958 existiman..

1229 2975 1328 3016 dum
1370 2975 1544 3017 videtur
1596 2981 1800 3030 quattuor
1847 2974 1938 3017 illis
1990 2974 2102 3016 locis

1228 3035 1455 3090 vulgarem
1503 3034 1684 3075 foimam
1731 3048 1755 3075 a
1803 3033 1981 3076 librario
2025 3035 2100 3089 qui

1229 3094 1422 3135 confecit
1455 3093 1678 3148 exemplar
1701 3093 1884 3135 Medicei
1918 3092 2098 3144 codicis,

1227 3153 1301 3194 vel
1334 3153 1387 3194 ab
1423 3166 1474 3194 eo
1509 3154 1582 3207 qui
1618 3152 1733 3194 hunc
1773 3153 1973 3206 scripsit,
2021 3164 2100 3207 per

1229 3225 1418 3254 errorem
1471 3211 1596 3253 alteri
1654 3211 1933 3254 substitutum
1985 3223 2096 3254 esse.

1227 3271 1273 3313 Id
1319 3271 1520 3313 accidere
1566 3272 1611 3312 in
1665 3271 1749 3312 hoc
1794 3277 1942 3314 nostro
1997 3270 2098 3312 loco

1228 3331 1404 3373 facilius
1437 3335 1633 3385 poterat,
1678 3329 1793 3386 qnod
1825 3330 2096 3385 subsequens

1223 3397 1446 3446 postquam
1478 3390 1621 3445 adepti
1656 3396 1756 3431 sunt
1785 3389 1964 3432 formam
1995 3387 2095 3429 adi-

1223 3451 1496 3505 piscerentur
1535 3460 1614 3503 pro
1656 3450 1953 3505 apiscerentur
1982 3446 2094 3489 scri-

1227 3509 1372 3551 bentis
1404 3510 1539 3550 menti
1573 3507 1808 3564 suggessit.

1316 3567 1420 3622 Cap.
1443 3569 1515 3610 31.
1560 3567 1754 3609 turbidae
1771 3580 1841 3607 res
1860 3577 2092 3620 excepere.-

1227 3627 1520 3668 consularium
1551 3628 1714 3680 primus
1735 3624 1874 3666 Aulus
1899 3623 2094 3665 Plautius

1224 3685 1478 3731 Britanniae
1508 3684 1783 3743 praepositus
1813 3682 1995 3742 fuerin,⁸
2024 3683 2094 3730 cui

1764 630 1935 684 Secuti
1981 632 2102 686 mox
2169 630 2173 633 Χ
