<?xml version="1.0" encoding="UTF-8"?>
<!DOCTYPE html PUBLIC "-//W3C//DTD XHTML 1.0 Transitional//EN"
    "http://www.w3.org/TR/xhtml1/DTD/xhtml1-transitional.dtd">
<html xmlns="http://www.w3.org/1999/xhtml" xml:lang="en" lang="en">
 <head>
  <title>
</title>
<meta http-equiv="Content-Type" content="text/html;charset=utf-8" />
  <meta name='ocr-system' content='tesseract 3.04.00' />
  <meta name='ocr-capabilities' content='ocr_page ocr_carea ocr_par ocr_line ocrx_word'/>
</head>
<body>
  <div class='ocr_page' id='page_1' title='image "./operaadcodicesan01taciuoft_0353.png"; bbox 0 0 2280 4004; ppageno 0'>
   <div class='ocr_carea' id='block_1_1' title="bbox 210 283 1047 333">
    <p class='ocr_par' dir='ltr' id='par_1_1' title="bbox 210 283 1047 333">
     <span class='ocr_line' id='line_1_1' title="bbox 210 283 1047 333; baseline 0 -3"><span class='ocrx_word' id='word_1_1' title='bbox 210 288 247 331; x_wconf 64' lang='grc' dir='ltr'>,ί</span> <span class='ocrx_word' id='word_1_2' title='bbox 271 284 323 331; x_wconf 77' lang='lat' dir='ltr'><strong>C.</strong></span> <span class='ocrx_word' id='word_1_3' title='bbox 356 286 428 333; x_wconf 76' lang='lat'><strong>25.</strong></span> <span class='ocrx_word' id='word_1_4' title='bbox 444 300 454 326; x_wconf 71' lang='grc' dir='ltr'>ι</span> <span class='ocrx_word' id='word_1_5' title='bbox 775 284 938 330; x_wconf 85' lang='lat' dir='ltr'>LIBER</span> <span class='ocrx_word' id='word_1_6' title='bbox 955 283 1047 330; x_wconf 58' lang='lat' dir='ltr'>JV.</span> 
     </span>
    </p>
   </div>
   <div class='ocr_carea' id='block_1_2' title="bbox 1108 281 1441 331">
    <p class='ocr_par' dir='ltr' id='par_1_2' title="bbox 1108 281 1441 331">
     <span class='ocr_line' id='line_1_2' title="bbox 1108 281 1441 331; baseline -0.003 -3"><span class='ocrx_word' id='word_1_7' title='bbox 1108 281 1216 329; x_wconf 54' lang='lat' dir='ltr'>ssah</span> <span class='ocrx_word' id='word_1_8' title='bbox 1231 284 1441 331; x_wconf 78' lang='lat'>-40—42.</span> 
     </span>
    </p>
   </div>
   <div class='ocr_carea' id='block_1_3' title="bbox 164 425 2077 1235">
    <p class='ocr_par' dir='ltr' id='par_1_3' title="bbox 164 425 2077 1233">
     <span class='ocr_line' id='line_1_3' title="bbox 164 425 2036 500; baseline -0.002 -19"><span class='ocrx_word' id='word_1_9' title='bbox 164 470 168 473; x_wconf 84' lang='lat'><strong>.</strong></span> <span class='ocrx_word' id='word_1_10' title='bbox 216 429 435 481; x_wconf 84' lang='lat' dir='ltr'>Votieno</span> <span class='ocrx_word' id='word_1_11' title='bbox 470 428 741 492; x_wconf 86' lang='lat' dir='ltr'>Montano,</span> <span class='ocrx_word' id='word_1_12' title='bbox 784 427 1001 480; x_wconf 90' lang='lat' dir='ltr'>celebris</span> <span class='ocrx_word' id='word_1_13' title='bbox 1039 427 1233 495; x_wconf 88' lang='lat' dir='ltr'>ingenii</span> <span class='ocrx_word' id='word_1_14' title='bbox 1267 425 1675 500; x_wconf 10' lang='lat' dir='ltr'>virm-*cognitio</span> <span class='ocrx_word' id='word_1_15' title='bbox 1717 430 2036 477; x_wconf 82' lang='lat' dir='ltr'>cunctantem</span> 
     </span>
     <span class='ocr_line' id='line_1_4' title="bbox 206 504 2036 587; baseline -0.001 -16"><span class='ocrx_word' id='word_1_16' title='bbox 206 521 316 573; x_wconf 91' lang='lat' dir='ltr'>-iam</span> <span class='ocrx_word' id='word_1_17' title='bbox 364 511 629 573; x_wconf 81' lang='lat' dir='ltr'>Tiberium</span> <span class='ocrx_word' id='word_1_18' title='bbox 666 520 881 587; x_wconf 85' lang='lat' dir='ltr'>perpulit</span> <span class='ocrx_word' id='word_1_19' title='bbox 936 525 991 571; x_wconf 88' lang='lat' dir='ltr'>ut</span> <span class='ocrx_word' id='word_1_20' title='bbox 1044 520 1280 571; x_wconf 89' lang='lat' dir='ltr'>vitandos</span> <span class='ocrx_word' id='word_1_21' title='bbox 1331 504 1566 571; x_wconf 86' lang='lat' dir='ltr'>crederet</span> <span class='ocrx_word' id='word_1_22' title='bbox 1613 523 1808 585; x_wconf 90' lang='lat' dir='ltr'>patrum</span> <span class='ocrx_word' id='word_1_23' title='bbox 1860 522 2036 570; x_wconf 91' lang='lat' dir='ltr'>coetus</span> 
     </span>
     <span class='ocr_line' id='line_1_5' title="bbox 217 610 2035 679; baseline -0.002 -16"><span class='ocrx_word' id='word_1_24' title='bbox 217 626 476 678; x_wconf 88' lang='lat' dir='ltr'>vocesque</span> <span class='ocrx_word' id='word_1_25' title='bbox 504 626 632 678; x_wconf 91' lang='lat' dir='ltr'>quae</span> <span class='ocrx_word' id='word_1_26' title='bbox 651 612 945 678; x_wconf 85' lang='lat' dir='ltr'>plerumque</span> <span class='ocrx_word' id='word_1_27' title='bbox 971 627 1126 663; x_wconf 90' lang='lat' dir='ltr'>verae</span> <span class='ocrx_word' id='word_1_28' title='bbox 1158 617 1207 662; x_wconf 89' lang='lat' dir='ltr'>et</span> <span class='ocrx_word' id='word_1_29' title='bbox 1238 625 1424 679; x_wconf 90' lang='lat' dir='ltr'>graves</span> <span class='ocrx_word' id='word_1_30' title='bbox 1451 624 1623 662; x_wconf 91' lang='lat' dir='ltr'>coram</span> <span class='ocrx_word' id='word_1_31' title='bbox 1657 610 2035 677; x_wconf 84' lang='lat' dir='ltr'>ingerebantur.</span> 
     </span>
     <span class='ocr_line' id='line_1_6' title="bbox 216 701 2037 769; baseline -0.001 -14"><span class='ocrx_word' id='word_1_32' title='bbox 216 704 340 755; x_wconf 90' lang='lat' dir='ltr'>Nam</span> <span class='ocrx_word' id='word_1_33' title='bbox 386 703 636 769; x_wconf 91' lang='lat' dir='ltr'>postulato</span> <span class='ocrx_word' id='word_1_34' title='bbox 670 702 887 754; x_wconf 87' lang='lat' dir='ltr'>Votieno</span> <span class='ocrx_word' id='word_1_35' title='bbox 944 703 1008 753; x_wconf 94' lang='lat' dir='ltr'>ob</span> <span class='ocrx_word' id='word_1_36' title='bbox 1060 702 1389 754; x_wconf 84' lang='lat' dir='ltr'>contumelias</span> <span class='ocrx_word' id='word_1_37' title='bbox 1440 703 1492 753; x_wconf 92' lang='lat' dir='ltr'>in</span> <span class='ocrx_word' id='word_1_38' title='bbox 1532 702 1802 754; x_wconf 85' lang='lat' dir='ltr'>Caesarem</span> <span class='ocrx_word' id='word_1_39' title='bbox 1857 701 2037 766; x_wconf 84' lang='lat' dir='ltr'>dictaS,</span> 
     </span>
     <span class='ocr_line' id='line_1_7' title="bbox 216 793 2077 860; baseline 0.001 -16"><span class='ocrx_word' id='word_1_40' title='bbox 216 795 360 844; x_wconf 90' lang='lat' dir='ltr'>testis</span> <span class='ocrx_word' id='word_1_41' title='bbox 387 793 632 844; x_wconf 88' lang='lat' dir='ltr'>Aemilius</span> <span class='ocrx_word' id='word_1_42' title='bbox 672 809 701 844; x_wconf 90' lang='lat' dir='ltr'>e</span> <span class='ocrx_word' id='word_1_43' title='bbox 738 793 1038 845; x_wconf 90' lang='lat' dir='ltr'>militaribus</span> <span class='ocrx_word' id='word_1_44' title='bbox 1060 794 1185 845; x_wconf 89' lang='lat' dir='ltr'>viris</span> <span class='ocrx_word' id='word_1_45' title='bbox 1226 793 1341 844; x_wconf 90' lang='lat' dir='ltr'>dum</span> <span class='ocrx_word' id='word_1_46' title='bbox 1373 793 1540 845; x_wconf 92' lang='lat' dir='ltr'>studio</span> <span class='ocrx_word' id='word_1_47' title='bbox 1568 793 1820 860; x_wconf 85' lang='lat' dir='ltr'>probandi</span> <span class='ocrx_word' id='word_1_48' title='bbox 1857 798 2077 846; x_wconf 72' lang='lat' dir='ltr'>cunctas</span> 
     </span>
     <span class='ocr_line' id='line_1_8' title="bbox 215 883 2038 952; baseline 0.001 -17"><span class='ocrx_word' id='word_1_49' title='bbox 215 883 374 935; x_wconf 78' lang='lat' dir='ltr'>refert</span> <span class='ocrx_word' id='word_1_50' title='bbox 410 889 476 949; x_wconf 89' lang='lat' dir='ltr'>et,</span> <span class='ocrx_word' id='word_1_51' title='bbox 510 898 808 949; x_wconf 91' lang='lat' dir='ltr'>quamquam</span> <span class='ocrx_word' id='word_1_52' title='bbox 845 885 977 935; x_wconf 88' lang='lat' dir='ltr'>inter</span> <span class='ocrx_word' id='word_1_53' title='bbox 1015 885 1384 951; x_wconf 85' lang='lat' dir='ltr'>obstrepenteS,</span> <span class='ocrx_word' id='word_1_54' title='bbox 1427 900 1612 952; x_wconf 91' lang='lat' dir='ltr'>magna</span> <span class='ocrx_word' id='word_1_55' title='bbox 1649 886 2038 937; x_wconf 88' lang='lat' dir='ltr'>adseveratione</span> 
     </span>
     <span class='ocr_line' id='line_1_9' title="bbox 218 974 2038 1042; baseline 0.002 -18"><span class='ocrx_word' id='word_1_56' title='bbox 218 974 406 1038; x_wconf 88' lang='lat' dir='ltr'>nititur,</span> <span class='ocrx_word' id='word_1_57' title='bbox 445 974 636 1025; x_wconf 90' lang='lat' dir='ltr'>audivit</span> <span class='ocrx_word' id='word_1_58' title='bbox 670 975 901 1026; x_wconf 86' lang='lat' dir='ltr'>&#39;liberius</span> <span class='ocrx_word' id='word_1_59' title='bbox 938 976 1125 1042; x_wconf 90' lang='lat' dir='ltr'>probra</span> <span class='ocrx_word' id='word_1_60' title='bbox 1158 976 1269 1042; x_wconf 92' lang='lat' dir='ltr'>quis</span> <span class='ocrx_word' id='word_1_61' title='bbox 1303 991 1396 1042; x_wconf 88' lang='lat' dir='ltr'>per</span> <span class='ocrx_word' id='word_1_62' title='bbox 1425 976 1675 1027; x_wconf 88' lang='lat' dir='ltr'>occultum</span> <span class='ocrx_word' id='word_1_63' title='bbox 1702 976 2038 1041; x_wconf 85' lang='lat' dir='ltr'>lacerabatur,</span> 
     </span>
     <span class='ocr_line' id='line_1_10' title="bbox 215 1064 2041 1149; baseline 0.002 -34"><span class='ocrx_word' id='word_1_64' title='bbox 215 1064 448 1131; x_wconf 85' lang='lat' dir='ltr'>adeoque</span> <span class='ocrx_word' id='word_1_65' title='bbox 501 1065 764 1131; x_wconf 90' lang='lat' dir='ltr'>perculsus</span> <span class='ocrx_word' id='word_1_66' title='bbox 822 1071 900 1117; x_wconf 87' lang='lat' dir='ltr'>est</span> <span class='ocrx_word' id='word_1_67' title='bbox 948 1071 1003 1116; x_wconf 90' lang='lat' dir='ltr'>ut</span> <span class='ocrx_word' id='word_1_68' title='bbox 1051 1082 1108 1117; x_wconf 92' lang='lat' dir='ltr'>se</span> <span class='ocrx_word' id='word_1_69' title='bbox 1155 1067 1236 1117; x_wconf 92' lang='lat' dir='ltr'>vel</span> <span class='ocrx_word' id='word_1_70' title='bbox 1291 1068 1456 1119; x_wconf 83' lang='lat' dir='ltr'>statim</span> <span class='ocrx_word' id='word_1_71' title='bbox 1504 1067 1587 1140; x_wconf 86' lang='lat' dir='ltr'>vel</span> <span class='ocrx_word' id='word_1_72' title='bbox 1637 1068 1689 1117; x_wconf 89' lang='lat' dir='ltr'>in</span> <span class='ocrx_word' id='word_1_73' title='bbox 1746 1068 2041 1149; x_wconf 81' lang='lat' dir='ltr'>cognitione</span> 
     </span>
     <span class='ocr_line' id='line_1_11' title="bbox 192 1133 2042 1235; baseline 0.001 -29"><span class='ocrx_word' id='word_1_74' title='bbox 192 1160 544 1235; x_wconf 64' lang='lat' dir='ltr'>Qaturum</span> <span class='ocrx_word' id='word_1_75' title='bbox 581 1156 890 1221; x_wconf 80' lang='lat' dir='ltr'>clamitaret,</span> <span class='ocrx_word' id='word_1_76' title='bbox 943 1133 1284 1222; x_wconf 85' lang='lat' dir='ltr'>precibusque</span> <span class='ocrx_word' id='word_1_77' title='bbox 1318 1139 1693 1222; x_wconf 83' lang='lat' dir='ltr'>proximorum,</span> <span class='ocrx_word' id='word_1_78' title='bbox 1751 1144 2042 1209; x_wconf 79' lang='lat' dir='ltr'>adulatione</span> 
     </span>
    </p>
   </div>
   <div class='ocr_carea' id='block_1_4' title="bbox 216 1246 1322 1313">
    <p class='ocr_par' dir='ltr' id='par_1_4' title="bbox 216 1246 1322 1313">
     <span class='ocr_line' id='line_1_12' title="bbox 216 1246 1322 1313; baseline 0.002 -18"><span class='ocrx_word' id='word_1_79' title='bbox 216 1246 435 1296; x_wconf 89' lang='lat' dir='ltr'>omnium</span> <span class='ocrx_word' id='word_1_80' title='bbox 486 1260 645 1313; x_wconf 82' lang='lat' dir='ltr'>aegre</span> <span class='ocrx_word' id='word_1_81' title='bbox 707 1252 1035 1313; x_wconf 90' lang='lat' dir='ltr'>componeret</span> <span class='ocrx_word' id='word_1_82' title='bbox 1089 1248 1322 1297; x_wconf 89' lang='lat' dir='ltr'>animum.</span> 
     </span>
    </p>
   </div>
   <div class='ocr_carea' id='block_1_5' title="bbox 1424 1247 2107 1314">
    <p class='ocr_par' dir='ltr' id='par_1_5' title="bbox 1424 1247 2107 1314">
     <span class='ocr_line' id='line_1_13' title="bbox 1424 1247 2107 1314; baseline 0.001 -16"><span class='ocrx_word' id='word_1_83' title='bbox 1424 1247 1486 1298; x_wconf 90' lang='lat' dir='ltr'>Et</span> <span class='ocrx_word' id='word_1_84' title='bbox 1538 1248 1782 1299; x_wconf 90' lang='lat' dir='ltr'>Votienus</span> <span class='ocrx_word' id='word_1_85' title='bbox 1840 1247 2041 1314; x_wconf 89' lang='lat' dir='ltr'>quidem</span> <span class='ocrx_word' id='word_1_86' title='bbox 2059 1263 2107 1299; x_wconf 75' lang='lat' dir='ltr'>io</span> 
     </span>
    </p>
   </div>
   <div class='ocr_carea' id='block_1_6' title="bbox 214 1337 2043 1495">
    <p class='ocr_par' dir='ltr' id='par_1_6' title="bbox 214 1337 2043 1495">
     <span class='ocr_line' id='line_1_14' title="bbox 214 1337 2043 1404; baseline 0 -15"><span class='ocrx_word' id='word_1_87' title='bbox 214 1337 491 1389; x_wconf 86' lang='lat' dir='ltr'>maiestatis</span> <span class='ocrx_word' id='word_1_88' title='bbox 529 1338 710 1404; x_wconf 91' lang='lat' dir='ltr'>poenis</span> <span class='ocrx_word' id='word_1_89' title='bbox 749 1338 981 1390; x_wconf 87' lang='lat' dir='ltr'>adfectus</span> <span class='ocrx_word' id='word_1_90' title='bbox 1022 1343 1123 1390; x_wconf 91' lang='lat' dir='ltr'>est:</span> <span class='ocrx_word' id='word_1_91' title='bbox 1177 1338 1369 1390; x_wconf 91' lang='lat' dir='ltr'>Caesar</span> <span class='ocrx_word' id='word_1_92' title='bbox 1403 1338 1656 1390; x_wconf 86' lang='lat' dir='ltr'>obiectam</span> <span class='ocrx_word' id='word_1_93' title='bbox 1705 1339 1802 1390; x_wconf 91' lang='lat' dir='ltr'>sibi</span> <span class='ocrx_word' id='word_1_94' title='bbox 1852 1338 2043 1390; x_wconf 90' lang='lat' dir='ltr'>adver-</span> 
     </span>
     <span class='ocr_line' id='line_1_15' title="bbox 215 1429 2041 1495; baseline 0 -15"><span class='ocrx_word' id='word_1_95' title='bbox 215 1443 302 1480; x_wconf 92' lang='lat' dir='ltr'>sus</span> <span class='ocrx_word' id='word_1_96' title='bbox 354 1443 474 1480; x_wconf 87' lang='lat' dir='ltr'>reos</span> <span class='ocrx_word' id='word_1_97' title='bbox 530 1429 904 1481; x_wconf 87' lang='lat' dir='ltr'>inclementiam</span> <span class='ocrx_word' id='word_1_98' title='bbox 960 1444 1021 1481; x_wconf 91' lang='lat' dir='ltr'>eo</span> <span class='ocrx_word' id='word_1_99' title='bbox 1074 1429 1394 1495; x_wconf 85' lang='lat' dir='ltr'>pervicacius</span> <span class='ocrx_word' id='word_1_100' title='bbox 1442 1429 1729 1495; x_wconf 78' lang='lat' dir='ltr'>ampleXUS,</span> <span class='ocrx_word' id='word_1_101' title='bbox 1787 1429 2041 1495; x_wconf 88' lang='lat' dir='ltr'>Aquiliam</span> 
     </span>
    </p>
   </div>
   <div class='ocr_carea' id='block_1_7' title="bbox 217 1517 1381 1587">
    <p class='ocr_par' dir='ltr' id='par_1_7' title="bbox 217 1517 1381 1587">
     <span class='ocr_line' id='line_1_16' title="bbox 217 1517 1381 1587; baseline 0.002 -18"><span class='ocrx_word' id='word_1_102' title='bbox 217 1518 454 1570; x_wconf 88' lang='lat' dir='ltr'>adulterii</span> <span class='ocrx_word' id='word_1_103' title='bbox 511 1517 726 1570; x_wconf 88' lang='lat' dir='ltr'>delatam</span> <span class='ocrx_word' id='word_1_104' title='bbox 788 1534 899 1570; x_wconf 92' lang='lat' dir='ltr'>cum</span> <span class='ocrx_word' id='word_1_105' title='bbox 958 1520 1114 1571; x_wconf 89' lang='lat' dir='ltr'>Vario</span> <span class='ocrx_word' id='word_1_106' title='bbox 1165 1520 1381 1587; x_wconf 81' lang='lat' dir='ltr'>Ligure,</span> 
     </span>
    </p>
   </div>
   <div class='ocr_carea' id='block_1_8' title="bbox 1455 1520 2041 1586">
    <p class='ocr_par' dir='ltr' id='par_1_8' title="bbox 1455 1520 2041 1586">
     <span class='ocr_line' id='line_1_17' title="bbox 1455 1520 2041 1586; baseline -0.002 -15"><span class='ocrx_word' id='word_1_107' title='bbox 1455 1534 1753 1586; x_wconf 86' lang='lat' dir='ltr'>quamquam</span> <span class='ocrx_word' id='word_1_108' title='bbox 1803 1520 2041 1571; x_wconf 89' lang='lat' dir='ltr'>Lentulus</span> 
     </span>
    </p>
   </div>
   <div class='ocr_carea' id='block_1_9' title="bbox 214 1609 2105 1768">
    <p class='ocr_par' dir='ltr' id='par_1_9' title="bbox 214 1609 2105 1768">
     <span class='ocr_line' id='line_1_18' title="bbox 218 1609 2045 1677; baseline 0.001 -17"><span class='ocrx_word' id='word_1_109' title='bbox 218 1609 507 1661; x_wconf 89' lang='lat' dir='ltr'>Gaetulicus</span> <span class='ocrx_word' id='word_1_110' title='bbox 533 1610 710 1662; x_wconf 93' lang='lat' dir='ltr'>consul</span> <span class='ocrx_word' id='word_1_111' title='bbox 738 1610 1031 1677; x_wconf 87' lang='lat' dir='ltr'>designatus</span> <span class='ocrx_word' id='word_1_112' title='bbox 1059 1610 1176 1677; x_wconf 91' lang='lat' dir='ltr'>lege</span> <span class='ocrx_word' id='word_1_113' title='bbox 1204 1611 1324 1662; x_wconf 89' lang='lat' dir='ltr'>Iulia</span> <span class='ocrx_word' id='word_1_114' title='bbox 1362 1610 1668 1675; x_wconf 89' lang='lat' dir='ltr'>damnasset,</span> <span class='ocrx_word' id='word_1_115' title='bbox 1711 1610 1863 1662; x_wconf 89' lang='lat' dir='ltr'>exilio</span> <span class='ocrx_word' id='word_1_116' title='bbox 1892 1612 2045 1677; x_wconf 92' lang='lat' dir='ltr'>puni-</span> 
     </span>
     <span class='ocr_line' id='line_1_19' title="bbox 214 1700 2105 1768; baseline -0.001 -18"><span class='ocrx_word' id='word_1_117' title='bbox 214 1701 314 1766; x_wconf 87' lang='lat' dir='ltr'>vit,</span> <span class='ocrx_word' id='word_1_118' title='bbox 369 1700 705 1768; x_wconf 86' lang='lat' dir='ltr'>Apidiumque</span> <span class='ocrx_word' id='word_1_119' title='bbox 741 1701 1015 1766; x_wconf 86' lang='lat' dir='ltr'>Merulam,</span> <span class='ocrx_word' id='word_1_120' title='bbox 1082 1701 1217 1767; x_wconf 91' lang='lat' dir='ltr'>quod</span> <span class='ocrx_word' id='word_1_121' title='bbox 1263 1702 1315 1751; x_wconf 89' lang='lat' dir='ltr'>in</span> <span class='ocrx_word' id='word_1_122' title='bbox 1367 1706 1479 1752; x_wconf 90' lang='lat' dir='ltr'>acta</span> <span class='ocrx_word' id='word_1_123' title='bbox 1531 1701 1634 1752; x_wconf 89' lang='lat' dir='ltr'>divi</span> <span class='ocrx_word' id='word_1_124' title='bbox 1671 1702 1887 1768; x_wconf 90' lang='lat' dir='ltr'>Augusti</span> <span class='ocrx_word' id='word_1_125' title='bbox 1937 1715 2105 1753; x_wconf 72' lang='lat' dir='ltr'>nonis</span> 
     </span>
    </p>
   </div>
   <div class='ocr_carea' id='block_1_10' title="bbox 213 1791 1160 1857">
    <p class='ocr_par' dir='ltr' id='par_1_10' title="bbox 213 1791 1160 1857">
     <span class='ocr_line' id='line_1_20' title="bbox 213 1791 1160 1857; baseline 0.001 -15"><span class='ocrx_word' id='word_1_126' title='bbox 213 1791 496 1857; x_wconf 90' lang='lat' dir='ltr'>iuraverat,</span> <span class='ocrx_word' id='word_1_127' title='bbox 536 1792 650 1843; x_wconf 88' lang='lat' dir='ltr'>albo</span> <span class='ocrx_word' id='word_1_128' title='bbox 691 1795 950 1843; x_wconf 88' lang='lat' dir='ltr'>senatorio</span> <span class='ocrx_word' id='word_1_129' title='bbox 990 1793 1160 1843; x_wconf 86' lang='lat' dir='ltr'>erasit.</span> 
     </span>
    </p>
   </div>
   <div class='ocr_carea' id='block_1_11' title="bbox 335 1941 1544 2000">
    <p class='ocr_par' dir='ltr' id='par_1_11' title="bbox 335 1941 1544 2000">
     <span class='ocr_line' id='line_1_21' title="bbox 335 1941 1544 2000; baseline -0.001 -13"><span class='ocrx_word' id='word_1_130' title='bbox 335 1947 378 1987; x_wconf 94' lang='lat'>4.</span> <span class='ocrx_word' id='word_1_131' title='bbox 408 1944 637 2000; x_wconf 79' lang='lat' dir='ltr'>postulatio</span> <span class='ocrx_word' id='word_1_132' title='bbox 671 1944 736 1986; x_wconf 84' lang='lat' dir='ltr'>M:</span> <span class='ocrx_word' id='word_1_133' title='bbox 785 1950 1027 1987; x_wconf 88' lang='lat' dir='ltr'>correctum</span> <span class='ocrx_word' id='word_1_134' title='bbox 1070 1945 1112 1985; x_wconf 89' lang='lat' dir='ltr'>in</span> <span class='ocrx_word' id='word_1_135' title='bbox 1144 1950 1292 1986; x_wconf 87' lang='lat' dir='ltr'>annot.</span> <span class='ocrx_word' id='word_1_136' title='bbox 1324 1941 1544 1987; x_wconf 88' lang='lat' dir='ltr'>Beroaldi.</span> 
     </span>
    </p>
   </div>
   <div class='ocr_carea' id='block_1_12' title="bbox 227 2004 645 2047">
    <p class='ocr_par' dir='ltr' id='par_1_12' title="bbox 227 2004 645 2047">
     <span class='ocr_line' id='line_1_22' title="bbox 227 2004 645 2047; baseline -0.005 0"><span class='ocrx_word' id='word_1_137' title='bbox 227 2006 293 2047; x_wconf 78' lang='lat'>14.</span> <span class='ocrx_word' id='word_1_138' title='bbox 328 2004 560 2046; x_wconf 82' lang='lat' dir='ltr'>caelulicus</span> <span class='ocrx_word' id='word_1_139' title='bbox 593 2005 645 2046; x_wconf 82' lang='grc' dir='ltr'>Μ.</span> 
     </span>
    </p>
   </div>
   <div class='ocr_carea' id='block_1_13' title="bbox 218 2123 1097 3705">
    <p class='ocr_par' dir='ltr' id='par_1_13' title="bbox 218 2123 1093 3182">
     <span class='ocr_line' id='line_1_23' title="bbox 219 2123 1085 2167; baseline 0.002 -2"><span class='ocrx_word' id='word_1_140' title='bbox 219 2123 450 2166; x_wconf 89' lang='lat' dir='ltr'>admissum</span> <span class='ocrx_word' id='word_1_141' title='bbox 482 2131 563 2167; x_wconf 85' lang='lat' dir='ltr'>est.</span> <span class='ocrx_word' id='word_1_142' title='bbox 616 2125 777 2167; x_wconf 88' lang='lat' dir='ltr'>Verum</span> <span class='ocrx_word' id='word_1_143' title='bbox 810 2125 981 2167; x_wconf 88' lang='lat' dir='ltr'>ostendi</span> <span class='ocrx_word' id='word_1_144' title='bbox 1002 2139 1085 2167; x_wconf 89' lang='lat' dir='ltr'>ne-</span> 
     </span>
     <span class='ocr_line' id='line_1_24' title="bbox 219 2182 1085 2238; baseline 0.001 -15"><span class='ocrx_word' id='word_1_145' title='bbox 219 2185 312 2238; x_wconf 89' lang='lat' dir='ltr'>quit</span> <span class='ocrx_word' id='word_1_146' title='bbox 344 2185 440 2225; x_wconf 88' lang='lat' dir='ltr'>sive</span> <span class='ocrx_word' id='word_1_147' title='bbox 471 2182 663 2225; x_wconf 90' lang='lat' dir='ltr'>Tacitum</span> <span class='ocrx_word' id='word_1_148' title='bbox 696 2186 791 2226; x_wconf 90' lang='lat' dir='ltr'>sive</span> <span class='ocrx_word' id='word_1_149' title='bbox 823 2184 961 2226; x_wconf 90' lang='lat' dir='ltr'>ullum</span> <span class='ocrx_word' id='word_1_150' title='bbox 988 2198 1085 2226; x_wconf 87' lang='lat' dir='ltr'>ser..</span> 
     </span>
     <span class='ocr_line' id='line_1_25' title="bbox 219 2242 1085 2299; baseline 0.002 -17"><span class='ocrx_word' id='word_1_151' title='bbox 219 2243 359 2283; x_wconf 88' lang='lat' dir='ltr'>monis</span> <span class='ocrx_word' id='word_1_152' title='bbox 391 2242 605 2296; x_wconf 87' lang='lat' dir='ltr'>pedestris</span> <span class='ocrx_word' id='word_1_153' title='bbox 635 2244 891 2297; x_wconf 87' lang='lat' dir='ltr'>scriptorem</span> <span class='ocrx_word' id='word_1_154' title='bbox 926 2257 1085 2299; x_wconf 66' lang='lat' dir='ltr'>augere</span> 
     </span>
     <span class='ocr_line' id='line_1_26' title="bbox 220 2303 1086 2359; baseline 0.003 -18"><span class='ocrx_word' id='word_1_155' title='bbox 220 2303 437 2354; x_wconf 84' lang='lat' dir='ltr'>praesenti</span> <span class='ocrx_word' id='word_1_156' title='bbox 501 2307 698 2356; x_wconf 83' lang='lat' dir='ltr'>tempore</span> <span class='ocrx_word' id='word_1_157' title='bbox 759 2303 1086 2359; x_wconf 85' lang='lat' dir='ltr'>significatione</span> 
     </span>
     <span class='ocr_line' id='line_1_27' title="bbox 218 2359 1086 2415; baseline 0.003 -16"><span class='ocrx_word' id='word_1_158' title='bbox 218 2365 372 2402; x_wconf 89' lang='lat' dir='ltr'>neutra</span> <span class='ocrx_word' id='word_1_159' title='bbox 389 2359 461 2402; x_wconf 87' lang='lat' dir='ltr'>vel</span> <span class='ocrx_word' id='word_1_160' title='bbox 477 2364 650 2415; x_wconf 87' lang='lat' dir='ltr'>passiva</span> <span class='ocrx_word' id='word_1_161' title='bbox 672 2361 925 2403; x_wconf 85' lang='lat' dir='ltr'>admisisse:</span> <span class='ocrx_word' id='word_1_162' title='bbox 958 2363 1086 2403; x_wconf 82' lang='lat' dir='ltr'>immo</span> 
     </span>
     <span class='ocr_line' id='line_1_28' title="bbox 218 2417 1087 2475; baseline 0.002 -16"><span class='ocrx_word' id='word_1_163' title='bbox 218 2417 387 2460; x_wconf 87' lang='lat' dir='ltr'>Tacitus</span> <span class='ocrx_word' id='word_1_164' title='bbox 420 2419 474 2461; x_wconf 89' lang='lat' dir='ltr'>ad</span> <span class='ocrx_word' id='word_1_165' title='bbox 503 2433 597 2462; x_wconf 88' lang='lat' dir='ltr'>eam</span> <span class='ocrx_word' id='word_1_166' title='bbox 621 2421 943 2475; x_wconf 85' lang='lat' dir='ltr'>exprimendam</span> <span class='ocrx_word' id='word_1_167' title='bbox 977 2430 1087 2462; x_wconf 88' lang='lat' dir='ltr'>con-</span> 
     </span>
     <span class='ocr_line' id='line_1_29' title="bbox 220 2481 1085 2534; baseline 0.002 -15"><span class='ocrx_word' id='word_1_168' title='bbox 220 2483 385 2520; x_wconf 84' lang='lat' dir='ltr'>stanter</span> <span class='ocrx_word' id='word_1_169' title='bbox 422 2491 525 2520; x_wconf 89' lang='lat' dir='ltr'>usus</span> <span class='ocrx_word' id='word_1_170' title='bbox 573 2485 639 2521; x_wconf 87' lang='lat' dir='ltr'>est</span> <span class='ocrx_word' id='word_1_171' title='bbox 671 2481 809 2521; x_wconf 87' lang='lat' dir='ltr'>forma</span> <span class='ocrx_word' id='word_1_172' title='bbox 840 2493 1085 2534; x_wconf 65' lang='lat' dir='ltr'>augescere.</span> 
     </span>
     <span class='ocr_line' id='line_1_30' title="bbox 222 2535 1088 2592; baseline 0.005 -15"><span class='ocrx_word' id='word_1_173' title='bbox 222 2535 349 2579; x_wconf 84' lang='lat' dir='ltr'>Conf.</span> <span class='ocrx_word' id='word_1_174' title='bbox 382 2537 399 2579; x_wconf 94' lang='lat'>1</span> <span class='ocrx_word' id='word_1_175' title='bbox 433 2538 1088 2592; x_wconf 76' lang='lat' dir='ltr'>79.11.1134‚1V1et61‚</span> 
     </span>
     <span class='ocr_line' id='line_1_31' title="bbox 225 2595 1088 2654; baseline 0.001 -17"><span class='ocrx_word' id='word_1_176' title='bbox 225 2595 262 2636; x_wconf 89' lang='lat' dir='ltr'>V</span> <span class='ocrx_word' id='word_1_177' title='bbox 297 2595 364 2638; x_wconf 83' lang='lat'>14.</span> <span class='ocrx_word' id='word_1_178' title='bbox 422 2595 528 2652; x_wconf 86' lang='lat' dir='ltr'>Agr.</span> <span class='ocrx_word' id='word_1_179' title='bbox 562 2597 605 2640; x_wconf 94' lang='lat'><strong>3.</strong></span> <span class='ocrx_word' id='word_1_180' title='bbox 665 2596 745 2639; x_wconf 85' lang='lat' dir='ltr'>Illa</span> <span class='ocrx_word' id='word_1_181' title='bbox 790 2598 927 2654; x_wconf 78' lang='lat' dir='ltr'>igitur</span> <span class='ocrx_word' id='word_1_182' title='bbox 959 2599 1088 2639; x_wconf 88' lang='lat' dir='ltr'>etiam</span> 
     </span>
     <span class='ocr_line' id='line_1_32' title="bbox 221 2653 1088 2699; baseline 0.003 -5"><span class='ocrx_word' id='word_1_183' title='bbox 221 2653 326 2695; x_wconf 90' lang='lat' dir='ltr'>huic</span> <span class='ocrx_word' id='word_1_184' title='bbox 357 2654 456 2696; x_wconf 91' lang='lat' dir='ltr'>loco</span> <span class='ocrx_word' id='word_1_185' title='bbox 489 2655 751 2698; x_wconf 81' lang='lat' dir='ltr'>vindicanda</span> <span class='ocrx_word' id='word_1_186' title='bbox 784 2658 868 2698; x_wconf 86' lang='lat' dir='ltr'>erit</span> <span class='ocrx_word' id='word_1_187' title='bbox 887 2663 1088 2699; x_wconf 87' lang='lat' dir='ltr'>statuen-</span> 
     </span>
     <span class='ocr_line' id='line_1_33' title="bbox 223 2711 1089 2769; baseline 0.005 -16"><span class='ocrx_word' id='word_1_188' title='bbox 223 2711 432 2768; x_wconf 87' lang='lat' dir='ltr'>dumque,</span> <span class='ocrx_word' id='word_1_189' title='bbox 466 2714 650 2756; x_wconf 89' lang='lat' dir='ltr'>mediam</span> <span class='ocrx_word' id='word_1_190' title='bbox 683 2715 898 2769; x_wconf 80' lang='lat' dir='ltr'>syllabam</span> <span class='ocrx_word' id='word_1_191' title='bbox 930 2717 973 2757; x_wconf 92' lang='lat' dir='ltr'>in</span> <span class='ocrx_word' id='word_1_192' title='bbox 1007 2729 1089 2757; x_wconf 86' lang='lat' dir='ltr'>au-</span> 
     </span>
     <span class='ocr_line' id='line_1_34' title="bbox 223 2772 1088 2827; baseline 0.005 -15"><span class='ocrx_word' id='word_1_193' title='bbox 223 2784 401 2826; x_wconf 84' lang='lat' dir='ltr'>gescere</span> <span class='ocrx_word' id='word_1_194' title='bbox 419 2772 505 2825; x_wconf 88' lang='lat' dir='ltr'>hic,</span> <span class='ocrx_word' id='word_1_195' title='bbox 538 2778 585 2814; x_wconf 89' lang='lat' dir='ltr'>ut</span> <span class='ocrx_word' id='word_1_196' title='bbox 601 2776 823 2816; x_wconf 85' lang='lat' dir='ltr'>sexcentis</span> <span class='ocrx_word' id='word_1_197' title='bbox 840 2774 938 2816; x_wconf 89' lang='lat' dir='ltr'>aliis</span> <span class='ocrx_word' id='word_1_198' title='bbox 962 2775 1088 2827; x_wconf 84' lang='lat' dir='ltr'>locis,</span> 
     </span>
     <span class='ocr_line' id='line_1_35' title="bbox 224 2829 1090 2888; baseline 0.006 -19"><span class='ocrx_word' id='word_1_199' title='bbox 224 2829 517 2873; x_wconf 85' lang='lat' dir='ltr'>oblitteratam</span> <span class='ocrx_word' id='word_1_200' title='bbox 549 2845 664 2873; x_wconf 90' lang='lat' dir='ltr'>esse.</span> <span class='ocrx_word' id='word_1_201' title='bbox 726 2832 808 2874; x_wconf 89' lang='lat' dir='ltr'>Pro</span> <span class='ocrx_word' id='word_1_202' title='bbox 844 2834 996 2888; x_wconf 74' lang='lat' dir='ltr'>auqeri</span> <span class='ocrx_word' id='word_1_203' title='bbox 1026 2835 1090 2874; x_wconf 87' lang='lat' dir='ltr'>ir-</span> 
     </span>
     <span class='ocr_line' id='line_1_36' title="bbox 222 2890 1091 2947; baseline 0.007 -20"><span class='ocrx_word' id='word_1_204' title='bbox 222 2891 413 2943; x_wconf 82' lang='lat' dir='ltr'>repsisse</span> <span class='ocrx_word' id='word_1_205' title='bbox 435 2890 613 2931; x_wconf 80' lang='lat' dir='ltr'>sormam</span> <span class='ocrx_word' id='word_1_206' title='bbox 642 2903 815 2946; x_wconf 68' lang='lat' dir='ltr'>augere,</span> <span class='ocrx_word' id='word_1_207' title='bbox 835 2891 950 2947; x_wconf 87' lang='lat' dir='ltr'>quod</span> <span class='ocrx_word' id='word_1_208' title='bbox 970 2892 1091 2933; x_wconf 85' lang='lat' dir='ltr'>Rhe-</span> 
     </span>
     <span class='ocr_line' id='line_1_37' title="bbox 225 2948 1090 3005; baseline 0.005 -18"><span class='ocrx_word' id='word_1_209' title='bbox 225 2959 362 2988; x_wconf 82' lang='lat' dir='ltr'>nanus</span> <span class='ocrx_word' id='word_1_210' title='bbox 403 2948 647 3000; x_wconf 84' lang='lat' dir='ltr'>statuebat,</span> <span class='ocrx_word' id='word_1_211' title='bbox 694 2950 766 2991; x_wconf 89' lang='lat' dir='ltr'>vel</span> <span class='ocrx_word' id='word_1_212' title='bbox 810 2964 968 3005; x_wconf 71' lang='lat' dir='ltr'>auqcre</span> <span class='ocrx_word' id='word_1_213' title='bbox 1013 2962 1090 3004; x_wconf 87' lang='lat' dir='ltr'>pro</span> 
     </span>
     <span class='ocr_line' id='line_1_38' title="bbox 223 3006 1093 3065; baseline 0.005 -19"><span class='ocrx_word' id='word_1_214' title='bbox 223 3006 390 3060; x_wconf 71' lang='lat' dir='ltr'>viqere,</span> <span class='ocrx_word' id='word_1_215' title='bbox 419 3012 465 3047; x_wconf 88' lang='lat' dir='ltr'>ut</span> <span class='ocrx_word' id='word_1_216' title='bbox 496 3006 635 3048; x_wconf 88' lang='lat' dir='ltr'>voluit</span> <span class='ocrx_word' id='word_1_217' title='bbox 667 3007 1016 3065; x_wconf 88' lang='lat' dir='ltr'>Bezzenberger,</span> <span class='ocrx_word' id='word_1_218' title='bbox 1050 3009 1093 3050; x_wconf 89' lang='lat' dir='ltr'>id</span> 
     </span>
     <span class='ocr_line' id='line_1_39' title="bbox 227 3039 1090 3121; baseline 0.005 -17"><span class='ocrx_word' id='word_1_219' title='bbox 227 3039 401 3121; x_wconf 59' lang='lat' dir='ltr'>longiu’s</span> <span class='ocrx_word' id='word_1_220' title='bbox 434 3079 458 3107; x_wconf 87' lang='lat' dir='ltr'>a</span> <span class='ocrx_word' id='word_1_221' title='bbox 485 3067 577 3108; x_wconf 85' lang='lat' dir='ltr'>veri</span> <span class='ocrx_word' id='word_1_222' title='bbox 599 3067 885 3109; x_wconf 88' lang='lat' dir='ltr'>similitudine</span> <span class='ocrx_word' id='word_1_223' title='bbox 910 3067 1090 3109; x_wconf 75' lang='lat' dir='ltr'>recedit.</span> 
     </span>
     <span class='ocr_line' id='line_1_40' title="bbox 329 3123 1092 3182; baseline 0.003 -17"><span class='ocrx_word' id='word_1_224' title='bbox 329 3123 433 3178; x_wconf 89' lang='lat' dir='ltr'>Cap.</span> <span class='ocrx_word' id='word_1_225' title='bbox 481 3126 552 3169; x_wconf 79' lang='lat'><strong>42.</strong></span> <span class='ocrx_word' id='word_1_226' title='bbox 624 3127 859 3168; x_wconf 81' lang='lat' dir='ltr'>maiestatis</span> <span class='ocrx_word' id='word_1_227' title='bbox 909 3128 1092 3182; x_wconf 76' lang='lat' dir='ltr'>poenis.-</span> 
     </span>
    </p>

    <p class='ocr_par' dir='ltr' id='par_1_14' title="bbox 219 3180 1093 3236">
     <span class='ocr_line' id='line_1_41' title="bbox 219 3180 1093 3236; baseline 0.006 -14"><span class='ocrx_word' id='word_1_228' title='bbox 219 3180 516 3236; x_wconf 70' lang='lat' dir='ltr'>‘Rieronymus</span> <span class='ocrx_word' id='word_1_229' title='bbox 590 3185 634 3224; x_wconf 86' lang='lat' dir='ltr'>in</span> <span class='ocrx_word' id='word_1_230' title='bbox 687 3184 848 3227; x_wconf 89' lang='lat' dir='ltr'>Euseb.</span> <span class='ocrx_word' id='word_1_231' title='bbox 903 3183 1093 3227; x_wconf 67' lang='lat' dir='ltr'>Chion.-</span> 
     </span>
    </p>

    <p class='ocr_par' dir='ltr' id='par_1_15' title="bbox 218 3239 1097 3705">
     <span class='ocr_line' id='line_1_42' title="bbox 238 3239 1093 3286; baseline 0.007 -7"><span class='ocrx_word' id='word_1_232' title='bbox 238 3239 434 3281; x_wconf 79' lang='lat' dir='ltr'>Votienus</span> <span class='ocrx_word' id='word_1_233' title='bbox 502 3242 730 3284; x_wconf 77' lang='lat' dir='ltr'>Montanus</span> <span class='ocrx_word' id='word_1_234' title='bbox 799 3245 1093 3286; x_wconf 78' lang='lat' dir='ltr'>Narbonensis</span> 
     </span>
     <span class='ocr_line' id='line_1_43' title="bbox 230 3298 1094 3344; baseline 0.007 -7"><span class='ocrx_word' id='word_1_235' title='bbox 230 3305 381 3338; x_wconf 75' lang='grc' dir='ltr'>σι’·αιοι</span> <span class='ocrx_word' id='word_1_236' title='bbox 414 3299 460 3338; x_wconf 82' lang='lat' dir='ltr'>in</span> <span class='ocrx_word' id='word_1_237' title='bbox 493 3298 744 3342; x_wconf 77' lang='lat' dir='ltr'>Balearibus</span> <span class='ocrx_word' id='word_1_238' title='bbox 773 3302 927 3344; x_wconf 83' lang='lat' dir='ltr'>insulis</span> <span class='ocrx_word' id='word_1_239' title='bbox 958 3304 1094 3343; x_wconf 81' lang='lat' dir='ltr'>mori-</span> 
     </span>
     <span class='ocr_line' id='line_1_44' title="bbox 229 3356 1094 3414; baseline 0.007 -18"><span class='ocrx_word' id='word_1_240' title='bbox 229 3363 311 3407; x_wconf 66' lang='grc' dir='ltr'>την,</span> <span class='ocrx_word' id='word_1_241' title='bbox 344 3356 448 3398; x_wconf 72' lang='lat' dir='ltr'>illuc</span> <span class='ocrx_word' id='word_1_242' title='bbox 479 3370 507 3397; x_wconf 85' lang='lat' dir='ltr'>a</span> <span class='ocrx_word' id='word_1_243' title='bbox 534 3357 694 3399; x_wconf 83' lang='lat' dir='ltr'>Tiberio</span> <span class='ocrx_word' id='word_1_244' title='bbox 720 3359 948 3414; x_wconf 66' lang='lat' dir='ltr'>relegatus.</span> <span class='ocrx_word' id='word_1_245' title='bbox 999 3360 1094 3401; x_wconf 85' lang='lat' dir='ltr'>Me-</span> 
     </span>
     <span class='ocr_line' id='line_1_45' title="bbox 230 3414 1094 3470; baseline 0.005 -16"><span class='ocrx_word' id='word_1_246' title='bbox 230 3415 354 3456; x_wconf 86' lang='lat' dir='ltr'>minit</span> <span class='ocrx_word' id='word_1_247' title='bbox 395 3414 583 3456; x_wconf 85' lang='lat' dir='ltr'>Montani</span> <span class='ocrx_word' id='word_1_248' title='bbox 630 3423 788 3470; x_wconf 90' lang='lat' dir='ltr'>poetae</span> <span class='ocrx_word' id='word_1_249' title='bbox 834 3424 877 3458; x_wconf 89' lang='lat' dir='ltr'>et</span> <span class='ocrx_word' id='word_1_250' title='bbox 909 3419 1094 3459; x_wconf 87' lang='lat' dir='ltr'>oratoris</span> 
     </span>
     <span class='ocr_line' id='line_1_46' title="bbox 231 3472 1096 3527; baseline 0.004 -13"><span class='ocrx_word' id='word_1_251' title='bbox 231 3474 357 3514; x_wconf 82' lang='lat' dir='ltr'>etiam</span> <span class='ocrx_word' id='word_1_252' title='bbox 393 3472 572 3514; x_wconf 86' lang='lat' dir='ltr'>Ovidius</span> <span class='ocrx_word' id='word_1_253' title='bbox 606 3488 658 3516; x_wconf 85' lang='lat' dir='ltr'>ex</span> <span class='ocrx_word' id='word_1_254' title='bbox 692 3474 814 3515; x_wconf 88' lang='lat' dir='ltr'>Pont.</span> <span class='ocrx_word' id='word_1_255' title='bbox 848 3474 908 3516; x_wconf 81' lang='lat' dir='ltr'>lv</span> <span class='ocrx_word' id='word_1_256' title='bbox 940 3477 992 3519; x_wconf 89' lang='lat'>16</span> <span class='ocrx_word' id='word_1_257' title='bbox 1027 3478 1096 3527; x_wconf 92' lang='lat'>11,</span> 
     </span>
     <span class='ocr_line' id='line_1_47' title="bbox 218 3531 1097 3578; baseline 0.001 -5"><span class='ocrx_word' id='word_1_258' title='bbox 218 3531 398 3573; x_wconf 76' lang='lat' dir='ltr'>vSeneca</span> <span class='ocrx_word' id='word_1_259' title='bbox 440 3532 644 3575; x_wconf 86' lang='lat' dir='ltr'>Controv.</span> <span class='ocrx_word' id='word_1_260' title='bbox 690 3535 747 3577; x_wconf 79' lang='lat'>20</span> <span class='ocrx_word' id='word_1_261' title='bbox 787 3539 830 3575; x_wconf 87' lang='lat' dir='ltr'>et</span> <span class='ocrx_word' id='word_1_262' title='bbox 869 3534 926 3578; x_wconf 84' lang='lat'>28</span> <span class='ocrx_word' id='word_1_263' title='bbox 968 3539 1012 3575; x_wconf 89' lang='lat' dir='ltr'>et</span> <span class='ocrx_word' id='word_1_264' title='bbox 1053 3535 1097 3574; x_wconf 89' lang='lat' dir='ltr'>in</span> 
     </span>
     <span class='ocr_line' id='line_1_48' title="bbox 220 3590 1096 3644; baseline 0.002 -13"><span class='ocrx_word' id='word_1_265' title='bbox 220 3591 501 3642; x_wconf 73' lang='lat' dir='ltr'>praefatione</span> <span class='ocrx_word' id='word_1_266' title='bbox 544 3592 641 3633; x_wconf 86' lang='lat' dir='ltr'>libri</span> <span class='ocrx_word' id='word_1_267' title='bbox 675 3593 727 3644; x_wconf 91' lang='lat'>4,</span> <span class='ocrx_word' id='word_1_268' title='bbox 763 3590 969 3637; x_wconf 85' lang='lat' dir='ltr'>Controv.</span> <span class='ocrx_word' id='word_1_269' title='bbox 1003 3592 1096 3634; x_wconf 86' lang='lat' dir='ltr'>Ex-</span> 
     </span>
     <span class='ocr_line' id='line_1_49' title="bbox 218 3649 1096 3705; baseline 0.006 -16"><span class='ocrx_word' id='word_1_270' title='bbox 218 3654 369 3705; x_wconf 83' lang='lat' dir='ltr'>·cerpt.</span> <span class='ocrx_word' id='word_1_271' title='bbox 420 3649 477 3693; x_wconf 89' lang='lat' dir='ltr'>IX</span> <span class='ocrx_word' id='word_1_272' title='bbox 523 3651 564 3694; x_wconf 85' lang='lat'><strong>5.</strong></span> <span class='ocrx_word' id='word_1_273' title='bbox 630 3651 750 3705; x_wconf 84' lang='lat' dir='ltr'>Quae</span> <span class='ocrx_word' id='word_1_274' title='bbox 802 3652 1023 3696; x_wconf 77' lang='lat' dir='ltr'>accusat—io</span> <span class='ocrx_word' id='word_1_275' title='bbox 1070 3664 1096 3694; x_wconf 83' lang='lat' dir='ltr'>a</span> 
     </span>
    </p>
   </div>
   <div class='ocr_carea' id='block_1_14' title="bbox 1665 1942 2039 1987">
    <p class='ocr_par' dir='ltr' id='par_1_16' title="bbox 1665 1942 2039 1987">
     <span class='ocr_line' id='line_1_50' title="bbox 1665 1942 2039 1987; baseline 0 -1"><span class='ocrx_word' id='word_1_276' title='bbox 1665 1943 1709 1987; x_wconf 88' lang='grc'>8.</span> <span class='ocrx_word' id='word_1_277' title='bbox 1742 1944 1858 1987; x_wconf 82' lang='lat' dir='ltr'>seuel</span> <span class='ocrx_word' id='word_1_278' title='bbox 1887 1942 1954 1986; x_wconf 80' lang='lat' dir='ltr'>vel</span> <span class='ocrx_word' id='word_1_279' title='bbox 1984 1944 2039 1987; x_wconf 90' lang='lat' dir='ltr'><strong>M.</strong></span> 
     </span>
    </p>
   </div>
   <div class='ocr_carea' id='block_1_15' title="bbox 1168 2125 2047 2831">
    <p class='ocr_par' dir='ltr' id='par_1_17' title="bbox 1168 2125 2047 2831">
     <span class='ocr_line' id='line_1_51' title="bbox 1168 2125 2041 2178; baseline -0.002 -11"><span class='ocrx_word' id='word_1_280' title='bbox 1168 2126 1336 2168; x_wconf 85' lang='lat' dir='ltr'>Seneca</span> <span class='ocrx_word' id='word_1_281' title='bbox 1394 2125 1600 2167; x_wconf 83' lang='lat' dir='ltr'>Controv.</span> <span class='ocrx_word' id='word_1_282' title='bbox 1654 2126 1713 2169; x_wconf 84' lang='lat'>20</span> <span class='ocrx_word' id='word_1_283' title='bbox 1760 2132 2041 2178; x_wconf 80' lang='lat' dir='ltr'>memoratur,</span> 
     </span>
     <span class='ocr_line' id='line_1_52' title="bbox 1168 2183 2041 2238; baseline 0 -13"><span class='ocrx_word' id='word_1_284' title='bbox 1168 2197 1255 2225; x_wconf 89' lang='lat' dir='ltr'>non</span> <span class='ocrx_word' id='word_1_285' title='bbox 1289 2186 1399 2226; x_wconf 89' lang='lat' dir='ltr'>haec</span> <span class='ocrx_word' id='word_1_286' title='bbox 1433 2190 1520 2237; x_wconf 84' lang='lat' dir='ltr'>est,</span> <span class='ocrx_word' id='word_1_287' title='bbox 1554 2183 1632 2225; x_wconf 87' lang='lat' dir='ltr'>sed</span> <span class='ocrx_word' id='word_1_288' title='bbox 1663 2185 1820 2238; x_wconf 83' lang='lat' dir='ltr'>prioris</span> <span class='ocrx_word' id='word_1_289' title='bbox 1854 2184 2041 2225; x_wconf 86' lang='lat' dir='ltr'>alicuius</span> 
     </span>
     <span class='ocr_line' id='line_1_53' title="bbox 1168 2243 2044 2285; baseline 0 0"><span class='ocrx_word' id='word_1_290' title='bbox 1168 2245 1285 2285; x_wconf 88' lang='lat' dir='ltr'>anni.</span> <span class='ocrx_word' id='word_1_291' title='bbox 1326 2243 1468 2285; x_wconf 89' lang='lat' dir='ltr'>Verba</span> <span class='ocrx_word' id='word_1_292' title='bbox 1505 2244 1599 2285; x_wconf 89' lang='lat' dir='ltr'>eius</span> <span class='ocrx_word' id='word_1_293' title='bbox 1623 2249 1749 2284; x_wconf 81' lang='lat' dir='ltr'>sunt:</span> <span class='ocrx_word' id='word_1_294' title='bbox 1783 2250 1877 2285; x_wconf 84' lang='lat' dir='ltr'>erat</span> <span class='ocrx_word' id='word_1_295' title='bbox 1904 2250 2044 2285; x_wconf 84' lang='lat' dir='ltr'>autem</span> 
     </span>
     <span class='ocr_line' id='line_1_54' title="bbox 1171 2302 2039 2359; baseline 0 -15"><span class='ocrx_word' id='word_1_296' title='bbox 1171 2303 1420 2359; x_wconf 88' lang='lat' dir='ltr'>(Vinicius)</span> <span class='ocrx_word' id='word_1_297' title='bbox 1437 2315 1526 2344; x_wconf 87' lang='lat' dir='ltr'>non</span> <span class='ocrx_word' id='word_1_298' title='bbox 1547 2316 1705 2357; x_wconf 82' lang='lat' dir='ltr'>aequus</span> <span class='ocrx_word' id='word_1_299' title='bbox 1720 2304 1803 2358; x_wconf 85' lang='lat' dir='ltr'>ipsi</span> <span class='ocrx_word' id='word_1_300' title='bbox 1817 2302 2039 2345; x_wconf 85' lang='lat' dir='ltr'>Montano.</span> 
     </span>
     <span class='ocr_line' id='line_1_55' title="bbox 1170 2361 2040 2418; baseline 0.001 -16"><span class='ocrx_word' id='word_1_301' title='bbox 1170 2363 1464 2403; x_wconf 80' lang='lat' dir='ltr'>Accusaverat</span> <span class='ocrx_word' id='word_1_302' title='bbox 1494 2361 1614 2403; x_wconf 73' lang='lat' dir='ltr'>illum</span> <span class='ocrx_word' id='word_1_303' title='bbox 1647 2362 1762 2418; x_wconf 83' lang='lat' dir='ltr'>apud</span> <span class='ocrx_word' id='word_1_304' title='bbox 1794 2362 2040 2415; x_wconf 81' lang='lat' dir='ltr'>Caesa-rem,</span> 
     </span>
     <span class='ocr_line' id='line_1_56' title="bbox 1170 2420 2045 2477; baseline 0.001 -16"><span class='ocrx_word' id='word_1_305' title='bbox 1170 2435 1198 2461; x_wconf 91' lang='lat' dir='ltr'>a</span> <span class='ocrx_word' id='word_1_306' title='bbox 1233 2420 1417 2462; x_wconf 85' lang='lat' dir='ltr'>Colonia</span> <span class='ocrx_word' id='word_1_307' title='bbox 1449 2420 1724 2462; x_wconf 80' lang='lat' dir='ltr'>Narbonensi</span> <span class='ocrx_word' id='word_1_308' title='bbox 1753 2428 1943 2477; x_wconf 67' lang='lat' dir='ltr'>rogatus.</span> <span class='ocrx_word' id='word_1_309' title='bbox 1987 2421 2045 2462; x_wconf 83' lang='lat' dir='ltr'>At</span> 
     </span>
     <span class='ocr_line' id='line_1_57' title="bbox 1174 2480 2043 2522; baseline 0 -2"><span class='ocrx_word' id='word_1_310' title='bbox 1174 2480 1405 2521; x_wconf 82' lang='lat' dir='ltr'>Montanus</span> <span class='ocrx_word' id='word_1_311' title='bbox 1438 2480 1545 2521; x_wconf 83' lang='lat' dir='ltr'>adeo</span> <span class='ocrx_word' id='word_1_312' title='bbox 1578 2486 1662 2522; x_wconf 88' lang='lat' dir='ltr'>toto</span> <span class='ocrx_word' id='word_1_313' title='bbox 1695 2480 1839 2521; x_wconf 83' lang='lat' dir='ltr'>animo</span> <span class='ocrx_word' id='word_1_314' title='bbox 1867 2480 2043 2522; x_wconf 81' lang='lat' dir='ltr'>schola-</span> 
     </span>
     <span class='ocr_line' id='line_1_58' title="bbox 1170 2538 2043 2595; baseline -0.001 -15"><span class='ocrx_word' id='word_1_315' title='bbox 1170 2540 1300 2580; x_wconf 84' lang='lat' dir='ltr'>sticus</span> <span class='ocrx_word' id='word_1_316' title='bbox 1333 2545 1441 2590; x_wconf 76' lang='lat' dir='ltr'>erat,</span> <span class='ocrx_word' id='word_1_317' title='bbox 1458 2546 1504 2580; x_wconf 82' lang='lat' dir='ltr'>ut</span> <span class='ocrx_word' id='word_1_318' title='bbox 1528 2538 1675 2581; x_wconf 84' lang='lat' dir='ltr'>eodem</span> <span class='ocrx_word' id='word_1_319' title='bbox 1706 2539 1772 2580; x_wconf 82' lang='lat' dir='ltr'>die</span> <span class='ocrx_word' id='word_1_320' title='bbox 1797 2553 1875 2595; x_wconf 83' lang='lat' dir='ltr'>quo</span> <span class='ocrx_word' id='word_1_321' title='bbox 1909 2553 2043 2580; x_wconf 84' lang='lat' dir='ltr'>accu-</span> 
     </span>
     <span class='ocr_line' id='line_1_59' title="bbox 1171 2597 2047 2651; baseline -0.001 -12"><span class='ocrx_word' id='word_1_322' title='bbox 1171 2605 1287 2639; x_wconf 84' lang='lat' dir='ltr'>satus</span> <span class='ocrx_word' id='word_1_323' title='bbox 1306 2612 1334 2639; x_wconf 88' lang='lat' dir='ltr'>a</span> <span class='ocrx_word' id='word_1_324' title='bbox 1361 2598 1525 2640; x_wconf 76' lang='lat' dir='ltr'>Vinicio</span> <span class='ocrx_word' id='word_1_325' title='bbox 1544 2597 1792 2651; x_wconf 80' lang='lat' dir='ltr'>decertavit,</span> <span class='ocrx_word' id='word_1_326' title='bbox 1816 2601 1864 2640; x_wconf 83' lang='lat' dir='ltr'>in</span> <span class='ocrx_word' id='word_1_327' title='bbox 1890 2598 2047 2640; x_wconf 82' lang='lat' dir='ltr'>Vinicii</span> 
     </span>
     <span class='ocr_line' id='line_1_60' title="bbox 1171 2658 2007 2713; baseline 0.001 -15"><span class='ocrx_word' id='word_1_328' title='bbox 1171 2659 1383 2699; x_wconf 85' lang='lat' dir='ltr'>actionem</span> <span class='ocrx_word' id='word_1_329' title='bbox 1413 2658 1646 2699; x_wconf 85' lang='lat' dir='ltr'>sententias</span> <span class='ocrx_word' id='word_1_330' title='bbox 1675 2671 1776 2699; x_wconf 83' lang='lat' dir='ltr'>suas</span> <span class='ocrx_word' id='word_1_331' title='bbox 1807 2661 2007 2713; x_wconf 79' lang='lat' dir='ltr'>referret.</span> 
     </span>
     <span class='ocr_line' id='line_1_61' title="bbox 1261 2715 2045 2772; baseline -0.001 -15"><span class='ocrx_word' id='word_1_332' title='bbox 1261 2716 1350 2772; x_wconf 75' lang='lat' dir='ltr'>leyc</span> <span class='ocrx_word' id='word_1_333' title='bbox 1377 2715 1492 2758; x_wconf 85' lang='lat' dir='ltr'>Iulia</span> <span class='ocrx_word' id='word_1_334' title='bbox 1526 2716 1798 2758; x_wconf 80' lang='lat' dir='ltr'>damnasset:</span> <span class='ocrx_word' id='word_1_335' title='bbox 1830 2717 1883 2758; x_wconf 91' lang='lat' dir='ltr'>de</span> <span class='ocrx_word' id='word_1_336' title='bbox 1917 2715 2045 2758; x_wconf 90' lang='lat' dir='ltr'>adul-</span> 
     </span>
     <span class='ocr_line' id='line_1_62' title="bbox 1173 2774 2045 2831; baseline -0.001 -16"><span class='ocrx_word' id='word_1_337' title='bbox 1173 2776 1272 2816; x_wconf 88' lang='lat' dir='ltr'>terii</span> <span class='ocrx_word' id='word_1_338' title='bbox 1305 2787 1448 2830; x_wconf 89' lang='lat' dir='ltr'>poena</span> <span class='ocrx_word' id='word_1_339' title='bbox 1479 2774 1594 2831; x_wconf 89' lang='lat' dir='ltr'>legis</span> <span class='ocrx_word' id='word_1_340' title='bbox 1625 2774 1765 2817; x_wconf 87' lang='lat' dir='ltr'>Iuliae</span> <span class='ocrx_word' id='word_1_341' title='bbox 1798 2776 1887 2818; x_wconf 89' lang='lat' dir='ltr'>vid.</span> <span class='ocrx_word' id='word_1_342' title='bbox 1924 2775 1976 2817; x_wconf 90' lang='lat' dir='ltr'>ad</span> <span class='ocrx_word' id='word_1_343' title='bbox 2007 2774 2045 2815; x_wconf 82' lang='lat' dir='ltr'>lt</span> 
     </span>
    </p>
   </div>
   <div class='ocr_carea' id='block_1_16' title="bbox 1159 2834 2047 2888">
    <p class='ocr_par' dir='ltr' id='par_1_18' title="bbox 1159 2834 2047 2888">
     <span class='ocr_line' id='line_1_63' title="bbox 1159 2834 2047 2888; baseline -0.003 -12"><span class='ocrx_word' id='word_1_344' title='bbox 1159 2835 1243 2877; x_wconf 66' lang='lat'>50.</span> <span class='ocrx_word' id='word_1_345' title='bbox 1313 2834 1572 2875; x_wconf 85' lang='lat' dir='ltr'>Damnasset</span> <span class='ocrx_word' id='word_1_346' title='bbox 1625 2846 1702 2888; x_wconf 90' lang='lat' dir='ltr'>pro</span> <span class='ocrx_word' id='word_1_347' title='bbox 1754 2834 2047 2877; x_wconf 84' lang='lat' dir='ltr'>damnandam</span> 
     </span>
    </p>
   </div>
   <div class='ocr_carea' id='block_1_17' title="bbox 1174 2892 2051 3699">
    <p class='ocr_par' dir='ltr' id='par_1_19' title="bbox 1174 2892 2047 3343">
     <span class='ocr_line' id='line_1_64' title="bbox 1175 2892 2045 2948; baseline 0.001 -15"><span class='ocrx_word' id='word_1_348' title='bbox 1175 2893 1432 2944; x_wconf 58' lang='lat' dir='ltr'>censuissem</span> <span class='ocrx_word' id='word_1_349' title='bbox 1466 2893 1523 2935; x_wconf 85' lang='lat' dir='ltr'>cf.</span> <span class='ocrx_word' id='word_1_350' title='bbox 1556 2892 1610 2933; x_wconf 86' lang='lat' dir='ltr'>ad</span> <span class='ocrx_word' id='word_1_351' title='bbox 1640 2894 1697 2935; x_wconf 88' lang='lat' dir='ltr'>XI</span> <span class='ocrx_word' id='word_1_352' title='bbox 1727 2895 1769 2936; x_wconf 86' lang='lat'><strong>3.</strong></span> <span class='ocrx_word' id='word_1_353' title='bbox 1827 2893 2045 2948; x_wconf 86' lang='lat' dir='ltr'>Sed-quo-</span> 
     </span>
     <span class='ocr_line' id='line_1_65' title="bbox 1175 2950 2047 3007; baseline 0.001 -15"><span class='ocrx_word' id='word_1_354' title='bbox 1175 2950 1301 2992; x_wconf 90' lang='lat' dir='ltr'>modo</span> <span class='ocrx_word' id='word_1_355' title='bbox 1354 2951 1584 2993; x_wconf 79' lang='lat' dir='ltr'>differebat</span> <span class='ocrx_word' id='word_1_356' title='bbox 1631 2951 1792 2994; x_wconf 87' lang='lat' dir='ltr'>Tiberii</span> <span class='ocrx_word' id='word_1_357' title='bbox 1837 2964 1979 3007; x_wconf 89' lang='lat' dir='ltr'>poena</span> <span class='ocrx_word' id='word_1_358' title='bbox 2022 2965 2047 2993; x_wconf 85' lang='lat' dir='ltr'>a</span> 
     </span>
     <span class='ocr_line' id='line_1_66' title="bbox 1176 3009 2046 3053; baseline 0.001 -3"><span class='ocrx_word' id='word_1_359' title='bbox 1176 3009 1347 3051; x_wconf 87' lang='lat' dir='ltr'>Lentuli</span> <span class='ocrx_word' id='word_1_360' title='bbox 1380 3011 1640 3052; x_wconf 80' lang='lat' dir='ltr'>sententia?</span> <span class='ocrx_word' id='word_1_361' title='bbox 1687 3011 1897 3053; x_wconf 85' lang='lat' dir='ltr'>Lentulus</span> <span class='ocrx_word' id='word_1_362' title='bbox 1928 3023 2046 3052; x_wconf 87' lang='lat' dir='ltr'>ream</span> 
     </span>
     <span class='ocr_line' id='line_1_67' title="bbox 1174 3069 2046 3122; baseline 0 -13"><span class='ocrx_word' id='word_1_363' title='bbox 1174 3069 1374 3110; x_wconf 84' lang='lat' dir='ltr'>interdici</span> <span class='ocrx_word' id='word_1_364' title='bbox 1407 3069 1536 3111; x_wconf 90' lang='lat' dir='ltr'>ltalia</span> <span class='ocrx_word' id='word_1_365' title='bbox 1570 3075 1614 3110; x_wconf 89' lang='lat' dir='ltr'>et</span> <span class='ocrx_word' id='word_1_366' title='bbox 1644 3070 1808 3122; x_wconf 78' lang='lat' dir='ltr'>Africa,</span> <span class='ocrx_word' id='word_1_367' title='bbox 1844 3076 1890 3109; x_wconf 85' lang='lat' dir='ltr'>ut</span> <span class='ocrx_word' id='word_1_368' title='bbox 1922 3071 2046 3111; x_wconf 83' lang='lat' dir='ltr'>Man-</span> 
     </span>
     <span class='ocr_line' id='line_1_68' title="bbox 1176 3127 2045 3180; baseline -0.002 -12"><span class='ocrx_word' id='word_1_369' title='bbox 1176 3127 1281 3168; x_wconf 89' lang='lat' dir='ltr'>lium</span> <span class='ocrx_word' id='word_1_370' title='bbox 1323 3127 1359 3168; x_wconf 91' lang='lat'>11</span> <span class='ocrx_word' id='word_1_371' title='bbox 1397 3128 1485 3180; x_wconf 84' lang='lat'>50,</span> <span class='ocrx_word' id='word_1_372' title='bbox 1546 3134 1799 3180; x_wconf 83' lang='lat' dir='ltr'>censuerat,</span> <span class='ocrx_word' id='word_1_373' title='bbox 1848 3128 2045 3168; x_wconf 80' lang='lat' dir='ltr'>Tiberius</span> 
     </span>
     <span class='ocr_line' id='line_1_69' title="bbox 1177 3185 2046 3236; baseline -0.001 -10"><span class='ocrx_word' id='word_1_374' title='bbox 1177 3186 1358 3226; x_wconf 89' lang='lat' dir='ltr'>exilium</span> <span class='ocrx_word' id='word_1_375' title='bbox 1392 3186 1612 3236; x_wconf 80' lang='lat' dir='ltr'>decrevit,</span> <span class='ocrx_word' id='word_1_376' title='bbox 1655 3185 1696 3228; x_wconf 87' lang='lat' dir='ltr'><strong>h.</strong></span> <span class='ocrx_word' id='word_1_377' title='bbox 1731 3199 1769 3227; x_wconf 90' lang='lat' dir='ltr'>e.</span> <span class='ocrx_word' id='word_1_378' title='bbox 1814 3192 1860 3225; x_wconf 90' lang='lat' dir='ltr'>ut</span> <span class='ocrx_word' id='word_1_379' title='bbox 1898 3197 2046 3226; x_wconf 88' lang='lat' dir='ltr'>remo-</span> 
     </span>
     <span class='ocr_line' id='line_1_70' title="bbox 1176 3243 2046 3297; baseline -0.005 -12"><span class='ocrx_word' id='word_1_380' title='bbox 1176 3250 1355 3285; x_wconf 88' lang='lat' dir='ltr'>veretur</span> <span class='ocrx_word' id='word_1_381' title='bbox 1386 3243 1498 3284; x_wconf 89' lang='lat' dir='ltr'>ultra</span> <span class='ocrx_word' id='word_1_382' title='bbox 1529 3244 1703 3297; x_wconf 90' lang='lat' dir='ltr'>imperii</span> <span class='ocrx_word' id='word_1_383' title='bbox 1740 3246 1948 3285; x_wconf 79' lang='lat' dir='ltr'>terminos</span> <span class='ocrx_word' id='word_1_384' title='bbox 1973 3248 2046 3284; x_wconf 88' lang='lat' dir='ltr'>aut</span> 
     </span>
     <span class='ocr_line' id='line_1_71' title="bbox 1176 3300 1663 3343; baseline -0.002 -1"><span class='ocrx_word' id='word_1_385' title='bbox 1176 3301 1320 3343; x_wconf 84' lang='lat' dir='ltr'>insula</span> <span class='ocrx_word' id='word_1_386' title='bbox 1351 3300 1663 3343; x_wconf 89' lang='lat' dir='ltr'>includeretur.</span> 
     </span>
    </p>

    <p class='ocr_par' dir='ltr' id='par_1_20' title="bbox 1178 3359 2051 3699">
     <span class='ocr_line' id='line_1_72' title="bbox 1269 3359 2046 3403; baseline 0.005 -4"><span class='ocrx_word' id='word_1_387' title='bbox 1269 3359 1364 3400; x_wconf 86' lang='lat' dir='ltr'>albo</span> <span class='ocrx_word' id='word_1_388' title='bbox 1400 3360 1646 3400; x_wconf 80' lang='lat' dir='ltr'>senatorio.-</span> <span class='ocrx_word' id='word_1_389' title='bbox 1681 3361 1763 3402; x_wconf 79' lang='lat' dir='ltr'>Dio</span> <span class='ocrx_word' id='word_1_390' title='bbox 1798 3360 1871 3402; x_wconf 87' lang='lat' dir='ltr'>LV</span> <span class='ocrx_word' id='word_1_391' title='bbox 1903 3361 1958 3402; x_wconf 87' lang='lat'>3:</span> <span class='ocrx_word' id='word_1_392' title='bbox 1991 3362 2046 3403; x_wconf 77' lang='grc' dir='ltr'>τά</span> 
     </span>
     <span class='ocr_line' id='line_1_73' title="bbox 1178 3417 2049 3490; baseline 0.001 -29"><span class='ocrx_word' id='word_1_393' title='bbox 1178 3430 1224 3461; x_wconf 71' lang='grc' dir='ltr'>ἰε</span> <span class='ocrx_word' id='word_1_394' title='bbox 1258 3417 1468 3475; x_wconf 78' lang='grc' dir='ltr'><strong><em>όνόαατα</em></strong></span> <span class='ocrx_word' id='word_1_395' title='bbox 1503 3419 1792 3490; x_wconf 69' lang='grc' dir='ltr'><em>συμπάντων</em></span> <span class='ocrx_word' id='word_1_396' title='bbox 1824 3421 1915 3462; x_wconf 77' lang='grc' dir='ltr'>τῶν</span> <span class='ocrx_word' id='word_1_397' title='bbox 1936 3424 2049 3476; x_wconf 84' lang='grc' dir='ltr'>βου-</span> 
     </span>
     <span class='ocr_line' id='line_1_74' title="bbox 1178 3459 2046 3538; baseline 0 -19"><span class='ocrx_word' id='word_1_398' title='bbox 1178 3459 1404 3521; x_wconf 80' lang='grc' dir='ltr'><em>λευόντων</em></span> <span class='ocrx_word' id='word_1_399' title='bbox 1436 3477 1483 3525; x_wconf 70' lang='grc' dir='ltr'>ἐς</span> <span class='ocrx_word' id='word_1_400' title='bbox 1513 3476 1786 3538; x_wconf 78' lang='grc' dir='ltr'>λεύκωιια</span> <span class='ocrx_word' id='word_1_401' title='bbox 1827 3479 2046 3536; x_wconf 68' lang='grc' dir='ltr'><em>ἀναγρά-</em></span> 
     </span>
     <span class='ocr_line' id='line_1_75' title="bbox 1178 3519 2047 3594; baseline 0.005 -18"><span class='ocrx_word' id='word_1_402' title='bbox 1178 3543 1275 3589; x_wconf 80' lang='grc' dir='ltr'>ψας</span> <span class='ocrx_word' id='word_1_403' title='bbox 1315 3535 1501 3589; x_wconf 74' lang='grc' dir='ltr'><em>ἐξέθηκε</em></span> <span class='ocrx_word' id='word_1_404' title='bbox 1559 3519 1805 3593; x_wconf 84' lang='lat' dir='ltr'>(Augustus</span> <span class='ocrx_word' id='word_1_405' title='bbox 1856 3550 1880 3578; x_wconf 89' lang='lat' dir='ltr'>a</span> <span class='ocrx_word' id='word_1_406' title='bbox 1922 3537 2047 3594; x_wconf 82' lang='lat'>745),</span> 
     </span>
     <span class='ocr_line' id='line_1_76' title="bbox 1182 3595 2051 3681; baseline 0.002 -44"><span class='ocrx_word' id='word_1_407' title='bbox 1182 3597 1265 3637; x_wconf 80' lang='grc' dir='ltr'>καὶ</span> <span class='ocrx_word' id='word_1_408' title='bbox 1296 3595 1343 3643; x_wconf 77' lang='grc' dir='ltr'>ἐξ</span> <span class='ocrx_word' id='word_1_409' title='bbox 1372 3595 1552 3638; x_wconf 76' lang='grc' dir='ltr'>ἐκείνου</span> <span class='ocrx_word' id='word_1_410' title='bbox 1582 3601 1659 3641; x_wconf 77' lang='grc' dir='ltr'>καὶ</span> <span class='ocrx_word' id='word_1_411' title='bbox 1692 3600 1778 3643; x_wconf 54' lang='grc' dir='ltr'>νῦν</span> <span class='ocrx_word' id='word_1_412' title='bbox 1818 3595 1914 3641; x_wconf 75' lang='grc' dir='ltr'><strong><em>κατ’</em></strong></span> <span class='ocrx_word' id='word_1_413' title='bbox 1947 3597 2051 3681; x_wconf 55' lang='lat' dir='ltr'>&amp;roc</span> 
     </span>
     <span class='ocr_line' id='line_1_77' title="bbox 1183 3651 1561 3699; baseline 0.005 -2"><span class='ocrx_word' id='word_1_414' title='bbox 1183 3651 1304 3698; x_wconf 79' lang='grc' dir='ltr'><em>οὕτω</em></span> <span class='ocrx_word' id='word_1_415' title='bbox 1340 3659 1561 3699; x_wconf 76' lang='grc' dir='ltr'>ποιεῖται</span> 
     </span>
    </p>
   </div>
   <div class='ocr_carea' id='block_1_18' title="bbox 1871 3781 1895 3800">
    <p class='ocr_par' dir='ltr' id='par_1_21' title="bbox 1871 3781 1895 3800">
     <span class='ocr_line' id='line_1_78' title="bbox 1871 3781 1895 3800; baseline 0 0"><span class='ocrx_word' id='word_1_416' title='bbox 1871 3781 1895 3800; x_wconf 67' lang='lat' dir='ltr'>t·</span> 
     </span>
    </p>
   </div>
  </div>
 </body>
</html>
