2280 4004
194 242 334 313 >aas

968 267 1262 314 ANNALIVM

1811 288 1852 319 a.
1884 279 1930 320 tl.
1962 271 2068 321 786.

384 411 550 464 Isdem
585 410 880 462 consulibus
918 411 1086 462 Asinii
1124 412 1251 464 Galli
1291 427 1429 465 mors
1466 413 1718 482 vulgatur,
1761 427 1914 482 quem·
1942 408 2157 486 ege—'²28

243 507 373 554 state
409 502 510 552 cibi
559 506 871 567 peremptum
913 501 1048 553 haud
1087 502 1321 568 dubium,
1377 509 1560 570 sponte
1610 504 1706 574 vel
1745 505 2070 575 necesstiate,

240 593 488 644 incertum
526 591 825 643 habebatur.

900 593 1271 663 Consultusque
1298 595 1491 646 Caesar
1525 611 1589 647 an
1625 597 1830 663 sepeliri
1864 597 2071 664 sineret,

241 697 346 734 non
387 682 588 733 erubuit
633 684 955 749 permittere,
1022 670 1257 751 ultroque
1309 686 1548 739 incusare
1594 703 1746 740 casus
1796 689 1880 755 q'ui
1925 700 2073 742 reum

203 773 600 838 sabstulissent,
651 779 919 840 antequam
962 791 1135 827 coram
1176 777 1584 830 convinceretur.

1657 779 1866 832 Scilicet
1899 779 2072 850 medio

241 865 461 917 triennio
512 865 746 917 defuerat
802 871 996 933 tempus
1045 868 1295 919 subeundi
1342 869 1584 923 iudicium
1637 869 1895 923 consulari
1940 871 2070 936 seni,

238 960 314 1007 tot
357 956 699 1008 consularium
735 959 951 1023 parenti.

1025 960 1220 1011 Drusus
1260 960 1450 1013 deinde
1486 962 1823 1030 extinguitur,
1865 975 1976 1014 eum
2013 968 2073 1015 se

238 1047 545 1099 miserandis
584 1048 864 1114 alimentis,
904 1049 1194 1101 mandendo
1233 1066 1262 1101 e
1302 1051 1454 1102 cubili
1491 1056 1745 1118 tomento,
1783 1050 1976 1111 nonum
2006 1052 2097 1105 ad>

239 1138 373 1189 diem
410 1139 726 1191 detinuisset.

801 1140 1080 1192 Tradidere
1117 1141 1319 1207 quidam
1355 1143 1720 1210 praescriptum
1767 1144 1930 1196 fuisse
1961 1144 2074 1198 Ma-

175 1245 224 1281 10
240 1230 402 1294 croni,
441 1231 484 1281 si
523 1245 663 1282 arma
699 1231 762 1282 ab
801 1231 988 1283 Seiano
1028 1236 1418 1298 temptarentur,
1477 1237 1758 1286 extractum
1806 1233 2072 1286 custodiae

236 1320 472 1372 iuvenem
509 1329 651 1384 (nam
688 1321 739 1371 in
768 1321 958 1372 Palatio
987 1322 1318 1388 attinebatur)
1350 1323 1531 1375 ducem
1566 1324 1752 1391 populo
1789 1324 2070 1391 imponere.

235 1410 355 1463 Mox
392 1411 507 1476 quia
560 1426 735 1462 rumor
775 1411 1049 1462 incedebat
1088 1413 1201 1464 sore
1251 1419 1306 1464 ut
1341 1429 1471 1465 nuru
1512 1430 1573 1466 ac
1608 1414 1782 1480 nepoti
1820 1414 2073 1466 concilia-—

236 1506 378 1552 retur
413 1501 634 1566 Caesar,
691 1502 956 1553 saevitiam
995 1517 1143 1569 quam
1187 1504 1546 1570 paenitentiam
1590 1504 1779 1556 maluit.

235 1594 468 1645 invectus
502 1593 555 1643 in
592 1593 917 1658 defunctum,
971 1595 1158 1660 probra
1199 1596 1456 1662 corporIS,
1495 1596 1804 1648 exitiabilem
1839 1594 1896 1647 in⁴
1926 1609 2068 1662 suae,

173 1685 490 1737 isinfensum
525 1685 602 1736 rei
654 1684 889 1750 publicae
928 1686 1144 1736 animum
1190 1687 1408 1752 obiecit,
1465 1688 1774 1755 recitarique
1823 1687 2071 1740 factorum

354 1840 397 1882 2.
431 1837 690 1880 haudubium
721 1839 776 1881 M.

237 1899 443 1954 scriptum
474 1897 689 1940 Rhenani.

916 1839 956 1881 7.
992 1845 1096 1881 exst.
1133 1838 1204 1881 Or.

830 1899 899 1941 10.
935 1905 1196 1940 exstructum
1226 1898 1280 1940 M.

1336 1840 1378 1883 9.
1408 1841 1723 1897 praescriptum
1755 1841 1821 1893 M,
1871 1852 1959 1882 non
1992 1841 2070 1883 de-

1404 1899 1621 1943 custodiae
1653 1900 1707 1954 M,
1741 1911 1828 1942 non
1861 1899 2069 1944 custodia.

241 1960 311 2001 12.
345 1959 478 2000 nurui
510 1956 708 2011 Lipsius,
741 1956 819 1999 sed
852 1957 910 1999 cf.
944 1962 1092 2001 annot.
1129 1958 1181 2000 ad
1216 1959 1244 2001 3
1276 1959 1350 2000 33.

325 2099 431 2153 Cap.
456 2100 527 2144 23.
590 2099 735 2141 Asinii
762 2097 903 2143 Galli.-
934 2099 1113 2141 Asinius

239 2159 388 2202 Gallus
421 2160 506 2200 iam
541 2165 642 2200 ante
678 2159 884 2201 Seianum
919 2159 1111 2201 trucida-

236 2225 327 2259 tum
360 2218 588 2273 perculsus
626 2224 719 2259 erat
750 2218 914 2259 Tiberii
948 2218 1002 2260 ad
1034 2231 1110 2260 se-

236 2283 384 2318 natum
405 2278 580 2330 litteris,
615 2276 769 2318 eodem
793 2277 865 2319 die
887 2290 973 2333 quo
996 2277 1110 2332 apud

236 2338 482 2390 principem
524 2337 714 2378 cenavit.
779 2337 818 2378 A
851 2335 1031 2390 Capreis
1064 2337 1108 2377 in

239 2395 390 2436 urbem
423 2401 585 2437 tractus
628 2394 687 2436 ibi
732 2395 932 2437 domibus
964 2397 1109 2452 magi-

236 2460 446 2496 stratuum
480 2454 722 2496 custoditus
770 2460 859 2507 est,
905 2460 952 2495 ut
984 2457 1109 2509 prin-

238 2516 336 2567 cipe
369 2527 536 2565 coram,
582 2513 942 2568 quemadmodum
977 2516 1013 2555 is
1045 2515 1109 2555 si-

236 2572 455 2624 mulabat,
508 2572 715 2612 iudicium
767 2573 948 2613 subiret.
1024 2573 1107 2613 Dio

237 2629 370 2671 LVIII
402 2632 430 2672 3
463 2636 506 2671 et
538 2631 610 2673 23.
688 2630 772 2671 Dio
815 2637 959 2671 tamen
1003 2643 1107 2684 per..

237 2701 386 2742 peram
418 2689 591 2730 tradere
633 2688 830 2741 videtur,
881 2688 1050 2731 Gallum
1083 2703 1108 2730 a

236 2747 431 2802 patribus
474 2748 721 2789 damnatum
762 2761 875 2789 esse.
936 2747 1107 2790 Tacitus

238 2820 290 2848 ea
313 2806 367 2849 de
390 2820 438 2848 re
471 2807 647 2861 scripsit
667 2808 710 2848 in
732 2806 959 2861 deperdita
984 2813 1106 2862 parte

236 2866 375 2920 quinti
407 2866 523 2907 libri.

324 2938 383 2965 an
407 2925 582 2980 sepeliri
602 2926 789 2967 sineret:
824 2924 973 2967 Gallus
993 2924 1105 2979 apud

235 2984 462 3026 consulem
485 2984 614 3025 huius
636 2986 737 3026 anni
765 2997 861 3025 cum
888 2987 1107 3026 extinctus

237 3049 380 3095 esset,
424 3044 461 3084 is
495 3044 735 3097 principem
770 3043 1017 3096 consuluit,
1053 3057 1106 3086 an

234 3102 414 3160 sepeliri
477 3102 731 3143 defunctum
786 3104 875 3144 vita
927 3103 1105 3145 sineret.

235 3161 318 3211 Qui
350 3149 404 3202 ad
437 3161 663 3203 consulem
687 3170 775 3202 ‘non
798 3162 999 3215 privatim
1032 3175 1107 3204 re-

233 3221 433 3274 scripsit,
491 3220 535 3261 id
580 3220 696 3275 quod
738 3221 878 3274 pudor
919 3222 1106 3263 iniuriae

233 3281 403 3329 auctori
454 3280 638 3321 suadere
688 3278 861 3332 debuit,
926 3280 1004 3322 sed
1052 3281 1105 3322 iis

232 3336 390 3379 litteris
423 3351 534 3393 quae
569 3351 712 3380 coram
756 3345 909 3381 senatu
941 3341 1105 3381 recita-

232 3402 410 3449 rentur,
476 3403 606 3451 atque
669 3410 772 3439 usus
830 3399 1104 3452 imperatoris

231 3458 492 3497 auctoritate
529 3462 744 3511 tamquam
767 3457 1030 3499 beneficium
1061 3463 1104 3499 et

230 3516 413 3566 gratiam
446 3513 569 3555 Gallo
592 3515 859 3567 sepulturam
892 3517 1103 3570 permisit.

228 3569 322 3612 Hoc
357 3573 441 3615 sibi
473 3573 568 3614 vult
608 3587 697 3615 non
729 3575 896 3617 erubuit
921 3576 1105 3631 permit-

228 3634 332 3673 tere.
395 3630 503 3675 Nam
537 3645 617 3690 per
663 3646 711 3678 se
746 3633 822 3678 illa
854 3634 1102 3693 permissio,

1199 2101 1409 2157 quidquid
1463 2100 1569 2143 dicit
1622 2099 1895 2155 waltherus,
1957 2101 2068 2146 nihil

1198 2160 1352 2203 habuit
1402 2174 1478 2203 cur
1531 2160 1813 2204 erubesceret
1853 2157 2066 2205 Tiberius.

1198 2218 1325 2263 conf.
1361 2218 1410 2262 0.
1449 2221 1531 2263 13;
1573 2228 1613 2262 et
1639 2235 1720 2277 pro
1750 2222 1957 2263 memoria
1984 2222 2069 2264 mei

1195 2293 1276 2321 nec
1310 2280 1505 2321 consulat
1536 2281 1755 2336 quisquam
1786 2295 1869 2323 nec
1896 2287 2031 2337 roqet.

1259 2366 1397 2408 medio
1415 2367 1601 2409 triennio
1616 2381 1630 2408 .·
1654 2365 1769 2423 quod
1787 2367 2066 2410 interiectum

1194 2426 1308 2467 inter
1338 2431 1519 2468 mortem
1554 2432 1597 2468 et
1629 2423 1886 2469 custodiam.
2007 2432 2067 2468 tot

1195 2483 1487 2527 consularium
1514 2485 1712 2541 parenti:
1764 2483 1879 2527 filins
1913 2484 2008 2527 eius
2040 2498 2066 2542 e

1196 2545 1404 2598 Vipsania
1441 2545 1488 2586 G.
1516 2544 1693 2586 Asinius
1726 2543 1876 2596 Pollio,
1911 2543 2064 2586 consul

1193 2616 1231 2644 a.
1253 2603 1338 2645 776
1351 2602 1504 2659 (Tacit.
1527 2602 1587 2644 lv
1612 2606 1651 2655 1,
1673 2602 1784 2645 Plin.
1799 2601 1972 2645 XXXIII
1991 2602 2063 2660 8);

1193 2660 1371 2702 Asinius
1400 2660 1636 2702 Saloninus
1682 2660 1804 2716 (Tac.
1848 2660 1910 2703 tn
1953 2660 2062 2718 75);

1193 2719 1369 2762 Asinius
1386 2719 1512 2761 Celer
1528 2719 1604 2779 (de
1626 2730 1712 2775 quo
1727 2719 1893 2762 Plinius
1911 2716 1968 2762 IX
1989 2719 2063 2762 31:

1192 2778 1367 2821 Asinius
1386 2778 1512 2821 Celer
1531 2794 1552 2821 e
1577 2779 1874 2822 consularibus
1886 2778 2064 2822 —G'm'o

1187 2839 1386 2895 principe
1424 2851 1556 2880 unum
1586 2838 1814 2895 (mullum)
1846 2845 2062 2881 mercatus

1194 2904 1286 2938 octo
1341 2897 1511 2940 milibus
1565 2902 1826 2956 nummum)‚·
1886 2897 2064 2941 Asinius

1193 2956 1388 3013 Ayrippa
1434 2957 1592 3012 (Tacit.
1637 2956 1698 2998 lv
1740 2958 1849 3014 34),
1909 2956 2062 2999 consul

1194 3028 1231 3057 a.
1268 3015 1379 3069 7783
1420 3017 1597 3058 Asinius
1631 3015 1803 3068 Gallus,
1846 3017 1918 3071 qui
1953 3028 2062 3057 con-

1192 3075 1375 3128 spiravit
1430 3076 1472 3115 in
1522 3073 1750 3116 Claudium
1801 3074 2060 3130 (Suetonius

1195 3132 1346 3175 Claud.
1375 3134 1441 3175 13.
1479 3132 1560 3174 Dio
1594 3132 1664 3174 LX
1697 3133 1794 3190 27).

1277 3220 1535 3262 miserandis
1561 3220 1788 3273 alimentis,
1817 3219 2060 3263 vitandendo

1191 3292 1214 3319 e
1247 3279 1378 3320 cubili
1411 3286 1622 3322 tomento:
1655 3280 1956 3323 huiuscemodi
1988 3279 2059 3323 di-

1192 3337 1402 3393 ligentiae
1433 3341 1658 3393 specimen
1706 3341 1749 3381 in
1782 3339 1934 3382 'Taciti'
1955 3337 2057 3381 stilo

1190 3409 1329 3438 rarum
1353 3403 1396 3438 et
1421 3398 1474 3439 ab
1500 3399 1745 3440 offensione
1767 3399 1840 3440 vix
1872 3397 2056 3439 liberum

1188 3456 1293 3497 mihi
1328 3457 1516 3501 videtur.
1596 3458 1774 3501 Scilicet
1803 3455 2057 3498 miserandis

1190 3516 1403 3558 alimentis
1422 3519 1609 3570 positum
1637 3523 1680 3559 'et
1707 3515 1895 3557 electum
1928 3513 2056 3556 vitle-

1190 3580 1258 3615 tur
1291 3587 1403 3627 esse,
1433 3589 1489 3617 ne
1522 3588 1630 3631 opus
1662 3575 1777 3617 foret
1808 3583 1919 3615 voce
1952 3571 2055 3615 vul-

1189 3634 1283 3692 gari
1309 3640 1353 3677 et
1373 3632 1542 3691 humili,
1564 3633 1705 3693 qualis
1725 3637 1791 3676 est
1812 3638 2053 3691 cernentum,

1849 1504 1984 1567 Quin
2020 1506 2158 1557 et24
