2280 4004
124 1151 191 1201 14

205 267 416 315 ac.23.

778 268 943 315 LIBER
973 269 1049 314 lv.
1108 268 1221 313 Gar.

1580 64 1770 122 mag..
1787 54 1874 121 [A.
1935 70 1986 114 ...s
2026 69 2073 110 a:

1626 116 1804 183 έΛςζΑέ
1853 124 1864 139 ‘
1943 116 1955 143 ¹

1259 271 1445 314 12-14.
1946 270 2036 314 24⁶7

205 417 447 483 iuvisset,
505 416 814 482 absolvitur,
894 417 1220 483 eiusdemque
1271 415 1495 467 criminis
1546 414 1700 468 Gaius
1755 413 2032 467 Gracchus,

206 509 350 562 Hunc
389 510 623 561 comitem
662 509 798 560 exilii
841 508 1110 560 admodum
1159 507 1401 559 infantem
1440 512 1583 574 pater
1617 507 1944 573 Sempronius
1982 507 2035 557 in

207 601 418 652 insulam
447 601 711 652 Cercinam
744 601 940 652 tulerat.

1015 599 1122 650 lllic
1153 599 1349 651 adultus
1384 599 1516 650 inter
1558 602 1789 650 extorres
1821 602 1871 650 et
1902 597 2035 651 libe-

206 690 384 742 ralium
423 691 600 743 artium
635 692 857 756 nesciOS,
899 705 1018 743 mox
1053 706 1147 757 per
1175 690 1405 743 Africam
1442 706 1503 741 ac
1532 690 1754 742 Siciliam
1794 690 2032 740 mutando

206 781 442 832 sordidas
490 796 686 832 merces
734 782 1110 833 sustentabatur
1124 799 1138 844 3

207 866 440 924 fortunae
476 872 717 938 pericula.

1197 796 1362 847 neque
1399 785 1566 832 tamen
1602 780 1781 848 effugit
1819 795 2074 848 magnaei.

810 873 888 924 Ac
934 873 986 924 ni
1022 871 1198 924 Aelius
1239 872 1409 925 Lamia
1456 878 1505 923 et
1537 873 1720 924 Lucius
1757 872 2032 938 AproniUS,

207 964 289 1030 qui
327 963 555 1015 Africam
595 963 943 1028 obtinuerant,
1002 964 1254 1016 insontem
1299 964 1670 1030 protexissent,
1734 963 2035 1015 claritudine

206 1055 411 1118 infausti
447 1055 655 1122 generis
690 1061 738 1106 et
773 1055 998 1121 paternis
1037 1056 1268 1106 adversis
1306 1055 1440 1106 foret
1477 1055 1777 1106 abstractus.

149 1385 154 1389 ,
205 1330 488 1381 firmaretur
522 1330 822 1395 petentibus

346 1146 392 1198 Is
430 1160 629 1212 quoque
667 1161 827 1196 annus
865 1146 1151 1214 legationes
1190 1145 1498 1197 Graecarum
1535 1145 1809 1196 civitatium
1845 1145 2033 1210 habuit,

206 1237 388 1292 Samiis
427 1238 651 1302 Iunonie,
694 1238 812 1289 Cois
838 1237 1132 1303 Aesculapii
1170 1236 1382 1288 delubro
1420 1241 1669 1287 vetustum
1707 1236 1835 1303 asyli
1870 1236 1947 1287 ius
1984 1241 2094 1287 utto

898 1329 1052 1382 Samii
1092 1329 1300 1380 decreto
1341 1328 1764 1395 Amphictyonum
1802 1328 2038 1380 niteban-

207 1425 301 1485 tur,
334 1422 444 1486 quis
481 1421 804 1487 praecipuum
838 1420 929 1471 suit
964 1435 1132 1472 rerum
1162 1420 1384 1470 omnium
1415 1419 1671 1483 iudicium,
1710 1434 1806 1486 qua
1843 1424 2039 1486 tempe-

208 1515 337 1562 state
362 1511 546 1563 Graeci
578 1512 796 1563 conditis
835 1527 926 1578 per
951 1512 1126 1563 Asiam
1155 1511 1364 1562 urbibus
1405 1526 1493 1562 ora
1517 1511 1669 1562 maris
1698 1511 2034 1577 potiebantur.

334 1665 370 1704 1.
408 1663 455 1705 C.
490 1662 542 1704 M.

212 1723 252 1766 7.
288 1722 540 1765 claritudini
569 1722 624 1764 M.

207 1781 462 1826 Beroaldus.

211 1986 573 2038 cortdemnaverit,
600 1985 697 2026 inve
712 1984 887 2039 publica
904 1985 1078 2028 vincula

210 2048 308 2088 duci
337 2045 520 2087 iusserit.
587 2044 718 2085 Cuius
764 2045 831 2084 rei
856 2057 1000 2099 poena
1032 2045 1078 2085 in

209 2105 454 2147 huntiliores
501 2103 676 2158 capitis,
726 2102 773 2142 in
816 2103 1079 2144 honestiores

180 2145 190 2244 J
209 2163 377 2206 insulae
395 2162 688 2230 deportatione
712 2167 948 2204 coercetur.
1002 2162 1077 2203 His

180 2226 307 2265 cnm
328 2223 438 2264 locis
465 2222 500 2263 si
523 2220 807 2263 conferuntur
829 2233 940 2276 quae
965 2221 1079 2263 infra

212 2297 249 2326 e.
289 2283 348 2331 30
389 2282 443 2323 de
481 2281 661 2336 Amoigi
707 2281 920 2334 temperie
964 2279 1078 2321 haud

210 2341 363 2384 immiti
394 2340 658 2391 referuntur,
692 2341 856 2383 Sereno
891 2351 1077 2394 poenam

209 2399 340 2457 paulo
388 2398 562 2455 quidem
609 2401 890 2455 graviorem,
948 2412 1075 2454 quam

206 2458 370 2502 'riberii
402 2458 671 2512 temporibus
702 2459 776 2501 lex
799 2458 1077 2513 praescribe-

209 2519 297 2572 bat,
325 2520 560 2574 irrogatam
582 2518 720 2561 fuisse
737 2523 872 2573 patet,
893 2516 972 2562 sed
989 2529 1076 2558 non

211 2577 319 2620 adeo
353 2580 561 2620 intentam
579 2609 591 2630 ,
625 2582 672 2618 ut
701 2577 803 2619 inde
833 2583 1075 2631 temporum

212 2638 416 2679 atrocitas
435 2638 616 2693 agnosci
640 2643 803 2691 posset.
837 2637 926 2678 lam
943 2636 1078 2678 verba

212 2696 262 2738 ob
301 2696 570 2747 atrocitatem
610 2709 774 2738 morum
815 2702 858 2737 et
898 2700 1077 2752 propter

212 2756 357 2798 locum
395 2767 523 2811 quem
555 2755 754 2797 obtinent
786 2760 829 2797 et
851 2756 989 2809 ipsam
1014 2756 1076 2796 rei

212 2820 421 2866 naturam,
455 2826 555 2855 reus
589 2816 703 2856 enim
735 2826 823 2856 non
855 2814 911 2855 ob
940 2828 1078 2855 mores

171 1928 299 2086 {rive
330 1927 516 1978 iusserit,
549 1925 736 1976 torserit,
769 1925 1075 1978 verberaverit,

214 2873 291 2914 sed
332 2872 387 2913 ob
427 2875 550 2927 facta
593 2873 843 2924 damnatur,
889 2885 976 2913 non
1025 2872 1078 2913 ad

214 2930 532 2983 antecedentia,
566 2937 612 2971 ut
644 2931 745 2973 olim
765 2964 776 2984 ,
809 2930 888 2973 sed
918 2930 972 2972 ad
1002 2944 1078 2973 se-

215 2990 392 3046 quentia
430 2991 494 3047 (in
525 2989 710 3031 insulam
739 2990 971 3046 Amorgum
1002 2990 1078 3031 de-

210 3049 426 3105 portatur)
457 3049 688 3091 referenda
719 3056 844 3102 sunt,
887 3055 931 3091 et
963 3049 1077 3092 idem

214 3108 309 3151 fere
339 3107 588 3164 significant
618 3114 749 3165 atque
781 3109 836 3151 ob
868 3109 1078 3151 atrocita-

218 3172 301 3207 tem
340 3178 532 3219 morum,
573 3181 684 3223 quae
726 3169 895 3210 facinus
938 3168 991 3209 ab
1025 3182 1077 3209 eo

218 3226 491 3265 commissum
511 3226 776 3268 intendebat.
819 3227 990 3268 Poenae
1010 3226 1078 3268 le-

216 3283 396 3337 gitimae
435 3289 574 3325 certas
617 3283 671 3325 ob
722 3297 873 3326 causas
922 3290 1078 3326 auctae

217 3339 418 3394 exempla
463 3340 670 3382 habemus
701 3341 757 3384 111
790 3343 871 3393 38,
913 3342 973 3384 lV
1004 3346 1075 3385 42.

215 3398 267 3442 ΙΙ.
300 3399 357 3440 tv
389 3399 461 3442 45.
526 3399 699 3441 Codicis
732 3402 884 3442 vitium
918 3408 1079 3456 tempo-

214 3472 308 3500 rum
341 3470 395 3499 ex
420 3458 571 3499 ultima
603 3457 774 3512 syllaba
805 3460 927 3500 vocis
952 3465 1079 3501 ante..

217 3515 411 3559 cedentis
445 3519 714 3559 atrocitatem
748 3530 972 3572 perpeiam
1006 3531 1079 3559 re-

216 3576 354 3632 petita
383 3578 599 3633 uliginem
632 3576 767 3623 duxit.
830 3576 923 3620 Non
968 3575 1079 3620 bene

218 3631 271 3678 ad
301 3639 473 3680 veteres
507 3635 657 3691 sordes
697 3634 827 3680 rediit
873 3634 1077 3686 Orellius

531 1783 596 1824 12.
632 1794 684 1822 ea
716 1795 800 1836 qna
831 1788 1074 1837 tempestate
1113 1782 1164 1824 M.

644 1663 684 1705 5.
719 1676 854 1717 neque
884 1662 954 1714 M,
995 1674 1083 1704 non
1114 1662 1314 1705 Rhenani
1346 1676 1440 1703 nec.
1505 1662 1546 1705 6.
1581 1662 1746 1704 lamina
1778 1662 1830 1704 M.
1895 1662 1946 1705 L.
1980 1663 2035 1706 Μ.

749 1723 817 1765 10.
853 1723 940 1763 cois
984 1735 1079 1763 cum
1112 1722 1189 1763 lin.
1234 1722 1288 1764 Μ.

1410 1727 1592 1763 vetustus
1625 1728 1710 1764 tum
1739 1722 1804 1764 M:
1849 1723 2038 1765 correxit

1235 1783 1300 1824 13.
1336 1781 1529 1822 conditus
1550 1780 1605 1822 M.

1246 1932 1375 1982 pater
1410 1925 1712 1981 Sempronius:
1749 1939 1790 1967 V.
1825 1924 1842 1966 I
1874 1926 1944 1970 53.

1252 1985 1640 2040 foretabstractus:
1666 1983 1696 2025 T
1700 1984 1908 2028 heodisce
1926 1997 2036 2028 con-

1165 2050 1288 2085 verte
1330 2058 1375 2084 so
1419 2049 1536 2085 ware
1577 2058 1624 2084 er
1666 2058 1758 2089 zum
1801 2043 1921 2086 Falle
1956 2060 2035 2100 qe-

1164 2104 1370 2145 kommen.
1442 2102 1624 2144 Locutio
1660 2103 1868 2145 translata
1914 2111 1980 2146 est
2012 2119 2037 2146 a

1163 2167 1447 2216 tempestate,
1491 2175 1604 2217 quae
1650 2168 1896 2217 correptum
1930 2177 1955 2204 a
1986 2177 2035 2206 se

1164 2221 1390 2274 abstrahit,
1421 2223 1535 2264 iuste
1559 2227 1803 2275 protectum
1834 2229 2035 2265 evertere

1163 2282 1331 2336 nequit.

1273 2338 1379 2394 Cap.
1430 2341 1498 2382 14,
1574 2342 1612 2381 ts
1659 2354 1819 2396 quoque
1869 2355 2047 2395 annus-3

1165 2398 1221 2439 cf.
1256 2399 1312 2440 Ill
1347 2399 1419 2442 62.
1522 2412 1606 2454 qua
1636 2407 1902 2456 tempestate.-
1936 2414 2033 2443 cum

1163 2459 1207 2498 in
1245 2458 1281 2500 M
1331 2471 1383 2499 ea
1427 2472 1510 2513 qua
1543 2467 1785 2515 tempestate
1823 2461 2033 2515 scriptum

1166 2523 1428 2572 compareat,
1453 2518 1677 2573 quaeritur
1703 2525 1844 2562 utrum
1870 2534 1923 2562 ea
1946 2533 2033 2561 vox

1164 2582 1381 2632 tamquam
1424 2589 1503 2631 per
1543 2577 1880 2634 dittographiam
1932 2585 2035 2621 nata

1165 2635 1352 2677 delenda
1401 2638 1458 2678 sit
1509 2650 1561 2678 an
1604 2637 1882 2680 scribendum
1937 2652 2033 2680 cum

1163 2689 1374 2737 Rhenano
1410 2710 1463 2737 ea
1495 2703 1737 2752 tempestate
1780 2711 1877 2752 qua.
1940 2698 2033 2739 Hoc

1163 2753 1348 2796 alterum
1383 2768 1478 2796 cum
1498 2756 1782 2798 Doederlinio
1805 2763 1847 2798 et
1865 2756 2031 2798 Orellio

1165 2813 1367 2867 equidem
1399 2827 1485 2855 non
1520 2815 1811 2869 probaverim,
1846 2817 1918 2871 qui
1950 2815 2032 2857 Ta-

1166 2873 1297 2913 citum
1331 2884 1416 2914 uno
1447 2875 1704 2928 pronomine
1727 2875 1819 2916 fere
1848 2879 2034 2916 conten-

1165 2935 1253 2972 tum
1287 2944 1383 2973 esse
1414 2934 1563 2976 sciam.
1625 2933 1662 2975 11
1693 2933 1773 2978 60:
1808 2934 2035 2976 condidere

1164 2992 1210 3033 iel
1243 2993 1466 3046 Spartani,
1488 3018 1544 3025 --
1566 3006 1649 3047 qua
1682 3000 1923 3050 tempestate
1948 2999 2032 3034 cet.

1163 3050 1218 3092 Ill
1254 3051 1338 3094 38:
1389 3065 1473 3107 qua
1518 3059 1760 3107 tempestate
1794 3078 1849 3084 --
1883 3051 2035 3094 bellum

1165 3111 1366 3154 adversas
1385 3126 1462 3152 nos
1490 3111 1695 3152 volverat.
1751 3110 1807 3151 Vl
1827 3112 1916 3153 34:
1951 3124 2035 3163 qua

1165 3177 1407 3224 tempestate
1429 3170 1594 3211 Iaso—
1618 3168 1799 3209 Colchos
1822 3169 2029 3223 repetivit.

1166 3228 1315 3268 Simile
1350 3234 1415 3268 est
1441 3227 1477 3268 ΙΙ
1496 3227 1577 3269 63·
1606 3227 1689 3280 fide
1723 3240 1806 3280 qua
1835 3228 2031 3278 venisset,

1164 3286 1244 3328 67:
1293 3286 1481 3340 evemplo
1524 3298 1601 3339 qno
1641 3286 1840 3326 maiores.
1906 3284 1942 3325 ll
1976 3285 2032 3328 78

1166 3344 1352 3398 legimus
1399 3343 1573 3398 quidem
1633 3343 1780 3384 eadem
1816 3342 1898 3397 ficte
1949 3356 2033 3397 qua

1167 3404 1251 3456 (ita
1293 3403 1421 3442 etiam
1463 3401 1521 3443 lv
1563 3403 1590 3444 9
1645 3401 1790 3443 eadem
1835 3414 1942 3456 quae
1985 3403 2033 3443 in

1168 3461 1515 3530 Germanicum),
1558 3473 1644 3503 non
1690 3467 1833 3502 tamen
1868 3475 1919 3502 ea
1948 3461 2033 3514 fide

1167 3533 1262 3574 qua,
1285 3519 1398 3574 quod
1429 3521 1607 3561 nimium
1639 3519 1755 3562 exile
1777 3533 1879 3573 piae
1898 3519 2032 3562 sacili

1166 3579 1395 3636 gravitate.
1459 3578 1620 3623 Rursus
1658 3583 1667 3621 l
1703 3580 1746 3629 3,
1782 3577 1856 3622 xn
1894 3581 1944 3622 11
1979 3593 2032 3622 ea

1165 3643 1428 3701 tempestate,
1473 3636 1550 3682 sed
1582 3637 1703 3685 nullo
1736 3636 2030 3696 subsequente

1786 176 1799 203 ⁴·
1820 157 1926 178 emal*
1947 162 2031 186 “0‘-
2055 167 2131 190 5¹:26³

2134 149 2161 203 [f
