2280 4004
213 267 238 299 a
270 254 318 300 c.
351 256 423 302 23.
807 239 971 299 L1BER
999 251 1075 300 1v.
1137 252 1243 300 cn.
1279 253 1409 300 5-7.
1940 254 2031 299 241

144 428 154 468 t
211 410 308 462 que
347 395 509 446 isdem
544 395 764 463 negotiis
803 395 1203 448 insenescerent.
1257 393 1433 447 Plebes
1471 392 1577 447 acri
1607 394 2032 462 quidem-annona

210 486 542 554 fatigabatur,
591 487 682 539 sed
717 487 850 538 nulla
889 487 939 537 in
975 502 1037 538 eo
1075 486 1217 552 culpa
1259 503 1323 537 ex
1344 487 1602 554 principe:
1643 487 1762 554 quin
1797 488 2035 540 infecun-

144 645 145 651 ,
211 577 351 629 ditati
377 582 625 629 terrarum
653 584 738 629 aut
766 579 962 644 asperis
987 578 1141 629 maris
1167 578 1367 629 obviam
1400 579 1472 644 iit,
1512 584 1747 645 quantum
1774 580 2030 647 impendio

140 702 151 740 3
211 669 572 737 diligentiaque
609 675 824 735 poterat.
897 670 958 720 Et
1004 685 1068 721 ne
1106 669 1403 735 provinciae
1454 671 1602 722 novis
1642 671 1882 723 oneribus
1922 676 2033 723 tur-

208 760 466 825 barentur,
500 765 653 826 utque
691 765 864 811 vetera
903 760 1014 812 sine
1054 760 1262 811 avaritia
1301 766 1385 812 aut
1423 761 1720 814 crudelitate
1754 763 2069 830 magistra-⁵

146 900 147 903 ,
207 856 352 903 ῑιιιιηι·
380 851 672 915 tolerarent,
709 851 1026 917 providebat.
1100 852 1379 917 Corporum
1410 852 1641 918 verbera,
1682 853 2030 920 ademptiones

144 942 454 1004 ³7bonorum
506 942 731 993 aberant.
805 942 924 994 Rari
971 957 1064 1008 per
1102 941 1291 992 ltaliam
1330 942 1566 994 Caesaris
1603 945 1746 1010 agri,
1802 944 2034 996 modesta

206 1032 429 1097 servitia,
474 1032 603 1083 intra
640 1046 831 1098 paucos
870 1031 1081 1083 libertos
1120 1031 1297 1083 domus
1311 1050 1325 1096 3
1363 1049 1422 1083 ac
1464 1034 1506 1083 si
1543 1033 1744 1099 quando
1782 1050 1896 1097 cum
1926 1034 2036 1100 pri-

134 1107 143 1195 }
203 1123 334 1175 vatis
370 1123 690 1189 disceptaret,
737 1122 900 1174 forum
942 1127 990 1173 et
1028 1122 1122 1174 ius.

343 1214 484 1276 Quae
519 1219 715 1279 cuncta,
750 1229 853 1264 non
894 1213 1095 1280 quidem
1134 1215 1266 1266 comi
1302 1214 1410 1278 ij..
1422 1215 1514 1266 sed
1551 1215 1789 1267 horridus
1827 1231 1887 1267 ac
1922 1216 2098 1282 ple—¹0

204 1321 414 1372 rumque
451 1306 768 1370 formidatuS,
808 1305 1060 1357 retinebat
1096 1311 1280 1370 tamen,
1327 1306 1493 1358 donec
1526 1311 1688 1359 morte
1725 1307 1877 1358 Drusi
1912 1324 2036 1359 ver-
2090 1347 2102 1386 7

206 1401 456 1448 terenlur:
493 1413 608 1448 nam
647 1397 762 1448 dum
791 1397 1052 1464 superfuit,
1077 1412 1329 1462 mansere,
1364 1398 1478 1464 quia
1509 1399 1721 1451 Seianus
1760 1399 2035 1465 incipiente
2085 1388 2092 1431 ἶ

209 1487 373 1538 adhuc
425 1489 650 1554 potentia
699 1488 847 1540 bonis
904 1489 1134 1540 consiliis
1184 1493 1456 1540 notescere
1511 1489 1737 1553 volebat,
1796 1495 1845 1541 et
1900 1490 2035 1565 ultor
2075 1551 2079 1562 ‚
2121 1484 2252 1562 firm„

209 1578 524 1630 metuebatur
559 1594 662 1630 non
705 1579 932 1630 occultus
975 1579 1110 1644 odii,
1173 1579 1264 1630 sed
1305 1579 1487 1631 crebro
1537 1595 1756 1646 querens
1792 1563 2033 1631 incolumi

204 1669 306 1720 filio
344 1670 624 1722 adiutorem
670 1670 866 1736 imperii
915 1670 1065 1721 alium
1122 1671 1315 1722 vocari.
1390 1671 1451 1722 Et
1493 1677 1727 1736 quantum
1763 1658 2101 1751 superesset}b

202 1765 256 1811 ut
291 1759 489 1828 collega
528 1761 769 1812 dicatur?
800 1762 993 1812 Primas
1033 1761 1326 1812 dominandi
1360 1776 1478 1828 spes
1515 1762 1568 1812 in
1605 1763 1800 1813 arduo:
1838 1763 1924 1814 ubi
1961 1764 2033 1815 sis

204 1852 496 1920 ingressus,
555 1853 738 1904 adesse
783 1852 949 1904 studia
999 1858 1048 1904 et
1085 1853 1361 1904 ministros.
1434 1854 1675 1905 Extructa
1715 1855 1815 1906 iam
1855 1860 2035 1922 sponte

203 1943 450 2010 praefecti
489 1949 684 2009 castra,
723 1944 871 1996 datos
909 1944 961 1995 in
997 1958 1196 1996 manum
1234 1944 1418 1996 milites
1432 1962 1446 2007 3
1485 1945 1627 1996 cerni
1666 1945 1885 2013 effigiem
1926 1947 2035 1998 eius

326 2077 363 2117 1.
393 2075 528 2131 plebis
560 2076 659 2131 ayri
690 2076 756 2119 M:
788 2076 930 2133 plebes
959 2075 1223 2130 Beroaldus,
1257 2078 1355 2119 acri
1385 2076 1635 2121 Rhenanus.
1715 2081 1782 2122 14.
1818 2079 1930 2132 odii,
1963 2079 2038 2122 secl

206 2148 260 2176 ex
291 2136 542 2236 ειιειῧοίοηε
575 2135 850 2178 Doederlinii
883 2142 1136 2192 receptum:
1187 2139 1223 2180 M
1259 2138 1366 2179 odiis
1398 2145 1460 2192 et,
1496 2137 1667 2193 Lipsius
1701 2139 1809 2192 odii,
1844 2147 1896 2181 et.
1966 2141 2033 2182 17.

207 2200 338 2236 exstr.
417 2207 449 2236 r.

203 2330 290 2371 sint
320 2330 374 2371 ad
404 2327 422 2371 1
448 2331 496 2372 11
533 2329 694 2372 dictum
728 2336 794 2372 est
829 2336 872 2372 et
903 2331 1075 2373 iutelli-

203 2389 319 2444 gitur
366 2403 420 2431 ex
460 2389 556 2431 xnl
602 2390 672 2433 50.
738 2391 894 2432 Cetera
932 2390 1075 2448 publi-

203 2461 348 2490 corum
387 2451 602 2504 fructuum
633 2454 733 2490 sunt
773 2450 956 2502 tributa,
990 2463 1075 2491 nu-

202 2507 404 2549 meranda
436 2521 462 2549 a
493 2508 729 2562 provinciis
762 2509 1074 2563 stipendiariis,

202 2567 246 2607 in
277 2566 434 2622 quibus
468 2567 606 2609 Gallia
638 2573 682 2609 et
715 2567 936 2623 Hispania.

293 2640 365 2668 res
415 2640 514 2668 suas
557 2626 722 2668 Caesar
769 2628 1074 2684 spectatissimo

202 2686 378 2740 cm'que:
409 2685 628 2742 significat
648 2688 833 2741 scriptor
863 2699 1074 2741 procura-

202 2748 318 2785 tores
351 2743 574 2796 Caesaris,
623 2751 708 2787 tam
749 2747 794 2787 in
834 2747 1074 2800 provinciis

204 2803 587 2856 proconsularibus
620 2817 747 2858 quam
770 2806 812 2845 in
846 2804 1074 2846 Caesareis

204 2874 316 2916 quae
359 2861 412 2902 ad
454 2863 603 2903 liscum
635 2863 905 2915 pertinerent
934 2863 1073 2904 adini-

204 2921 452 2960 nistrantes.
488 2920 583 2962 vid.
605 2920 665 2962 lv
693 2922 760 2973 15,
786 2921 858 2962 ubi
878 2921 1075 2963 Tiberius

205 2984 428 3020 asseverat
475 2992 572 3020 sese
622 2981 891 3033 procuratori
941 2980 1073 3022 Asiae

206 3035 373 3079 Lucilio
410 3036 609 3091 Capitoni
654 3038 720 3080 ius
772 3053 859 3080 non
899 3039 984 3082 nisi
1027 3040 1074 3080 in

205 3097 380 3138 servicia
411 3103 449 3137 et
477 3097 682 3152 pecunias
725 3097 965 3153 familiares
998 3098 1074 3140 de-

207 3154 330 3197 disse.
393 3155 491 3197 Mali
524 3158 742 3211 principes
776 3171 800 3199 e
832 3157 1000 3200 libertis
1033 3163 1076 3198 et

207 3214 405 3266 pessimis
472 3215 715 3270 quibusque
774 3222 1077 3270 procuratores

207 3283 308 3313 suos
353 3271 575 3327 legebant.
636 3273 852 3316 Tiberium
906 3276 949 3315 in
997 3274 1078 3315 hac

207 3343 254 3371 re
287 3330 479 3372 laudavit
511 3333 640 3373 etiam
671 3331 795 3373 Philo
826 3333 977 3389 Legat.
1024 3331 1077 3373 ad

209 3389 358 3431 Gaium
394 3391 435 3431 2.
545 3390 874 3445 tenebantui-que
905 3405 1081 3447 prorsus

209 3450 300 3490 sine
333 3448 481 3489 modo:
529 3449 584 3490 cf.
619 3448 635 3490 1
667 3447 741 3491 80.

298 3507 402 3562 Cap.
437 3509 477 3550 7.
540 3508 729 3549 modesta
758 3507 962 3549 servitia:
1006 3507 1078 3547 in-

211 3565 365 3622 tellige
415 3568 594 3609 servitia
642 3567 684 3608 in
736 3566 946 3621 principis
1001 3577 1079 3620 per

211 3623 376 3670 ltaliam
401 3627 517 3683 agris
547 3625 743 3672 colendis
768 3638 815 3669 se
841 3625 1076 3671 continen-

311 3720 462 3761 Tacitus
486 3723 514 3761 1.

1162 2332 1247 2383 tia,
1284 2344 1371 2372 non
1404 2331 1587 2374 molesta
1620 2333 1813 2387 civibus,
1847 2344 1934 2376 non
1963 2336 2035 2376 in..

1159 2390 1350 2433 solentia
1381 2390 1590 2434 adversus
1621 2394 1807 2436 vicinos,
1855 2420 1858 2423 -

1263 2457 1465 2504 quantum
1511 2465 1728 2507 superesse
1777 2460 1824 2494 ut
1871 2451 2038 2509 collega

1160 2509 1332 2550 dicatur
1346 2523 1360 2550 .·
1393 2510 1598 2566 intellige
1630 2511 1838 2567 colleqam
1851 2514 2036 2568 imperii.

1161 2567 1333 2610 Socium
1364 2567 1558 2610 laborum
1588 2571 1683 2624 ipse
1715 2572 1920 2626 princeps
1952 2573 2037 2614 iam

1161 2626 1234 2668 diu
1253 2627 1455 2669 Seianum
1482 2629 1809 2683 appellaverat3
1842 2645 1884 2673 v.
1914 2631 1974 2673 iv
1991 2633 2035 2675 2.

1159 2685 1241 2726 Dio
1297 2686 1434 2728 Lvtll
1489 2689 1531 2729 4.
1668 2689 1716 2730 in
1766 2691 2036 2731 monimentis

1161 2745 1301 2787 Gnaei
1331 2745 1523 2802 Pompei:
1562 2747 1619 2790 cs.
1654 2748 1706 2789 ad
1738 2748 1795 2789 111
1825 2750 1896 2792 23.
1950 2749 2034 2790 Dio

1159 2802 1271 2844 LVII
1302 2806 1374 2850 21.
1468 2819 1707 2848 communes
1737 2807 1806 2848 itti
1835 2821 1930 2849 cum
1958 2811 2035 2863 fa-

1157 2862 1279 2903 milia
1297 2863 1536 2906 Drusorum
1565 2867 1662 2920 sore
1682 2873 1867 2923 nepotes.
1917 2866 2035 2908 Dru-

1158 2934 1231 2962 sus
1265 2920 1374 2963 haec
1405 2929 1584 2978 questus
1618 2931 1684 2966 est
1714 2938 1802 2966 non
1829 2938 1881 2968 eo
1904 2939 2034 2978 anno,

1160 2982 1283 3022 cuius
1316 2994 1385 3023 res
1417 2988 1562 3038 gestas
1586 2985 1670 3026 iam
1692 2984 1864 3026 Tacitus
1890 2986 2035 3037 tradit,

1160 3039 1236 3080 sed
1266 3039 1445 3081 hiennio
1479 3048 1579 3083 ante
1623 3044 1726 3098 (sub
1772 3044 1900 3086 linem
1934 3046 2038 3085 anni

1160 3111 1186 3138 a
1218 3097 1317 3140 Chr.
1356 3100 1460 3155 20),
1510 3114 1606 3141 cum
1655 3102 1819 3142 Drusus
1863 3102 2037 3143 Claudii

1161 3155 1276 3197 lilius
1320 3157 1466 3198 Seiani
1514 3158 1630 3200 filiae
1663 3159 2036 3213 desponderetur:

1163 3227 1205 3255 v.
1238 3214 1292 3255 111
1325 3215 1397 3257 29.
1431 3216 1611 3258 Sueton.
1649 3217 1800 3258 Claud.
1835 3219 1905 3261 27.
1950 3218 2037 3260 Sed

1163 3272 1328 3313 Drusus
1349 3272 1425 3314 ille
1445 3276 1594 3327 paucis
1619 3275 1772 3316 diebus
1791 3275 2032 3329 postl'om-

1165 3332 1277 3384 peiis
1302 3332 1520 3373 extinctus
1553 3338 1633 3384 est,
1668 3340 1713 3373 ut
1746 3339 1890 3376 narrat
1922 3335 2034 3377 Sue-

1164 3390 1326 3431 tonius.
1375 3390 1584 3432 Videmus
1625 3393 1759 3448 igitur
1799 3399 1978 3448 questus
2009 3407 2037 3435 a

1163 3447 1304 3488 Druso
1337 3446 1498 3491 Tiberii
1533 3450 1624 3491 lilio
1658 3452 1701 3492 in
1728 3452 1931 3494 Seianum
1965 3452 2034 3493 di-

1163 3508 1305 3547 versis
1338 3509 1607 3562 temporibus
1640 3510 1778 3553 iactos
1822 3525 1847 3552 a
1887 3510 2034 3553 'l'acito

1164 3566 1390 3623 coniungi.
1453 3567 1556 3611 Sine
1615 3582 1746 3613 causa
1798 3570 2037 3615 haeserunt

1162 3623 1334 3681 Lipsius
1367 3632 1411 3670 et
1443 3625 1648 3672 OrelliuS.

1638 3709 1708 3783 '16
