2222 4022
176 255 288 301 XLII
954 259 1223 305 PROOEMII

176 422 223 457 a.
268 406 400 457 1515
441 420 553 457 cum
594 407 776 459 ceteris
814 405 971 458 Taciti
1010 407 1151 459 libris
1189 409 1379 460 Romae
1416 404 1592 470 edidit,
1625 405 1879 472 Philippus
1899 406 2003 460 Bes-

175 496 381 548 roaldus
424 497 608 562 iunior,
649 498 700 547 in
738 498 949 563 epistola
989 512 1079 549 sua
1119 498 1182 549 ad
1220 499 1442 549 Leonem
1481 498 1543 562 X,
1581 497 1633 547 in
1669 496 1843 549 limine
1881 497 2007 549 editi

178 587 508 654 exemplariS,
569 588 696 640 haec
731 586 994 652 professus
1025 591 1129 638 est:
1183 602 1274 652 a9e
1310 600 1433 636 vero
1483 590 1673 651 quanta
1709 584 1805 635 hoc
1839 584 2006 650 ipsmn

176 677 325 730 laude
365 680 564 746 diynum
596 684 670 729 est
687 678 713 727 Ρ
760 677 896 743 quod
924 678 1288 747 propemodum
1322 676 1596 742 praeconis
1625 691 1750 728 voce
1784 676 2007 743 inyentia

169 770 407 834 praemia
442 768 823 837 indayatoribus
860 752 1104 820 librorum
1150 768 1495 835 proposuisti,
1552 769 1624 831 si,
1679 781 1807 833 quos
1846 767 2005 819 libros

174 860 398 909 vetustas
439 858 583 909 nobis
624 858 829 922 inuidit,
884 859 1116 910 alicunde
1152 876 1179 910 e
1216 858 1436 910 latibulis
1483 858 1786 912 eduoeissent.
1859 857 2005 921 Quae

174 949 376 999 venatio
415 949 635 1000 Cornelii
676 948 834 1000 Taciti
867 950 959 1000 hos
997 951 1193 1015 primos
1228 951 1443 1016 quinque
1481 949 1638 1001 libros
1675 955 1777 1014 (tot
1814 950 1867 1000 in
1908 962 2004 1001 co-

174 1039 288 1092 dice
346 1045 698 1106 numerantur)
754 1040 838 1105 qui
879 1055 978 1105 per
1026 1042 1223 1107 lonyum
1270 1042 1554 1092 seculorum
1595 1040 1833 1092 ambitum
1867 1041 2005 1091 lame-

171 1136 345 1196 erant,
399 1131 452 1181 in
484 1131 698 1183 saltibus
737 1133 1038 1184 Germaniae
1086 1134 1288 1184 inuenit.
1367 1132 1530 1195 Quam
1565 1138 1618 1183 tu
1650 1133 1900 1198 praedam
1936 1132 2007 1183 ad

171 1227 216 1272 te
253 1223 462 1274 allatam
498 1238 561 1275 ac
596 1239 779 1291 maqna
814 1225 1042 1276 mercede
1079 1230 1453 1290 comparatam,
1506 1239 1608 1275 non
1658 1225 1796 1275 velut
1828 1220 2004 1289 aliqua

171 1311 416 1364 librorum
474 1316 739 1379 sepultura
804 1331 988 1366 rursus
1053 1316 1346 1380 occultasti,
1397 1314 1488 1365 sed
1545 1320 1785 1380 tanquam
1848 1324 2004 1366 verus

169 1405 386 1456 omnium
405 1411 557 1471 pater
582 1406 784 1457 utilitati
804 1406 1020 1457 omnium
1048 1407 1323 1458 consultum
1341 1421 1452 1456 esse
1471 1406 1688 1461 voluisti.
1733 1407 1792 1459 Si
1810 1407 2006 1472 quidem

168 1496 254 1548 ubi
294 1502 346 1546 tu
385 1501 513 1546 totos
551 1511 746 1547 summa
782 1513 893 1548 cum
934 1499 1192 1563 voluptate
1229 1498 1524 1564 coynouisti,
1568 1530 1628 1538 --
1656 1530 1719 1540 --
1761 1512 1849 1549 eos
1881 1497 2002 1549 mila

167 1592 223 1638 ut
254 1587 323 1638 ad
361 1601 664 1638 communem
699 1588 1040 1639 studiosorum
1083 1589 1344 1641 utilitatem
1375 1588 1690 1654 publicarem
1726 1584 1995 1640 tradidisti.

312 1678 484 1744 Vides,
529 1679 718 1744 lector,
758 1696 783 1731 a
825 1680 1078 1732 Beroaldo
1116 1696 1281 1747 neque
1319 1682 1484 1732 locum
1529 1681 1832 1732 Germaniae
1866 1682 2003 1734 unde

173 1771 464 1837 deportatus
499 1772 563 1823 sit
593 1772 774 1838 codex,
815 1788 980 1839 neque
1019 1789 1130 1824 eum
1173 1772 1256 1839 qui
1282 1772 1502 1824 attulerit
1528 1774 1836 1824 nominatum
1865 1782 1998 1839 esse,

167 1861 319 1927 idque
357 1876 461 1913 non
501 1863 847 1929 imprudenter
884 1864 1002 1915 ideo
1042 1864 1228 1915 factum
1264 1879 1379 1916 esse
1406 1865 1702 1930 putaverim,
1726 1880 1792 1917 ne
1828 1866 1912 1932 qui
1936 1876 1998 1918 eo

168 1953 407 2005 thesauro
426 1954 607 2020 privati
624 1959 783 2019 erant,
806 1955 1184 2020 expostularent
1199 1959 1248 2007 et
1261 1956 1578 2007 reddendum
1597 1957 1860 2022 instarent,
1875 1972 2008 2009 neve

171 2045 474 2096 commissae
498 2045 693 2097 fraudis
722 2051 900 2096 auctor
932 2046 1249 2111 proderetur.
1304 2049 1478 2113 Neque
1517 2047 1704 2098 certius
1735 2047 2005 2115 quidquam

170 2134 367 2185 (luobus
404 2136 556 2201 annis
586 2140 701 2202 post
734 2136 965 2188 Alciatus
1003 2136 1199 2188 referre
1233 2137 1420 2202 potuit,
1473 2139 1555 2203 qui
1595 2138 1647 2188 in
1686 2138 1900 2205 epistola
1939 2139 2003 2191 ad

172 2224 462 2278 Galeacium
487 2228 693 2279 scribit:
734 2241 1104 2292 quanquam—
1125 2243 1310 2293 maqna
1346 2241 1540 2292 quoque
1569 2243 1700 2293 pars
1738 2228 2007 2280 etiamnum

169 2316 509 2382 desideretur,
544 2324 771 2383 essetque
805 2318 970 2368 adhuc
1015 2318 1283 2386 α’κέφαλος
1325 2318 1557 2382 Tacitus,
1593 2317 1695 2368 nisi
1732 2317 2009 2369 Christiani

173 2406 313 2458 orbis
337 2407 476 2459 Mam.
502 2406 737 2475 Pontifex
773 2409 873 2460 Leo
898 2408 959 2460 X.
993 2409 1198 2475 priores
1234 2409 1450 2475 quinque
1476 2408 1633 2460 libros
1666 2408 1727 2459 de
1765 2407 2006 2461 barbaris

170 2499 470 2565 redemptos,
506 2499 814 2565 postliminio
840 2506 896 2550 ut
917 2501 1116 2551 tandem
1152 2505 1529 2550 reuerterentur
1558 2497 1815 2566 effecisset.
1865 2501 2010 2553 Duo-

172 2590 420 2657 deviginti
461 2594 575 2656 post
608 2591 913 2642 Beroaldum
952 2592 1097 2643 annis
1138 2591 1330 2658 (1533)
1372 2606 1482 2642 cum
1522 2591 1708 2644 Beatus
1738 2593 2010 2646 Rhenanus

176 2681 402 2732 Tacitum
444 2681 632 2745 edidit,
688 2682 751 2734 ad
792 2682 947 2733 verba
985 2682 1256 2733 Annalium
1293 2682 1460 2756 1v³43
1509 2698 1624 2751 pag.
1670 2685 1768 2736 125
1821 2696 2013 2749 suoque

178 2771 401 2822 recident
437 2768 677 2821 Heliatem
713 2787 914 2838 aprum,
950 2778 1004 2823 ut
1043 2778 1162 2824 tunc
1202 2773 1504 2841 legebantur
1546 2779 1800 2841 corrupta,
1838 2790 2008 2828 anno—-

172 2863 325 2914 tavit:
365 2862 558 2914 utinam
594 2862 819 2912 licuisset
855 2862 936 2911 hic
975 2862 1236 2927 eoeemplar
1270 2863 1395 2913 illud
1412 2862 1720 2914 Saxonicum
1742 2863 2010 2930 inspicere,

174 2953 309 3018 quod
344 2951 599 3013 Quaestor
637 2953 838 3018 quida-m
886 2952 1174 3018 Pontificius
1230 2969 1340 3003 cum
1390 2969 1416 3002 e
1467 2954 1641 3005 Dania
1695 2954 1899 3018 rediret,
1955 2955 2008 3006 in

173 3042 466 3094 Corbeiensi
522 3043 821 3094 bibliotheca
881 3049 1165 3108 repertum,
1225 3043 1435 3094 Romam
1495 3058 1664 3095 secum
1723 3046 1895 3097 detulit
1944 3047 2014 3097 ad

176 3134 391 3185 Leonem
427 3132 477 3186 X
524 3133 658 3184 Pont.
710 3134 854 3185 Mam.
909 3134 1156 3185 bonarum
1202 3135 1484 3186 litterarum
1533 3136 1672 3187 haud
1717 3136 2011 3187 illiberalem

164 3232 468 3290 patronum,
508 3227 593 3293 qui
627 3226 700 3278 illi
737 3227 1028 3292 quinyentos
1069 3227 1278 3277 ducatos
1315 3229 1576 3278 numerari
1619 3214 1768 3278 iussit
1794 3234 1827 3278 ¹.
1898 3229 2008 3282 No-

268 3363 305 3400 1.
341 3361 480 3401 Minus
516 3360 697 3403 definite
715 3359 950 3403 Rhenanus
978 3359 1049 3401 lo-
1137 3361 1274 3403 beiam
1319 3361 1366 3402 in
1402 3347 1683 3418 ¹Sua-onibus,
1736 3365 1868 3421 paulo
1913 3373 2010 3423 post

174 3419 321 3474 quitur
370 3421 413 3459 in
456 3420 642 3472 epistola
691 3420 743 3461 ad
783 3419 1051 3461 Bet-nardum
1137 3421 1300 3463 Romae
1333 3421 1535 3477 euulqata
1575 3430 1693 3475 sunt,
1736 3448 1793 3457 —
1835 3422 2008 3479 defuere

177 3479 430 3532 episcopum
503 3478 800 3520 Tridentinum
868 3479 1049 3520 editioni
1138 3481 1304 3535 quidem
1334 3482 1485 3537 scripti
1521 3483 1688 3525 codices
1725 3496 1820 3524 cum
1864 3483 2010 3537 quibus

173 3538 435 3592 praemissa:
496 3537 542 3577 in
602 3539 782 3591 quinque
837 3539 1053 3593 prioribus
1139 3542 1397 3595 conferrem.

174 3595 456 3639 uoluminibus
477 3602 584 3651 quae
607 3602 779 3651 reperta
800 3597 915 3651 apud
941 3598 1053 3638 Cor—
