2280 4004
205 303 233 337 a
261 289 311 336 C.
348 291 418 338 16.

209 452 274 488 ex
307 434 507 486 fortuna
543 430 868 498 possidentis.

802 285 966 330 LIBER
982 278 1048 328 ‘n.
1113 283 1220 328 CAP.
1251 285 1443 328 33—34.

1946 285 2034 329 11²7

943 428 1222 480 Distinctos
1254 430 1459 478 senatus
1499 430 1547 477 et
1581 424 1801 491 equitum
1829 439 2030 492 censuS‚

209 541 313 577 non
346 525 460 590 quia
497 523 687 574 diversi
723 526 918 584 natura,
958 519 1049 571 sed
1082 524 1136 569 ut
1164 518 1292 569 locis
1328 517 1592 568 ordinibus
1633 516 2031 583 dignationibuS,

211 618 448 687 antistent
506 618 555 665 et
606 612 717 663 aliis
769 625 897 676 quae
951 610 1014 660 ad
1066 609 1292 675 requiem
1350 608 1502 659 animi
1555 611 1639 659 aut
1690 607 2035 660 salubritatem

212 684 479 773 corporum
506 686 772 769 parentur,
811 702 911 752 nisi
949 702 1082 753 forte
1119 700 1403 751 clarissimo
1444 700 1625 765 cuique
1659 698 1829 765 plures
1868 712 2035 763 curaS,

211 798 403 848 maiora
435 793 660 860 pericula
701 792 987 855 subeunda,
1027 790 1379 843 delenimentis
1420 805 1652 841 curarum
1694 795 1743 841 et
1778 788 2075 855 periculo-5

212 901 321 938 rum
352 883 629 945 carendum
671 896 802 933 esse.

879 881 1096 932 Facilem
1138 881 1410 931 adsensum
1437 879 1579 931 Gallo
1616 880 1709 931 sub
1748 879 2037 930 nominibus

212 976 442 1029 honestis
495 973 754 1025 confessio
804 973 1041 1023 vitiorum
1099 977 1147 1023 et
1196 971 1472 1022 similitudo
1519 971 1827 1022 audientium
1880 970 2036 1022 dedit.

212 1055 488 1120 Adiecerat
520 1070 570 1116 et
594 1065 824 1116 Tiberius
857 1078 961 1113 non
996 1062 1047 1112 id
1083 1067 1277 1127 tempus
1317 1076 1565 1113 censurae
1592 1077 1704 1126 nec,
1747 1061 1790 1112 si
1829 1061 1948 1126 quid
1986 1061 2039 1110 in

127 1151 436 1208 :umoribus
476 1154 696 1218 labaret,
734 1153 1017 1204 defuturum
1057 1151 1351 1219 corrigendi
1389 1156 1664 1202 auctorem.

1737 1151 1873 1201 Inter
1912 1165 2040 1215 quae
2117 1127 2125 1151 ⁵

211 1248 392 1301 Lucius
416 1247 529 1298 Piso
556 1245 790 1296 ambitum
826 1245 942 1308 fori,
976 1247 1211 1308 corrupta
1249 1242 1455 1305 iudicia,
1483 1242 1747 1293 saevitiam
1786 1246 2042 1292 oratorum
2061 1267 2107 1302 10

213 1338 565 1393 accusationes
605 1336 937 1388 minitantium
973 1334 1272 1399 increpanS‚
1314 1332 1456 1385 abire
1492 1347 1549 1384 se
1588 1337 1638 1383 et
1675 1332 1861 1384 cedere
1895 1332 2040 1396 urbe,

331 1513 372 1555 2.
404 1513 467 1566 ut]
502 1516 561 1561 ut,
594 1516 641 1550 ut
673 1519 829 1550 censor
848 1507 1049 1549 Halensis
1073 1506 1227 1549 Orellii
1248 1509 1311 1561 (a.
1340 1505 1452 1548 1847
1486 1518 1528 1559 p.
1557 1505 1681 1561 178).

221 1570 332 1613 Talis
365 1583 471 1624 quae
508 1568 570 1610 M:
606 1567 854 1610 emendavit
888 1565 1059 1608 Grotius
1093 1572 1136 1608 et
1168 1565 1200 1607 1.
1234 1565 1304 1606 Fr.
1341 1564 1602 1606 Gronovius.

1009 1626 1077 1668 10.
1114 1625 1164 1667 L.
1189 1624 1244 1666 M.
1306 1626 1397 1681 ipso
1421 1624 1477 1665 Μ.
1539 1626 1634 1679 fore
1657 1623 1711 1665 M.
1776 1623 1969 1664 sevitiam
1985 1623 2040 1665 M.

215 1631 271 1683 M,
303 1641 390 1670 non
422 1628 610 1670 delinim.
704 1626 748 1670 8.
779 1626 866 1681 quit
885 1626 940 1667 M.

215 1785 340 1828 diciis
396 1783 592 1839 collig0,
649 1783 833 1837 primum
884 1782 987 1837 quia
1038 1793 1086 1822 re

215 1843 420 1886 familiari
471 1843 631 1883 civium
685 1841 919 1897 insigniter
961 1846 1088 1897 aucta

215 1902 540 1957 simplicissima
572 1907 663 1942 erat
693 1901 890 1953 mutatio,
923 1905 970 1939 ut
1001 1913 1086 1940 nu..

217 1974 360 2004 merus
373 1963 532 2003 assium
546 1960 831 2016 (1‚000‚000)
846 1960 890 2001 in
902 1959 1088 2000 eundem

218 2033 442 2062 numerum
482 2019 782 2060 sestertiorum
833 2024 1087 2068 mutaretur,

221 2093 273 2122 ea
302 2085 446 2120 tamen
480 2077 779 2118 moderatione
806 2076 1013 2128 adhibita,
1043 2081 1090 2116 ut

219 2140 262 2179 in
317 2138 398 2178 hac
454 2137 793 2178 commutatione
860 2136 1089 2177 sestertius

219 2208 416 2238 nummus
455 2207 533 2249 pro
574 2189 659 2249 2½
694 2193 863 2236 assibus
911 2195 1089 2249 antiquo

220 2268 342 2297 more
373 2255 676 2308 acciperetur3
711 2253 868 2294 deinde
901 2264 1090 2294 summus

222 2320 446 2356 auctorum
487 2313 659 2354 Tacitus
710 2311 842 2354 Dioni
894 2312 1090 2367 quamvis

222 2374 407 2416 obscure
441 2373 679 2423 consentit,
731 2384 827 2412 cum
861 2370 915 2412 de
947 2371 1090 2413 Marco

222 2432 401 2475 Hortalo
433 2431 469 2472 11
505 2432 559 2474 37
603 2429 779 2473 scribit:
824 2443 954 2485 nepos
997 2436 1093 2470 erat

223 2493 409 2534 oratoris
442 2491 690 2542 Hortensii,
723 2488 904 2530 inlectus
936 2502 964 2529 a
996 2489 1090 2530 divo

222 2551 408 2606 Augusto
442 2549 702 2592 liberalitate
740 2548 879 2589 decies
909 2548 1094 2589 sestertii

224 2610 376 2652 ducere
415 2623 616 2661 uxorem,
658 2609 873 2664 suscipere
921 2606 1091 2659 liberos,

223 2683 276 2710 ne
300 2668 542 2710 clarissima
559 2666 731 2723 familia
756 2667 1089 2722 extingueretur.

224 2728 429 2769 Nimirum
450 2727 672 2782 Augustus
706 2727 750 2767 in
771 2725 959 2767 Marcum
979 2726 1094 2766 Hor-

225 2786 358 2828 talum
413 2785 467 2826 ad
519 2790 820 2839 paupertatem
869 2784 1094 2839 delapsum

165 2876 169 2878 ἡ
226 2845 387 2900 insigni
433 2843 699 2885 liberalitate
745 2855 850 2885 usus
890 2844 931 2883 ei
978 2842 1097 2884 dedit

228 2915 403 2944 censum
462 2903 741 2943 senatorium.
804 2900 966 2942 Eadem
1014 2914 1097 2955 pe-

229 2962 383 3003 cuniae
447 2972 636 3012 summa,
699 2960 846 3002 decies
907 2960 1098 3003 sestertii

229 3020 344 3071 dote,
369 3018 565 3060 Tiberius
595 3019 818 3075 Agrippae
850 3018 982 3062 filiam
1016 3019 1097 3060 do..

230 3080 380 3131 navit,
439 3083 485 3119 ut
532 3077 668 3120 refert
719 3078 890 3120 Tacitus
942 3076 979 3118 Π
1024 3078 1097 3131 86,

230 3137 431 3192 idemque
449 3136 677 3191 Propertio
695 3135 838 3178 Celeri
858 3138 1098 3191 praetorio,

230 3197 402 3237 veniam
454 3196 617 3237 ordinis
679 3196 734 3237 ob
797 3202 1098 3251 paupertatem

232 3255 429 3308 petenti,
471 3254 618 3297 decies
660 3257 932 3307 sestertium,
979 3254 1021 3295 h.
1059 3269 1098 3296 e.

233 3325 410 3353 censum
443 3325 527 3368 quo
560 3325 669 3366 opus
696 3320 811 3355 esset
829 3313 882 3354 ad
904 3315 1099 3355 ordinem

232 3372 446 3412 senatoris
478 3371 766 3422 retinendum,
800 3372 983 3426 largitus
1018 3378 1099 3413 est.

235 3429 359 3472 Conf.
394 3430 500 3473 175.
549 3429 759 3480 Quoniam
796 3430 904 3471 haec
931 3431 1101 3486 argenti

234 3501 396 3531 summa
452 3503 476 3530 a
525 3501 658 3530 censu
710 3490 930 3529 senatorio
979 3490 1099 3544 quasi

235 3547 459 3590 sollemnis
491 3548 608 3590 facta
642 3553 721 3599 est,
749 3546 848 3590 inde
873 3547 1102 3589 honestio-

238 3618 329 3649 rum
385 3614 610 3663 parentum
668 3607 784 3650 filiae
845 3606 1106 3663 coniugibus

240 3665 327 3707 suis
381 3666 525 3709 dotem
579 3667 717 3710 decies
774 3667 957 3710 sestertii
1011 3666 1105 3708 rere

1745 1506 1787 1547 3.
1823 1505 2041 1546 antistent.

1674 1564 1715 1606 5.
1751 1563 2044 1605 delenimentis

1173 1780 1399 1822 ferebant:
1434 1779 1551 1821 conf.
1586 1779 1756 1820 Seneca
1781 1776 1958 1820 Consol.
1994 1780 2048 1821 ad

1172 1839 1299 1881 Helv.
1338 1841 1405 1883 12.
1440 1838 1662 1880 Iuvenalis
1684 1837 1721 1878 X
1743 1838 1856 1880 335:
1892 1845 1930 1879 et
1961 1839 2049 1879 ritu

1173 1898 1313 1940 decies
1366 1898 1547 1939 centena
1597 1897 1812 1938 dabuntur
1859 1897 2047 1951 antiquo.

1175 1957 1341 2008 Quibus
1383 1957 1584 1998 omnibus
1628 1970 1724 1997 cum
1756 1955 1911 1998 Dionis
1944 1969 2049 1998 nar..

1171 2017 1282 2057 ratio
1327 2017 1629 2067 confirmetur,
1677 2028 1810 2056 unum
1850 2015 2049 2057 Suetonii

1173 2077 1493 2127 testimonium,
1537 2074 1652 2129 quod
1692 2075 1733 2114 ei
1785 2075 2047 2115 contrarium

1176 2141 1256 2187 est,
1290 2134 1515 2188 scriptoris
1538 2133 1810 2175 festinationi
1845 2139 1887 2174 et
1911 2134 2047 2175 errori

1175 2194 1452 2235 tribuendum
1483 2192 1680 2244 videtur3
1716 2197 1782 2232 est
1797 2198 1942 2234 autem
1963 2193 2049 2234 hoc

1178 2253 1323 2307 (Aug.
1384 2254 1472 2309 41)
1499 2265 1509 2291 :
1571 2257 1817 2293 senatorum
1878 2265 2049 2293 censum

1176 2311 1427 2367 ampliavit,
1480 2324 1535 2352 ac
1585 2325 1667 2366 pro
1712 2311 2051 2366 octinqentorum

1174 2371 1336 2413 milium
1377 2383 1539 2411 summa
1590 2369 1814 2410 duodecies
1858 2371 2049 2411 sestertio

1178 2433 1252 2487 (=
1276 2429 1519 2481 3,000‚000
1541 2430 1726 2485 assium)
1747 2430 1925 2481 taxavit,
1947 2443 2050 2485 sup-

1174 2485 1383 2545 plevitque
1416 2502 1504 2528 non
1543 2488 1803 2529 habentibus.
1871 2487 2052 2530 Scilicet

1179 2548 1443 2599 Suetonius,
1508 2546 1623 2602 quod
1679 2552 1800 2588 extra
1853 2546 2050 2588 ordinem

1179 2607 1396 2663 octoginta
1411 2613 1656 2648 senatorum
1673 2605 1774 2659 filiis
1793 2604 1907 2648 hanc
1929 2618 2051 2647 sum-

1178 2679 1290 2707 mam
1335 2665 1515 2707 donavit
1554 2665 1803 2721 AugustuS,
1860 2678 1898 2707 a.
1950 2665 2050 2716 757,

1180 2726 1283 2766 hinc
1316 2737 1472 2767 census
1495 2725 1704 2766 senatorii
1727 2736 1919 2764 normam
1939 2722 2050 2764 falso

1182 2784 1348 2825 elicuit.
1391 2784 1458 2825 De
1490 2783 1568 2825 illa
1600 2783 1837 2824 donatione
1869 2782 1951 2824 Dio
1977 2781 2052 2822 LV

1184 2844 1265 2885 13:
1316 2841 1602 2900 ὀγδοήκοντα
1647 2843 1699 2886 δέ
1741 2855 1837 2885 τισι
1885 2844 1964 2883 καὶ
2007 2842 2054 2888 ἐς

1181 2901 1443 2958 τριάκοντα
1458 2901 1698 2959 μυριάδας
1722 2900 2053 2955 (=3‚000‚000

1183 2962 1365 3017 assium)
1393 2963 1526 3005 τοῦτο
1553 2963 1776 3020 (τίμημα)
1810 2959 2052 3012 ἐπηύξησε.

1181 3019 1387 3075 Equitum
1439 3033 1596 3062 census
1651 3018 1704 3061 ad
1754 3018 2055 3074 quadringena

1183 3080 1385 3121 sestertia
1418 3079 1623 3121 definitus
1657 3083 1762 3120 erat.

1276 3138 1350 3178 sed
1380 3145 1425 3179 ut
1456 3163 1511 3170 ——
1546 3136 1884 3192 dignationibus,
1936 3135 2054 3175 anti-

1183 3203 1291 3237 stent
1322 3203 1361 3237 et
1392 3196 1514 3237 aliis.-
1550 3202 1615 3236 est
1640 3194 1779 3235 libera
1813 3198 2054 3243 structura3

1184 3255 1355 3296 scilicet
1387 3268 1441 3295 ex
1459 3261 1518 3306 ut,
1550 3255 1817 3294 inserviente
1842 3253 1885 3291 in
1911 3252 2056 3304 priore

1186 3313 1376 3354 membro
1429 3312 1743 3365 comparationi
1786 3313 1875 3364 (τ.-
1907 3311 2055 3365 sicut),

1186 3372 1236 3412 ad
1271 3371 1452 3413 alterum
1484 3378 1530 3411 ut
1561 3369 1702 3411 finalis
1732 3367 1946 3422 particula
1980 3380 2057 3408 su-

1186 3429 1339 3471 menda
1366 3435 1446 3470 est.
1492 3427 1741 3482 Comparari
1772 3432 1918 3481 potest
1943 3426 2059 3481 quod

1185 3495 1309 3542 utque
1343 3500 1418 3542 pro
1452 3495 1600 3541 atque,
1641 3494 1687 3529 ut
1725 3486 1959 3527 admissum
1993 3490 2060 3526 est

1189 3546 1235 3587 G.
1280 3549 1321 3590 2.
1371 3546 1420 3589 Ο.
1461 3546 1532 3590 34.
1594 3546 1645 3588 H.
1697 3543 1714 3586 1
1763 3545 1843 3597 39,
1902 3541 1938 3584 11
1984 3543 2056 3587 49.

1191 3606 1526 3663 Bezzenberger
1538 3606 1730 3661 praefert
1743 3602 2060 3661 diynationibus

1191 3666 1408 3718 antistent,
1441 3667 1503 3707 ita
1534 3665 1601 3708 iis.
