2280 4004
233 286 263 315 a
295 271 344 316 C.
377 273 450 317 66.
782 268 948 312 LIBER
978 267 1092 310 XVI.
1157 267 1263 311 Cu.
1298 264 1488 312 28-32.
1976 268 2063 310 341

238 414 581 465 incolumitate
617 413 812 477 domuS,
850 416 899 464 et
935 426 999 462 an
1024 410 1285 477 placabilis
1306 411 1459 474 Ner0,
1501 424 1565 460 an
1594 409 1820 476 cognitio
1860 414 2063 461 senatus

237 505 361 555 nihil
390 510 536 556 atrox
574 503 814 554 adferret.
869 503 1026 570 Igitur
1061 502 1222 552 accita
1258 507 1335 552 est
1364 501 1415 551 in
1439 505 1683 566 senatum,
1722 504 2066 566 steteruntque

239 595 460 659 diversi,
513 600 629 645 ante
662 593 881 644 tribunal
920 592 1179 644 consulum
1218 593 1429 659 grandis
1468 606 1595 643 aevo
1634 606 1847 658 parens,
1889 596 2067 642 contra

238 687 340 737 filia
377 686 507 736 intra
544 684 839 735 vicesimum
881 684 1059 735 aetatis
1096 698 1295 747 annum,
1335 698 1497 749 nuper
1528 683 1708 734 marito
1744 682 1913 733 Annio
1950 682 2074 742 Pol-s

240 777 378 828 lione
428 777 480 827 in
529 776 730 827 exilium
773 775 917 841 pulso
969 774 1171 825 viduata
1219 774 1578 840 desolataque,
1644 789 1703 824 ac
1751 789 1815 825 ne
1876 778 2106 839 patrems

158 865 444 934 mquidem
481 867 699 929 intuenS‚
740 866 882 916 cuius
923 881 1167 916 onerasse
1207 847 1431 930 pericula
1471 865 1754 915 videbatur.
1827 865 1947 915 Tum
1984 863 2068 913 in-

247 962 542 1025 terrogante
580 962 897 1020 accusatore,
937 972 1000 1006 an
1040 956 1200 1006 cultus
1232 955 1444 1018 dotaleS,
1487 970 1550 1005 an
1576 955 1853 1005 detractum
1879 954 2072 1006 cervici

244 1048 433 1128 monile
470 1063 652 1098 venum
692 1047 933 1110 dedisset,
980 1061 1077 1112 quo
1113 1046 1376 1111 pecuniam
1402 1045 1650 1096 faciendis
1678 1045 1891 1112 magicis
1910 1043 2073 1095 sacris

246 1139 598 1202 contraheret,
654 1138 866 1203 primum
916 1142 1070 1188 strata
1128 1136 1263 1186 humi
1311 1136 1568 1202 longoque
1606 1136 1724 1186 fletu
1760 1140 1808 1186 et
1850 1135 2071 1198 silentio,

243 1235 359 1296 post
411 1229 586 1279 altaria
638 1233 688 1278 et
738 1243 876 1277 aram
917 1227 1204 1292 complexa,
1248 1226 1450 1277 ‘nullos‘
1489 1227 1648 1292 inquit
1675 1224 1876 1292 ‘impios
1930 1226 2072 1290 deOS,
2093 1249 2141 1283 10

245 1319 407 1370 nullas
469 1319 806 1382 devotioneS,
868 1332 964 1368 nec
1018 1317 1152 1368 aliud
1202 1317 1492 1367 infelicibus
1546 1316 1782 1381 precibus
1840 1315 2076 1366 invocavi

248 1427 394 1477 quam
433 1415 486 1459 ut
523 1410 655 1460 hunc
693 1409 928 1474 optimum
965 1414 1158 1473 patrem
1199 1413 1278 1471 tu,
1320 1408 1532 1471 Caesar,
1571 1422 1696 1470 VOS,
1737 1411 1923 1471 patreS,
1963 1421 2079 1456 ser-

246 1502 435 1552 varetis
485 1500 804 1550 incolumem.
881 1499 963 1550 Sic
1010 1514 1236 1565 gemmas
1291 1503 1339 1548 et
1388 1503 1558 1549 vestes
1599 1502 1648 1548 et
1690 1498 1950 1565 dignitatis
1993 1498 2076 1547 in-

249 1593 415 1659 signia
465 1592 609 1655 dedi,
672 1590 926 1656 quomodo
982 1590 1025 1640 si
1079 1590 1380 1656 sanguinem
1431 1594 1480 1639 et
1516 1589 1667 1639 vitam
1705 1588 2074 1654 poposcissent.

247 1683 479 1735 Viderint
517 1683 615 1746 isti,
654 1682 868 1732 antehac
890 1680 1007 1731 mihi
1034 1680 1212 1747 ignoti,
1254 1694 1351 1745 quo
1387 1679 1592 1730 nomine
1631 1680 1746 1743 sint,
1787 1694 1910 1744 quas
1942 1683 2142 1733 artesis

250 1779 551 1826 exerceant:
587 1772 720 1822 nulla
761 1771 879 1821 mihi
917 1771 1160 1836 principis
1195 1771 1382 1821 mentio
1421 1770 1518 1820 nisi
1557 1770 1688 1820 inter
1727 1770 1929 1819 numina
1970 1769 2076 1819 suit.

249 1864 423 1917 Nescit
455 1869 622 1914 tamen
659 1862 969 1913 miserrimus
1008 1866 1180 1926 pater3
1221 1865 1267 1911 et
1305 1860 1348 1911 si
1381 1860 1572 1910 crimen
1597 1865 1688 1924 est,
1727 1859 1834 1909 sola
1859 1859 2079 1924 deliqui.’

166 1957 525 2022 32Loquentis
577 1954 741 2005 adhuc
790 1954 942 2004 verba
1001 1953 1186 2018 excipit
1239 1952 1492 2014 Soranus,
1549 1951 1926 2016 proclamatque
1974 1965 2077 2000 non

250 2047 384 2100 illam
410 2046 461 2095 in
493 2045 807 2112 provinciam
849 2058 1021 2095 secum
1056 2043 1354 2109 profectam,
1402 2057 1505 2092 non
1531 2041 1703 2091 Plauto
1741 2056 1833 2106 per
1867 2045 2082 2091 aetatem

251 2138 396 2188 nosci
431 2137 675 2203 potuisse,
718 2150 820 2186 non
857 2134 1151 2185 criminibus
1187 2133 1351 2183 mariti
1390 2148 1698 2194 connexam3
1747 2131 1932 2181 nimiae
1967 2135 2083 2181 tan-
2099 2151 2147 2188 20

252 2234 353 2279 tum
389 2228 590 2293 pietatis
624 2242 763 2277 ream
801 2230 1112 2291 separarent,
1154 2229 1303 2289 atque
1340 2224 1448 2289 ipse
1490 2237 1851 2288 quamcumque
1893 2226 2083 2273 sortem

372 2385 414 2426 2.
444 2379 581 2421 nichil
617 2379 695 2422 Ma.
826 2380 866 2421 5.
918 2378 1066 2419 exsilio
1099 2390 1315 2433 superscr.
1350 2379 1379 2418 ἅ
1409 2376 1583 2418 litterae
1615 2391 1638 2417 o
1673 2375 1752 2418 Ma.
1907 2376 2085 2417 viduata

255 2452 340 2481 non
376 2441 536 2481 omittit
570 2439 648 2491 Ma,
682 2443 729 2478 ut
762 2437 875 2492 apud
907 2437 1179 2478 Waltherum
1212 2442 1356 2478 narrat
1382 2436 1619 2478 Victorius.
1745 2437 1812 2477 11.
1847 2435 1968 2477 aliut.
2003 2433 2083 2476 Ma.

254 2500 407 2555 ficibus
443 2497 522 2539 Ma.
590 2499 656 2544 14,
690 2497 802 2538 dedit
835 2495 923 2538 Ma:
958 2495 991 2538 G
1024 2497 1132 2538 dedi.
1232 2498 1282 2538 15
1319 2501 1361 2536 et
1398 2495 1464 2537 16.
1497 2494 1628 2536 michi
1661 2492 1738 2536 Ma.
1813 2494 1880 2537 19.
1918 2493 2083 2550 plautio

258 2558 353 2602 Ma:
394 2557 427 2600 G
452 2557 616 2614 plauto.
710 2557 782 2601 20.
818 2569 1025 2598 conexam
1060 2555 1137 2597 lll'd.
1238 2557 1311 2598 21.
1345 2555 1603 2609 quamctique
1635 2551 1715 2595 Ma.

254 2696 371 2737 nime
405 2698 744 2736 consentaneum
781 2699 863 2734 est.
927 2693 1129 2748 Quapro-

1302 2690 1376 2732 sed
1417 2703 1567 2731 recens
1608 2695 1646 2731 et
1689 2688 1798 2744 quod
1830 2713 1886 2721 —-
1926 2702 2090 2729 conne-

254 2761 351 2811 pter
379 2751 679 2795 intercedente
713 2751 898 2794 delicata
925 2751 1130 2793 Italorum

1216 2750 1382 2792 ctebat:
1415 2755 1514 2804 post
1536 2762 1687 2790 recens
1709 2746 1997 2802 supplendum
2026 2753 2091 2789 est

255 2811 563 2870 pronuntiandi
595 2811 912 2852 consuetudine
935 2812 1127 2853 cerebri-

258 2880 342 2915 tate
374 2884 451 2926 pro
476 2870 703 2913 crebritate
726 2871 938 2922 prodisse,
974 2884 1027 2911 ex
1053 2869 1130 2911 illo

259 2931 444 2986 amplius
468 2929 711 2972 celebritate
736 2941 869 2983 prave
890 2935 1130 2971 correctum

260 3004 356 3034 esse
391 2989 536 3031 credo.
958 3016 962 3020 -

346 3063 497 3091 manus
522 3054 560 3089 et
590 3047 677 3089 tela
702 3047 882 3088 militum
914 3046 1133 3087 cernenti-

262 3109 362 3151 bus.-
394 3110 437 3149 in
473 3108 592 3148 curia
625 3113 668 3148 et
699 3104 875 3147 sedibus
907 3106 996 3146 suis
1023 3105 1134 3146 baec

260 3174 362 3209 ante
405 3180 430 3208 a
469 3180 518 3207 se
558 3164 858 3207 animadversa
900 3163 1136 3205 cernebant

260 3226 391 3268 animi
428 3224 584 3276 oculis,
619 3236 704 3265 non
738 3224 958 3277 corporis,
992 3235 1134 3277 neque

260 3285 433 3327 Tacitus
465 3284 584 3325 aliud
619 3284 785 3326 referre
820 3282 975 3324 voluit.

346 3343 573 3399 protulerit
615 3343 858 3397 ingenium:
912 3343 953 3383 h.
997 3353 1035 3381 e.
1090 3340 1137 3380 in

261 3403 441 3443 medium
469 3401 614 3444 tulerit
648 3407 883 3455 notumque
916 3400 1086 3442 fecerit.

372 3461 475 3514 Cap.
515 3462 588 3504 30.
649 3460 920 3516 inm-editur.-
975 3458 1137 3500 curiam

235 3568 239 3577 Ι
264 3524 489 3577 ingressus
523 3525 612 3561 est:
641 3521 752 3560 ‘erat
784 3519 896 3560 enim
924 3517 1138 3574 (Ernestii

264 3579 420 3637 verba)
447 3591 582 3634 eques
606 3578 749 3630 modo,
771 3576 1140 3633 exspectabatque

266 3638 374 3682 foris
408 3636 507 3680 dum
540 3639 710 3692 tempus
742 3633 888 3679 essct?

1217 2823 1257 2851 v.
1293 2816 1412 2860 erat3
1454 2809 1572 2862 prius
1613 2808 1723 2862 quod
1754 2812 1819 2848 est
1852 2819 2091 2861 pronomen

1215 2867 1475 2919 relativum3
1515 2873 1554 2907 et
1585 2866 1695 2920 quod
1723 2890 1779 2898 --
1812 2866 2089 2907 connectebat

1216 2927 1405 2980 scripsit,
1438 2938 1524 2966 non
1557 2931 1597 2965 et
1628 2950 1683 2957 —
1717 2932 1972 2967 connectens
1992 2957 2003 2976 ,
2037 2938 2091 2966 ne

1217 2987 1262 3027 in
1294 2991 1430 3027 artem
1471 2989 1676 3040 peccaret
1716 2989 1851 3039 utque
1891 2985 2093 3025 varietati

1220 3044 1485 3086 consuleret.
1587 3049 1873 3097 steteruntque
1906 3043 2091 3083 diversi.-

1218 3105 1526 3157 interpretare*
1554 3101 1643 3143 und
1696 3101 1752 3142 da
1798 3100 1979 3142 standen
2033 3102 2094 3142 sie

1219 3162 1310 3204 siclt
1340 3160 1594 3217 qeyennber.
1657 3158 1871 3201 Particula
1915 3173 1991 3213 que
2031 3161 2095 3200 sic

1219 3222 1368 3262 iuncta
1398 3233 1487 3262 rem
1511 3230 1668 3260 novam
1703 3224 1746 3260 et
1772 3217 1993 3259 insolitam
2014 3218 2094 3259 de-

1219 3286 1355 3321 notat.
1499 3279 1546 3319 in
1593 3278 1767 3320 exilium
1818 3277 1963 3333 pulso:
2019 3289 2097 3331 per

1221 3340 1498 3381 occasionem
1545 3337 1858 3379 coniurationis
1892 3335 2095 3377 Pisonia..

1221 3412 1327 3440 nae:
1362 3398 1439 3438 XV
1471 3398 1541 3439 71.

1300 3457 1403 3511 Cap.
1438 3458 1508 3499 31.
1572 3454 1735 3496 altaria
1767 3459 1805 3494 et
1835 3466 1959 3494 aram
1979 3467 2096 3495 com-

1218 3516 1377 3573 ple-m:
1418 3514 1582 3557 altaria
1627 3513 1810 3555 Veneris
1851 3511 2095 3554 Genetricis

1226 3574 1427 3616 videntur
1464 3586 1587 3625 csse,
1632 3583 1716 3613 ara
1747 3575 1899 3613 contra
1929 3583 2099 3628 sugge-

1224 3637 1316 3677 stus
1348 3632 1393 3676 in
1426 3642 1511 3689 quo
1544 3630 1687 3688 posita
1714 3624 1922 3686 principis
1941 3630 2096 3675 statua.
