2280 4004
257 272 348 319 858
1027 277 1317 326 ANNALIVM
1832 295 1871 329 a·
1905 290 1948 328 u.
1983 281 2086 328 777.

260 420 467 488 corripi,
495 422 649 475 dilato
685 422 748 475 ad
781 428 974 490 tempus
999 424 1206 491 SabinO,
1239 425 1473 492 placitum
1491 444 1506 490 3
1542 425 1896 492 immissusque
1919 427 2083 479 Varro

261 514 467 579 consul,
535 517 618 581 qui
670 519 908 580 paternas
963 516 1254 568 inimicitias
1293 517 1575 570 obtendens
1615 516 1749 568 odiis
1786 516 1957 570 Seiani
1992 532 2085 584 per

260 604 483 657 dedecus
522 621 664 658 suum
712 607 1136 677 gratificabatust
1194 610 1439 662 Precante
1486 624 1577 661 reo
1630 609 1836 660 brevem
1873 621 2082 671 moram,

261 695 376 748 dum
420 702 690 749 accusator
727 700 993 751 consulatu
1028 700 1206 765 abiret,
1249 701 1545 753 adversatus
1586 705 1663 752 est
1699 700 1917 752 Caesar:
1957 697 2086 749 soli-

220 790 360 843 btum
390 789 570 855 quippe
596 790 975 858 magistratibus
1017 792 1150 844 diem
1170 793 1380 859 privatis
1417 792 1624 857 dicere;
1663 807 1759 844 nec
1795 790 2086 859 infringen-

257 877 377 929 dum'
415 879 637 932 consulis
673 881 767 946 ius,
807 883 948 935 cuius
984 884 1174 952 vigiliis
1212 885 1457 938 niteretur
1488 901 1552 938 ne
1591 885 1725 952 quod
1763 897 1848 935 res
1881 881 2084 948 publica

257 966 606 1023 detrimentum
645 979 863 1040 caperet.
937 975 1196 1042 Proprium
1239 976 1290 1027 id
1325 977 1524 1029 Tiberio
1562 977 1654 1028 fuit
1690 976 1888 1030 scelera
1925 991 2087 1043 nuper

253 1066 454 1128 repert-a
498 1064 682 1130 priscis
722 1065 894 1118 verbis
947 1067 1208 1136 obtegere.
1282 1069 1440 1136 Igitur
1481 1069 1633 1120 multa
1672 1068 2080 1133 adseveratione,

48 1175 235 1229 (yffi,
258 1153 401 1219 quasi
439 1158 522 1205 aut
563 1155 763 1224 legibus
800 1173 911 1209 cum
950 1159 1073 1212 Silio
1123 1165 1388 1228 ageretur,
1450 1165 1533 1210 aut
1569 1160 1961 1229 Varrpmggn-sul
1998 1165 2083 1212 aut

0 1253 25 1285 ἱ)
63 1268 119 1322 ;’-
192 1243 377 1316 toillud
393 1248 733 1320 JQSOEUblica
774 1256 939 1315 esset,
1001 1256 1252 1318 coguntur
1285 1257 1486 1318 patres,
1545 1251 1727 1303 silente
1762 1265 1878 1316 rec,
1916 1250 1999 1303 vel
2037 1251 2081 1303 si

257 1334 607 1388 defensionem
647 1344 933 1405 coeptaret,
985 1355 1087 1391 non
1130 1341 1416 1392 occultante
1455 1341 1596 1392 cuius
1631 1342 1707 1392 ira
1747 1347 2078 1408 premeretur.

255 1425 578 1479 Conscientia
614 1428 734 1480 belli
773 1428 1016 1481 Sacrovir
1052 1430 1137 1480 diu
1173 1429 1533 1495 dissimulatus,
1569 1430 1788 1482 victoria
1829 1445 1921 1496 per
1955 1446 2082 1482 ava-

251 1517 418 1574 ritiam
456 1519 679 1584 foedata,
721 1525 770 1571 et
803 1515 1120 1574 uxor‘Sosia
1156 1521 1515 1588 arguebantur.
1591 1522 1698 1573 Nec
1738 1521 1890 1573 dubie
1927 1536 2084 1588 repe·-

252 1608 518 1662 tundarum
558 1610 853 1663 criminibus
892 1612 1196 1664 haerebant:
1235 1612 1327 1663 sed
1367 1617 1546 1664 cuncta
1587 1612 1886 1679 quaestione
1919 1613 2084 1665 maie-

188 1717 238 1761 ³⁵
253 1702 395 1754 statis
438 1703 677 1768 exercita,
718 1708 767 1755 et
806 1704 956 1757 Silius
1004 1705 1343 1756 imminentem
1384 1704 1756 1756 damnationem
1792 1704 2080 1756 voluntario

10 1816 62 1865 g,
108 1821 211 1872 μθ,
251 1793 350 1847 fine
387 1795 677 1861 praevertit.
753 1796 1009 1849 Saevitum
1034 1801 1202 1848 tamen
1239 1788 1480 1860 in'bona‚
1504 1811 1606 1847 non
1643 1800 1696 1847 ut
1732 1795 2166 1863 stipendiariis20

4 1887 13 1930 Ῑ
29 1880 145 1935 cal-‘61
172 1924 180 1929 .
247 1886 495 1953 pecuniae
530 1887 886 1952 redderentur,
920 1903 1130 1954 quorum
1160 1902 1309 1939 nemo
1347 1887 1636 1953 repetebat:
1674 1886 1766 1938 sed
1800 1886 2078 1940 liberalitas

246 1976 464 2046 Augusti
503 1979 705 2044 avulsa,
763 1980 1062 2048 computatis
1105 1979 1398 2047 singillatim
1437 1994 1566 2045 quae
1601 1978 1726 2030 fisco
1759 1978 2075 2045 petebantur.

370 2119 408 2160 1
442 2118 717 2174 inmissusque
735 2119 789 2162 M.
853 2123 894 2165 2.
931 2134 1047 2163 cons.
1086 2132 1182 2163 cum
1213 2119 1290 2162 lin.
1324 2119 1379 2161 M.
1442 2119 1484 2162 3.
1518 2121 1656 2175 suum]
1691 2131 1784 2161 sum
1815 2117 1869 2161 M.
1926 2131 2077 2175 praec.

249 2177 305 2220 Μ.
370 2179 409 2220 7.
447 2192 524 2233 quo
553 2180 698 2249 prium
727 2180 793 2221 Μ.
833 2181 1024 2221 correxit
1054 2178 1310 2222 Beroaldus
1388 2178 1456 2223 10
1494 2177 1590 2220 illut
1621 2177 1675 2220 M.
1765 2179 1833 2222 13.
1869 2179 1990 2220 socia
2019 2177 2076 2231 Μ,

250 2243 352 2280 ante
386 2244 429 2279 et
464 2245 561 2293 post
592 2241 721 2281 sosia.
791 2239 858 2283 18.
892 2254 1014 2297 conp.
1050 2240 1105 2282 Μ.

339 2356 442 2413 Cap.
484 2359 550 2402 19.
609 2359 740 2403 dilato
774 2361 831 2402 ad
854 2368 1012 2417 tempus
1028 2360 1117 2401 Sa·-

249 2417 376 2459 hino.-
411 2418 606 2460 differtur
638 2419 691 2461 ad
717 2421 889 2462 initium
910 2421 1011 2462 anni
1031 2419 1116 2462 28:

248 2491 291 2519 v.
348 2492 385 2519 c.
447 2478 519 2520 68.
658 2480 973 2534 immissusque:
1028 2478 1116 2519 dixi

247 2536 460 2578 nonnulla
493 2537 546 2578 de
580 2538 664 2581 hoc
696 2539 831 2580 verbo
864 2540 917 2580 ad
950 2538 1005 2579 XI
1041 2540 1078 2579 1.

333 2597 490 2651 priscis
509 2597 647 2639 verbis
670 2598 891 2652 obtegere.-
927 2598 982 2639 cf.
1005 2597 1020 2638 l
1047 2597 1118 2648 72,

1204 2358 1317 2400 dono
1351 2358 1450 2400 data
1483 2364 1619 2411 erant,
1654 2372 1709 2400 ex
1740 2360 1898 2401 ceteris
1924 2364 2078 2415 quarta

1204 2431 1301 2473 pars
1351 2418 1678 2460 accusatoribus
1732 2417 1914 2471 tradita3
1964 2430 2077 2474 quae

1203 2477 1388 2533 reliqua,
1403 2477 1554 2519 liberis
1571 2490 1796 2519 concessa.
1821 2477 1925 2520 Sine
1946 2489 2077 2520 causa

1199 2544 1368 2593 partem
1389 2536 1593 2578 bonorum
1617 2549 1702 2578 non
1718 2536 1814 2579 Silii
1836 2534 1913 2579 sed
1926 2536 2076 2578 Sosiae

1205 2595 1416 2651 intelligit
1455 2595 1720 2638 Waltherus.
1791 2595 2078 2651 stipendiarii

250 2655 308 2696 lv
331 2656 401 2707 70,
440 2654 588 2697 V124.
655 2656 720 2699 De
753 2657 797 2698 vi
830 2658 999 2710 priscae
1024 2655 1119 2696 for-

249 2714 420 2766 mulae,
474 2715 630 2756 darent
682 2730 856 2772 operam
911 2714 1118 2765 consules,

249 2787 302 2815 ne
333 2774 432 2828 quid
463 2788 531 2814 res
560 2774 732 2829 publica
765 2775 1008 2816 detrimenti
1040 2787 1119 2814 ca-

245 2834 352 2889 piat,
387 2834 503 2876 conf.
538 2833 713 2876 Sallust.
749 2834 841 2876 Cat.
864 2834 935 2877 29.
993 2832 1118 2874 Caes.

247 2894 298 2936 B.
335 2892 381 2935 C.
418 2894 434 2935 1
467 2894 508 2935 5.

336 2961 411 2995 aut
454 2953 591 2995 Varro
626 2953 798 2994 consul.-
850 2955 986 2995 Varro
1033 2964 1119 2993 non

250 3012 443 3056 consulis
461 3012 609 3053 officio
627 3012 800 3054 functus
820 3015 984 3055 veteris
1002 3014 1117 3064 aevi,

249 3073 326 3116 sed
381 3073 541 3115 Seiano
593 3072 863 3127 gratificandi
914 3070 1119 3126 cupidine

249 3132 460 3187 impulsus
493 3133 819 3174 accusationem
848 3135 1116 3185 susceperat.

247 3192 401 3248 Itaque
435 3192 515 3234 hac
552 3191 595 3231 in
628 3203 674 3233 re
720 3193 803 3234 iste
835 3204 921 3232 non
967 3189 1118 3231 consul

250 3258 343 3297 erat
385 3251 462 3294 sed
507 3250 644 3292 cliens
685 3265 736 3293 ac
768 3264 921 3294 servus
955 3250 1116 3293 Seiani.

340 3326 408 3353 res
435 3310 634 3367 publica.-
671 3310 712 3352 h.
749 3325 787 3353 e.
821 3323 933 3365 quae
962 3309 1015 3351 ad
1035 3321 1118 3363 po-

250 3370 397 3426 pulum
432 3382 671 3424 omnesque
705 3371 826 3412 cives
862 3371 1118 3424 pertineret,

250 3432 343 3472 eine
377 3430 523 3470 Scaeas
535 3457 558 3464 -
572 3429 921 3484 Anyeteyenlceic.

339 3487 443 3542 Cap.
492 3490 561 3531 20.
631 3501 718 3528 nou
766 3496 811 3529 ut
858 3494 951 3529 cet:
1007 3500 1119 3543 quae

254 3550 338 3588 iam
372 3551 615 3602 sequuntur
647 3546 869 3588 declarant
902 3548 1119 3603 quomodo

254 3607 297 3647 in
325 3606 441 3648 bona
474 3605 569 3649 Silii
597 3607 810 3647 saevitum
836 3608 915 3648 sit:
949 3606 1119 3648 scilicet

255 3676 309 3706 ex
354 3664 441 3707 illis
483 3663 635 3708 avulsa
675 3676 786 3721 quae
830 3665 882 3707 ab
919 3666 1118 3722 Augusto

1205 2661 1305 2698 sunt
1336 2655 1631 2709 provinciales
1665 2654 1792 2707 Galli,
1829 2667 1938 2710 quos
1967 2666 2076 2709 spo-

1206 2715 1392 2757 liaverat
1425 2714 1571 2757 Silius.
1636 2712 1703 2756 Cf.
1737 2713 1790 2756 ad
1820 2713 1880 2756 ΙΙΙ
1911 2713 1985 2757 46.

1293 2774 1523 2815 secundum
1553 2773 1908 2816 necessitudinem
1939 2772 2074 2828 lepis:

1207 2833 1320 2889 legis
1352 2833 1490 2875 Iuliae
1523 2832 1576 2874 de
1609 2835 1850 2876 maiestate.
1910 2831 1974 2874 Ea
2006 2837 2076 2873 ta-

1206 2906 1306 2934 men
1339 2894 1382 2933 in
1416 2893 1667 2934 universum
1692 2891 1960 2935 delatoribus
1978 2903 2076 2932 ma-

1207 2953 1378 2993 iestatis
1400 2953 1593 3006 praemia
1615 2951 1790 2994 videtur
1806 2952 2074 3006 promisisse,

1208 3017 1253 3051 ut
1276 3013 1318 3052 in
1339 3011 1524 3067 singulis
1552 3012 1694 3052 causis
1718 3012 2073 3061 constitueretur,

1207 3077 1412 3125 quantum
1446 3069 1640 3124 persolvi
1684 3072 1781 3113 istis
1823 3070 2073 3111 conveniat.

1209 3129 1275 3170 Cf.
1312 3144 1348 3171 c.
1384 3130 1456 3181 30,
1495 3128 1551 3170 Vl
1585 3129 1657 3182 47,
1693 3129 1793 3171 XVI
1825 3129 1898 3172 33.
1938 3127 1990 3169 Η.
2014 3126 2074 3168 lv

1206 3191 1278 3230 42.
1326 3189 1504 3230 Sueton.
1543 3187 1684 3229 'l'iber.
1718 3189 1789 3231 61.
1847 3187 1890 3230 Si
1925 3187 1986 3228 ita
2004 3199 2075 3229 res

1207 3260 1254 3288 sc
1312 3247 1486 3299 habuit,
1540 3246 1729 3302 Lepidus
1781 3246 1835 3289 ad
1884 3247 2076 3302 praemia

1207 3306 1534 3348 accusatoribus
1579 3308 1700 3348 iuxta
1744 3306 1890 3362 legem
1936 3304 2073 3348 danda

1206 3372 1401 3421 quartam
1433 3366 1645 3407 bonorum
1678 3372 1844 3421 partem
1877 3364 2072 3406 dest-inn-

1208 3427 1283 3477 vit,
1320 3426 1484 3468 veritus
1517 3439 1573 3467 ne
1605 3425 1702 3479 plus
1734 3424 2012 3465 tribueretur.

1293 3486 1558 3542 comperior.-
1592 3485 1703 3525 hanc
1722 3483 1928 3525 rariorem
1948 3478 2070 3522 verbi

1207 3546 1387 3586 formam
1437 3550 1479 3586 et
1531 3543 1746 3598 priscam,
1800 3545 1846 3580 ut
1898 3538 2072 3580 videtur

1208 3605 1402 3659 (terent.
1444 3603 1577 3645 Andr.
1624 3601 1660 3642 V
1702 3602 1730 3643 3
1761 3599 1870 3655 31),
1913 3599 2072 3640 ascivit

1207 3662 1409 3717 exemplo
1421 3660 1614 3706 Sallustii
1634 3656 1829 3715 Iugurth.
1842 3630 1899 3702 4⁹5
1910 3662 1953 3701 et
1970 3655 2067 3702 108.
