<?xml version="1.0" encoding="UTF-8"?>
<!DOCTYPE html PUBLIC "-//W3C//DTD XHTML 1.0 Transitional//EN"
    "http://www.w3.org/TR/xhtml1/DTD/xhtml1-transitional.dtd">
<html xmlns="http://www.w3.org/1999/xhtml" xml:lang="en" lang="en">
 <head>
  <title>
</title>
<meta http-equiv="Content-Type" content="text/html;charset=utf-8" />
  <meta name='ocr-system' content='tesseract 3.04.00' />
  <meta name='ocr-capabilities' content='ocr_page ocr_carea ocr_par ocr_line ocrx_word'/>
</head>
<body>
  <div class='ocr_page' id='page_1' title='image "./operaadcodicesan01taciuoft_0209.png"; bbox 0 0 2280 4004; ppageno 0'>
   <div class='ocr_carea' id='block_1_1' title="bbox 258 297 470 344">
    <p class='ocr_par' dir='ltr' id='par_1_1' title="bbox 258 297 470 344">
     <span class='ocr_line' id='line_1_1' title="bbox 258 297 470 344; baseline 0.009 -3"><span class='ocrx_word' id='word_1_1' title='bbox 258 309 289 341; x_wconf 73' lang='lat' dir='ltr'>a</span> <span class='ocrx_word' id='word_1_2' title='bbox 317 297 364 343; x_wconf 76' lang='lat' dir='ltr'>G.</span> <span class='ocrx_word' id='word_1_3' title='bbox 403 300 470 344; x_wconf 69' lang='lat'>17.</span> 
     </span>
    </p>
   </div>
   <div class='ocr_carea' id='block_1_2' title="bbox 841 297 1487 342">
    <p class='ocr_par' dir='ltr' id='par_1_2' title="bbox 841 297 1487 342">
     <span class='ocr_line' id='line_1_2' title="bbox 841 297 1487 342; baseline 0 0"><span class='ocrx_word' id='word_1_4' title='bbox 841 298 1006 342; x_wconf 84' lang='lat' dir='ltr'>LIBER</span> <span class='ocrx_word' id='word_1_5' title='bbox 1035 297 1086 342; x_wconf 80' lang='lat' dir='ltr'>n.</span> <span class='ocrx_word' id='word_1_6' title='bbox 1155 297 1265 342; x_wconf 59' lang='lat' dir='ltr'>Gn.</span> <span class='ocrx_word' id='word_1_7' title='bbox 1283 298 1487 342; x_wconf 12' lang='lat'>*46-48,</span> 
     </span>
    </p>
   </div>
   <div class='ocr_carea' id='block_1_3' title="bbox 1993 301 2087 345">
    <p class='ocr_par' dir='ltr' id='par_1_3' title="bbox 1993 301 2087 345">
     <span class='ocr_line' id='line_1_3' title="bbox 1993 301 2087 345; baseline 0 0"><span class='ocrx_word' id='word_1_8' title='bbox 1993 301 2087 345; x_wconf 63' lang='lat'>1281·</span> 
     </span>
    </p>
   </div>
   <div class='ocr_carea' id='block_1_4' title="bbox 257 440 2086 600">
    <p class='ocr_par' dir='ltr' id='par_1_4' title="bbox 257 440 2086 600">
     <span class='ocr_line' id='line_1_4' title="bbox 257 440 2084 508; baseline 0.001 -16"><span class='ocrx_word' id='word_1_9' title='bbox 257 446 509 493; x_wconf 86' lang='lat' dir='ltr'>nocturno</span> <span class='ocrx_word' id='word_1_10' title='bbox 548 446 685 493; x_wconf 86' lang='lat' dir='ltr'>motu</span> <span class='ocrx_word' id='word_1_11' title='bbox 720 444 920 505; x_wconf 82' lang='lat' dir='ltr'>terrae;</span> <span class='ocrx_word' id='word_1_12' title='bbox 957 453 1054 508; x_wconf 77' lang='lat' dir='ltr'>quo</span> <span class='ocrx_word' id='word_1_13' title='bbox 1089 440 1400 507; x_wconf 84' lang='lat' dir='ltr'>inprovisior</span> <span class='ocrx_word' id='word_1_14' title='bbox 1434 440 1744 507; x_wconf 74' lang='lat' dir='ltr'>graviorque</span> <span class='ocrx_word' id='word_1_15' title='bbox 1778 441 1935 507; x_wconf 89' lang='lat' dir='ltr'>pestis</span> <span class='ocrx_word' id='word_1_16' title='bbox 1976 442 2084 494; x_wconf 90' lang='lat' dir='ltr'>fuit.</span> 
     </span>
     <span class='ocr_line' id='line_1_5' title="bbox 258 532 2086 600; baseline 0 -14"><span class='ocrx_word' id='word_1_17' title='bbox 258 535 433 600; x_wconf 85' lang='lat' dir='ltr'><strong>Neque</strong></span> <span class='ocrx_word' id='word_1_18' title='bbox 472 534 674 586; x_wconf 86' lang='lat' dir='ltr'>solitum</span> <span class='ocrx_word' id='word_1_19' title='bbox 708 534 761 584; x_wconf 93' lang='lat' dir='ltr'>in</span> <span class='ocrx_word' id='word_1_20' title='bbox 794 534 880 584; x_wconf 89' lang='lat' dir='ltr'>tali</span> <span class='ocrx_word' id='word_1_21' title='bbox 921 545 1044 585; x_wconf 89' lang='lat' dir='ltr'>casu</span> <span class='ocrx_word' id='word_1_22' title='bbox 1090 532 1331 600; x_wconf 82' lang='lat' dir='ltr'>effugium</span> <span class='ocrx_word' id='word_1_23' title='bbox 1377 532 1737 598; x_wconf 80' lang='lat' dir='ltr'>subveniebat,</span> <span class='ocrx_word' id='word_1_24' title='bbox 1809 533 1861 583; x_wconf 90' lang='lat' dir='ltr'>in</span> <span class='ocrx_word' id='word_1_25' title='bbox 1914 539 2086 600; x_wconf 83' lang='lat' dir='ltr'>aperta</span> 
     </span>
    </p>
   </div>
   <div class='ocr_carea' id='block_1_5' title="bbox 257 624 1674 692">
    <p class='ocr_par' dir='ltr' id='par_1_5' title="bbox 257 624 1674 692">
     <span class='ocr_line' id='line_1_6' title="bbox 257 624 1674 692; baseline -0.001 -16"><span class='ocrx_word' id='word_1_26' title='bbox 257 626 643 692; x_wconf 87' lang='lat' dir='ltr'>prorumpendi,</span> <span class='ocrx_word' id='word_1_27' title='bbox 696 625 812 690; x_wconf 88' lang='lat' dir='ltr'>quia</span> <span class='ocrx_word' id='word_1_28' title='bbox 850 625 1068 676; x_wconf 89' lang='lat' dir='ltr'>diductis</span> <span class='ocrx_word' id='word_1_29' title='bbox 1108 625 1258 676; x_wconf 90' lang='lat' dir='ltr'>terris</span> <span class='ocrx_word' id='word_1_30' title='bbox 1296 624 1674 676; x_wconf 80' lang='lat' dir='ltr'>hauriebantur.</span> 
     </span>
    </p>
   </div>
   <div class='ocr_carea' id='block_1_6' title="bbox 1749 623 2089 678">
    <p class='ocr_par' dir='ltr' id='par_1_6' title="bbox 1749 623 2089 678">
     <span class='ocr_line' id='line_1_7' title="bbox 1749 623 2089 678; baseline -0.006 0"><span class='ocrx_word' id='word_1_31' title='bbox 1749 623 1956 678; x_wconf 89' lang='lat' dir='ltr'>Sedisse</span> <span class='ocrx_word' id='word_1_32' title='bbox 1989 626 2089 676; x_wconf 92' lang='lat' dir='ltr'>im-</span> 
     </span>
    </p>
   </div>
   <div class='ocr_carea' id='block_1_7' title="bbox 260 715 2087 782">
    <p class='ocr_par' dir='ltr' id='par_1_7' title="bbox 260 715 2087 782">
     <span class='ocr_line' id='line_1_8' title="bbox 260 715 2087 782; baseline 0 -15"><span class='ocrx_word' id='word_1_33' title='bbox 260 728 465 769; x_wconf 86' lang='lat' dir='ltr'>mensos</span> <span class='ocrx_word' id='word_1_34' title='bbox 504 721 730 779; x_wconf 82' lang='lat' dir='ltr'>monteS,</span> <span class='ocrx_word' id='word_1_35' title='bbox 768 716 877 767; x_wconf 86' lang='lat' dir='ltr'>visa</span> <span class='ocrx_word' id='word_1_36' title='bbox 915 717 968 766; x_wconf 89' lang='lat' dir='ltr'>in</span> <span class='ocrx_word' id='word_1_37' title='bbox 1006 716 1166 767; x_wconf 89' lang='lat' dir='ltr'>arduo</span> <span class='ocrx_word' id='word_1_38' title='bbox 1206 731 1336 782; x_wconf 86' lang='lat' dir='ltr'>quae</span> <span class='ocrx_word' id='word_1_39' title='bbox 1372 716 1521 782; x_wconf 90' lang='lat' dir='ltr'>plana</span> <span class='ocrx_word' id='word_1_40' title='bbox 1563 716 1784 781; x_wconf 81' lang='lat' dir='ltr'>sueri-nt,</span> <span class='ocrx_word' id='word_1_41' title='bbox 1833 715 2087 767; x_wconf 82' lang='lat' dir='ltr'>effulsisse</span> 
     </span>
    </p>
   </div>
   <div class='ocr_carea' id='block_1_8' title="bbox 259 806 1166 872">
    <p class='ocr_par' dir='ltr' id='par_1_8' title="bbox 259 806 1166 872">
     <span class='ocr_line' id='line_1_9' title="bbox 259 806 1166 872; baseline 0.001 -16"><span class='ocrx_word' id='word_1_42' title='bbox 259 807 391 859; x_wconf 87' lang='lat' dir='ltr'>inter</span> <span class='ocrx_word' id='word_1_43' title='bbox 426 807 623 857; x_wconf 87' lang='lat' dir='ltr'>ruinam</span> <span class='ocrx_word' id='word_1_44' title='bbox 675 806 824 872; x_wconf 86' lang='lat' dir='ltr'>ignes</span> <span class='ocrx_word' id='word_1_45' title='bbox 870 812 1166 858; x_wconf 89' lang='lat' dir='ltr'>memorant.</span> 
     </span>
    </p>
   </div>
   <div class='ocr_carea' id='block_1_9' title="bbox 1243 806 2126 872">
    <p class='ocr_par' dir='ltr' id='par_1_9' title="bbox 1243 806 2126 872">
     <span class='ocr_line' id='line_1_10' title="bbox 1243 806 2126 872; baseline 0.003 -16"><span class='ocrx_word' id='word_1_46' title='bbox 1243 806 1537 872; x_wconf 86' lang='lat' dir='ltr'>Asperrima</span> <span class='ocrx_word' id='word_1_47' title='bbox 1574 808 1625 857; x_wconf 87' lang='lat' dir='ltr'>in</span> <span class='ocrx_word' id='word_1_48' title='bbox 1662 807 1940 860; x_wconf 84' lang='lat' dir='ltr'>Sardianos</span> <span class='ocrx_word' id='word_1_49' title='bbox 1977 806 2126 864; x_wconf 69' lang='lat' dir='ltr'>luess</span> 
     </span>
    </p>
   </div>
   <div class='ocr_carea' id='block_1_10' title="bbox 257 895 2089 1153">
    <p class='ocr_par' dir='ltr' id='par_1_10' title="bbox 257 895 2089 1153">
     <span class='ocr_line' id='line_1_11' title="bbox 258 895 2089 964; baseline 0.001 -16"><span class='ocrx_word' id='word_1_50' title='bbox 258 897 522 964; x_wconf 84' lang='lat' dir='ltr'>plurimum</span> <span class='ocrx_word' id='word_1_51' title='bbox 557 896 609 945; x_wconf 92' lang='lat' dir='ltr'>in</span> <span class='ocrx_word' id='word_1_52' title='bbox 643 895 852 946; x_wconf 89' lang='lat' dir='ltr'>eosdem</span> <span class='ocrx_word' id='word_1_53' title='bbox 881 897 1268 948; x_wconf 82' lang='lat' dir='ltr'><strong>misericordiae</strong></span> <span class='ocrx_word' id='word_1_54' title='bbox 1300 898 1477 948; x_wconf 85' lang='lat' dir='ltr'>traxit:</span> <span class='ocrx_word' id='word_1_55' title='bbox 1513 913 1627 949; x_wconf 91' lang='lat' dir='ltr'>nam</span> <span class='ocrx_word' id='word_1_56' title='bbox 1668 898 1860 950; x_wconf 81' lang='lat' dir='ltr'><strong>centies</strong></span> <span class='ocrx_word' id='word_1_57' title='bbox 1895 902 2089 949; x_wconf 86' lang='lat' dir='ltr'>sester-</span> 
     </span>
     <span class='ocr_line' id='line_1_12' title="bbox 257 986 2089 1069; baseline 0.001 -31"><span class='ocrx_word' id='word_1_58' title='bbox 257 988 377 1069; x_wconf 59' lang='lat' dir='ltr'>tium</span> <span class='ocrx_word' id='word_1_59' title='bbox 403 986 655 1053; x_wconf 83' lang='lat' dir='ltr'>pollicitus</span> <span class='ocrx_word' id='word_1_60' title='bbox 686 987 894 1051; x_wconf 86' lang='lat' dir='ltr'>Caesar,</span> <span class='ocrx_word' id='word_1_61' title='bbox 933 992 982 1038; x_wconf 87' lang='lat' dir='ltr'>et</span> <span class='ocrx_word' id='word_1_62' title='bbox 1009 993 1243 1053; x_wconf 82' lang='lat' dir='ltr'>quantum</span> <span class='ocrx_word' id='word_1_63' title='bbox 1270 989 1470 1039; x_wconf 83' lang='lat' dir='ltr'>aerario</span> <span class='ocrx_word' id='word_1_64' title='bbox 1508 994 1591 1039; x_wconf 87' lang='lat' dir='ltr'>aut</span> <span class='ocrx_word' id='word_1_65' title='bbox 1626 989 1750 1040; x_wconf 88' lang='lat' dir='ltr'>fisco</span> <span class='ocrx_word' id='word_1_66' title='bbox 1780 988 2089 1055; x_wconf 76' lang='lat' dir='ltr'>pendebant,</span> 
     </span>
     <span class='ocr_line' id='line_1_13' title="bbox 257 1077 2086 1153; baseline 0.001 -25"><span class='ocrx_word' id='word_1_67' title='bbox 257 1078 309 1128; x_wconf 87' lang='lat' dir='ltr'>in</span> <span class='ocrx_word' id='word_1_68' title='bbox 346 1077 741 1143; x_wconf 77' lang='lat' dir='ltr'>quinquennium</span> <span class='ocrx_word' id='word_1_69' title='bbox 780 1077 994 1128; x_wconf 79' lang='lat' dir='ltr'>remisit.</span> <span class='ocrx_word' id='word_1_70' title='bbox 1066 1078 1616 1153; x_wconf 34' lang='lat' dir='ltr'>Qagllffiqss-..aesipylo</span> <span class='ocrx_word' id='word_1_71' title='bbox 1652 1080 1868 1144; x_wconf 85' lang='lat' dir='ltr'><strong>proximi</strong></span> <span class='ocrx_word' id='word_1_72' title='bbox 1903 1080 2086 1131; x_wconf 90' lang='lat' dir='ltr'>damno</span> 
     </span>
    </p>
   </div>
   <div class='ocr_carea' id='block_1_11' title="bbox 256 1169 792 1221">
    <p class='ocr_par' dir='ltr' id='par_1_11' title="bbox 256 1169 792 1221">
     <span class='ocr_line' id='line_1_14' title="bbox 256 1169 792 1221; baseline 0 -3"><span class='ocrx_word' id='word_1_73' title='bbox 256 1183 316 1219; x_wconf 85' lang='lat' dir='ltr'>ac</span> <span class='ocrx_word' id='word_1_74' title='bbox 351 1169 581 1221; x_wconf 79' lang='lat' dir='ltr'>remedio</span> <span class='ocrx_word' id='word_1_75' title='bbox 618 1169 792 1219; x_wconf 88' lang='lat' dir='ltr'>habiti.</span> 
     </span>
    </p>
   </div>
   <div class='ocr_carea' id='block_1_12' title="bbox 869 1169 2089 1236">
    <p class='ocr_par' dir='ltr' id='par_1_12' title="bbox 869 1169 2089 1236">
     <span class='ocr_line' id='line_1_15' title="bbox 869 1169 2089 1236; baseline 0.002 -17"><span class='ocrx_word' id='word_1_76' title='bbox 869 1169 1121 1233; x_wconf 82' lang='lat' dir='ltr'>Temnios,</span> <span class='ocrx_word' id='word_1_77' title='bbox 1149 1169 1588 1235; x_wconf 77' lang='lat' dir='ltr'>PhiladelphenOS,</span> <span class='ocrx_word' id='word_1_78' title='bbox 1619 1171 1895 1236; x_wconf 82' lang='lat' dir='ltr'>AegeataS,</span> <span class='ocrx_word' id='word_1_79' title='bbox 1925 1170 2089 1236; x_wconf 84' lang='lat' dir='ltr'>Apol-</span> 
     </span>
    </p>
   </div>
   <div class='ocr_carea' id='block_1_13' title="bbox 254 1258 2152 1690">
    <p class='ocr_par' dir='ltr' id='par_1_13' title="bbox 254 1258 2152 1690">
     <span class='ocr_line' id='line_1_16' title="bbox 254 1258 2152 1327; baseline 0.002 -17"><span class='ocrx_word' id='word_1_80' title='bbox 254 1258 579 1324; x_wconf 86' lang='lat' dir='ltr'>lonidenses,</span> <span class='ocrx_word' id='word_1_81' title='bbox 620 1259 804 1325; x_wconf 82' lang='lat' dir='ltr'>quique</span> <span class='ocrx_word' id='word_1_82' title='bbox 842 1259 1057 1311; x_wconf 81' lang='lat' dir='ltr'>Mosteni</span> <span class='ocrx_word' id='word_1_83' title='bbox 1095 1265 1179 1310; x_wconf 90' lang='lat' dir='ltr'>aut</span> <span class='ocrx_word' id='word_1_84' title='bbox 1213 1260 1522 1312; x_wconf 82' lang='lat' dir='ltr'>Macedones</span> <span class='ocrx_word' id='word_1_85' title='bbox 1561 1260 1782 1327; x_wconf 84' lang='lat' dir='ltr'>Hyrcani</span> <span class='ocrx_word' id='word_1_86' title='bbox 1821 1268 2085 1327; x_wconf 85' lang='lat' dir='ltr'>vocantur,</span> <span class='ocrx_word' id='word_1_87' title='bbox 2105 1281 2152 1322; x_wconf 73' lang='grc' dir='ltr'>ιο</span> 
     </span>
     <span class='ocr_line' id='line_1_17' title="bbox 259 1350 2088 1417; baseline 0.001 -15"><span class='ocrx_word' id='word_1_88' title='bbox 259 1356 308 1402; x_wconf 81' lang='lat' dir='ltr'>et</span> <span class='ocrx_word' id='word_1_89' title='bbox 341 1350 800 1415; x_wconf 85' lang='lat' dir='ltr'>Hierocaesariam,</span> <span class='ocrx_word' id='word_1_90' title='bbox 839 1351 1103 1417; x_wconf 81' lang='lat' dir='ltr'>Myrinam,</span> <span class='ocrx_word' id='word_1_91' title='bbox 1145 1351 1362 1417; x_wconf 78' lang='lat' dir='ltr'>Cymen,</span> <span class='ocrx_word' id='word_1_92' title='bbox 1403 1351 1627 1402; x_wconf 86' lang='lat' dir='ltr'>Tmolum</span> <span class='ocrx_word' id='word_1_93' title='bbox 1666 1351 1826 1403; x_wconf 86' lang='lat' dir='ltr'>levari</span> <span class='ocrx_word' id='word_1_94' title='bbox 1865 1353 1997 1404; x_wconf 91' lang='lat' dir='ltr'>idem</span> <span class='ocrx_word' id='word_1_95' title='bbox 2035 1354 2088 1404; x_wconf 90' lang='lat' dir='ltr'>in</span> 
     </span>
     <span class='ocr_line' id='line_1_18' title="bbox 255 1442 2089 1510; baseline 0.003 -20"><span class='ocrx_word' id='word_1_96' title='bbox 255 1446 448 1507; x_wconf 88' lang='lat' dir='ltr'>tempus</span> <span class='ocrx_word' id='word_1_97' title='bbox 484 1442 700 1506; x_wconf 85' lang='lat' dir='ltr'>tributis,</span> <span class='ocrx_word' id='word_1_98' title='bbox 738 1442 965 1508; x_wconf 78' lang='lat' dir='ltr'>mittique</span> <span class='ocrx_word' id='word_1_99' title='bbox 1002 1456 1065 1493; x_wconf 88' lang='lat' dir='ltr'>ex</span> <span class='ocrx_word' id='word_1_100' title='bbox 1091 1447 1271 1493; x_wconf 88' lang='lat' dir='ltr'>senatu</span> <span class='ocrx_word' id='word_1_101' title='bbox 1306 1443 1494 1508; x_wconf 85' lang='lat' dir='ltr'>placuit</span> <span class='ocrx_word' id='word_1_102' title='bbox 1524 1443 1608 1508; x_wconf 89' lang='lat' dir='ltr'>qui</span> <span class='ocrx_word' id='word_1_103' title='bbox 1644 1445 1932 1509; x_wconf 88' lang='lat' dir='ltr'>praesentia</span> <span class='ocrx_word' id='word_1_104' title='bbox 1967 1459 2089 1510; x_wconf 86' lang='lat' dir='ltr'>spe-</span> 
     </span>
     <span class='ocr_line' id='line_1_19' title="bbox 258 1532 2084 1601; baseline 0.002 -18"><span class='ocrx_word' id='word_1_105' title='bbox 258 1537 418 1583; x_wconf 87' lang='lat' dir='ltr'>ctaret</span> <span class='ocrx_word' id='word_1_106' title='bbox 451 1533 824 1598; x_wconf 77' lang='lat' dir='ltr'>refoveretque.</span> <span class='ocrx_word' id='word_1_107' title='bbox 898 1532 1138 1584; x_wconf 87' lang='lat' dir='ltr'>Delectus</span> <span class='ocrx_word' id='word_1_108' title='bbox 1178 1539 1257 1585; x_wconf 91' lang='lat' dir='ltr'>est</span> <span class='ocrx_word' id='word_1_109' title='bbox 1289 1535 1492 1587; x_wconf 85' lang='lat' dir='ltr'>Marcus</span> <span class='ocrx_word' id='word_1_110' title='bbox 1516 1534 1693 1586; x_wconf 88' lang='lat' dir='ltr'>Aletus</span> <span class='ocrx_word' id='word_1_111' title='bbox 1732 1550 1760 1586; x_wconf 88' lang='lat' dir='ltr'>e</span> <span class='ocrx_word' id='word_1_112' title='bbox 1795 1536 2084 1601; x_wconf 83' lang='lat' dir='ltr'>praetoriiS,</span> 
     </span>
     <span class='ocr_line' id='line_1_20' title="bbox 256 1623 2085 1690; baseline 0.002 -16"><span class='ocrx_word' id='word_1_113' title='bbox 256 1639 322 1675; x_wconf 90' lang='lat' dir='ltr'>ne</span> <span class='ocrx_word' id='word_1_114' title='bbox 361 1623 616 1674; x_wconf 90' lang='lat' dir='ltr'>consulari</span> <span class='ocrx_word' id='word_1_115' title='bbox 657 1623 916 1674; x_wconf 87' lang='lat' dir='ltr'>obtinente</span> <span class='ocrx_word' id='word_1_116' title='bbox 953 1623 1127 1675; x_wconf 89' lang='lat' dir='ltr'>Asiam</span> <span class='ocrx_word' id='word_1_117' title='bbox 1170 1625 1438 1677; x_wconf 89' lang='lat' dir='ltr'>aemulatio</span> <span class='ocrx_word' id='word_1_118' title='bbox 1479 1626 1612 1676; x_wconf 89' lang='lat' dir='ltr'>inter</span> <span class='ocrx_word' id='word_1_119' title='bbox 1646 1640 1796 1690; x_wconf 85' lang='lat' dir='ltr'>pares</span> <span class='ocrx_word' id='word_1_120' title='bbox 1838 1630 1886 1676; x_wconf 90' lang='lat' dir='ltr'>et</span> <span class='ocrx_word' id='word_1_121' title='bbox 1921 1642 1985 1677; x_wconf 87' lang='lat' dir='ltr'>ex</span> <span class='ocrx_word' id='word_1_122' title='bbox 2023 1641 2085 1677; x_wconf 92' lang='lat' dir='ltr'>eo</span> 
     </span>
    </p>
   </div>
   <div class='ocr_carea' id='block_1_14' title="bbox 173 1712 2150 1786">
    <p class='ocr_par' dir='ltr' id='par_1_14' title="bbox 173 1712 2150 1786">
     <span class='ocr_line' id='line_1_21' title="bbox 173 1712 2150 1786; baseline 0.004 -21"><span class='ocrx_word' id='word_1_123' title='bbox 173 1716 662 1784; x_wconf 77' lang='lat' dir='ltr'>48in1pedimentum</span> <span class='ocrx_word' id='word_1_124' title='bbox 709 1724 955 1770; x_wconf 82' lang='lat' dir='ltr'>oreretur.</span> <span class='ocrx_word' id='word_1_125' title='bbox 1030 1715 1348 1785; x_wconf 81' lang='lat' dir='ltr'>Magnificam</span> <span class='ocrx_word' id='word_1_126' title='bbox 1387 1712 1439 1768; x_wconf 85' lang='lat' dir='ltr'>in</span> <span class='ocrx_word' id='word_1_127' title='bbox 1473 1719 1726 1784; x_wconf 91' lang='lat' dir='ltr'>publicum</span> <span class='ocrx_word' id='word_1_128' title='bbox 1762 1718 2150 1786; x_wconf 79' lang='lat' dir='ltr'>largitionem1⁵</span> 
     </span>
    </p>
   </div>
   <div class='ocr_carea' id='block_1_15' title="bbox 375 1857 2088 1913">
    <p class='ocr_par' dir='ltr' id='par_1_15' title="bbox 375 1857 2088 1913">
     <span class='ocr_line' id='line_1_22' title="bbox 375 1857 2088 1913; baseline 0 -15"><span class='ocrx_word' id='word_1_129' title='bbox 375 1858 417 1900; x_wconf 85' lang='lat'>2.</span> <span class='ocrx_word' id='word_1_130' title='bbox 452 1857 636 1913; x_wconf 73' lang='lat' dir='ltr'>effiyium</span> <span class='ocrx_word' id='word_1_131' title='bbox 658 1863 701 1898; x_wconf 91' lang='lat' dir='ltr'>et</span> <span class='ocrx_word' id='word_1_132' title='bbox 729 1859 770 1900; x_wconf 72' lang='lat'>3.</span> <span class='ocrx_word' id='word_1_133' title='bbox 807 1857 1079 1899; x_wconf 76' lang='grc' dir='ltr'>άεάαοεὶεΜ·</span> <span class='ocrx_word' id='word_1_134' title='bbox 1115 1859 1305 1899; x_wconf 84' lang='lat' dir='ltr'>correxit</span> <span class='ocrx_word' id='word_1_135' title='bbox 1332 1857 1588 1900; x_wconf 87' lang='lat' dir='ltr'>Beroaldus</span> <span class='ocrx_word' id='word_1_136' title='bbox 1653 1858 1755 1899; x_wconf 79' lang='lat' dir='ltr'>inm.</span> <span class='ocrx_word' id='word_1_137' title='bbox 1781 1857 1835 1899; x_wconf 92' lang='lat' dir='ltr'>M.</span> <span class='ocrx_word' id='word_1_138' title='bbox 1900 1858 1942 1899; x_wconf 94' lang='lat'>5.</span> <span class='ocrx_word' id='word_1_139' title='bbox 1966 1857 2088 1911; x_wconf 67' lang='lat' dir='ltr'>ignes</span> 
     </span>
    </p>
   </div>
   <div class='ocr_carea' id='block_1_16' title="bbox 257 1912 955 1972">
    <p class='ocr_par' dir='ltr' id='par_1_16' title="bbox 257 1912 955 1972">
     <span class='ocr_line' id='line_1_23' title="bbox 257 1912 955 1972; baseline 0.001 -15"><span class='ocrx_word' id='word_1_140' title='bbox 257 1915 312 1967; x_wconf 93' lang='lat' dir='ltr'>M,</span> <span class='ocrx_word' id='word_1_141' title='bbox 346 1926 436 1956; x_wconf 84' lang='lat' dir='ltr'>non</span> <span class='ocrx_word' id='word_1_142' title='bbox 467 1917 593 1971; x_wconf 64' lang='lat' dir='ltr'>ignis.</span> <span class='ocrx_word' id='word_1_143' title='bbox 656 1912 699 1958; x_wconf 93' lang='lat'>8.</span> <span class='ocrx_word' id='word_1_144' title='bbox 734 1916 868 1972; x_wconf 79' lang='lat' dir='ltr'>sypilo</span> <span class='ocrx_word' id='word_1_145' title='bbox 901 1917 955 1958; x_wconf 88' lang='lat' dir='ltr'>M.</span> 
     </span>
    </p>
   </div>
   <div class='ocr_carea' id='block_1_17' title="bbox 1049 1916 1328 1960">
    <p class='ocr_par' dir='ltr' id='par_1_17' title="bbox 1049 1916 1328 1960">
     <span class='ocr_line' id='line_1_24' title="bbox 1049 1916 1328 1960; baseline -0.008 0"><span class='ocrx_word' id='word_1_146' title='bbox 1049 1917 1089 1960; x_wconf 90' lang='grc'><strong>9.</strong></span> <span class='ocrx_word' id='word_1_147' title='bbox 1125 1917 1247 1959; x_wconf 81' lang='lat' dir='ltr'>habit</span> <span class='ocrx_word' id='word_1_148' title='bbox 1274 1916 1328 1959; x_wconf 94' lang='lat' dir='ltr'>M.</span> 
     </span>
    </p>
   </div>
   <div class='ocr_carea' id='block_1_18' title="bbox 1409 1914 2086 1972">
    <p class='ocr_par' dir='ltr' id='par_1_18' title="bbox 1409 1914 2086 1972">
     <span class='ocr_line' id='line_1_25' title="bbox 1409 1914 2086 1972; baseline -0.004 -14"><span class='ocrx_word' id='word_1_149' title='bbox 1409 1916 1765 1972; x_wconf 78' lang='lat' dir='ltr'>Apollonidenses</span> <span class='ocrx_word' id='word_1_150' title='bbox 1796 1914 1871 1958; x_wconf 88' lang='lat' dir='ltr'>vel</span> <span class='ocrx_word' id='word_1_151' title='bbox 1902 1915 1969 1972; x_wconf 79' lang='lat' dir='ltr'>Ap</span> <span class='ocrx_word' id='word_1_152' title='bbox 1974 1914 2086 1956; x_wconf 79' lang='lat' dir='ltr'>ollo-</span> 
     </span>
    </p>
   </div>
   <div class='ocr_carea' id='block_1_19' title="bbox 255 1930 2087 2032">
    <p class='ocr_par' dir='ltr' id='par_1_19' title="bbox 255 1930 2087 2032">
     <span class='ocr_line' id='line_1_26' title="bbox 255 1930 2087 2032; baseline 0 -17"><span class='ocrx_word' id='word_1_153' title='bbox 255 1947 468 2016; x_wconf 62' lang='lat' dir='ltr'>ni&#39;dienses</span> <span class='ocrx_word' id='word_1_154' title='bbox 495 1974 750 2017; x_wconf 81' lang='lat' dir='ltr'>Ernestius:</span> <span class='ocrx_word' id='word_1_155' title='bbox 772 1976 808 2017; x_wconf 83' lang='lat' dir='ltr'>M</span> <span class='ocrx_word' id='word_1_156' title='bbox 831 1975 1171 2032; x_wconf 84' lang='lat' dir='ltr'>Apollonienses.</span> <span class='ocrx_word' id='word_1_157' title='bbox 1239 1977 1308 2020; x_wconf 88' lang='grc'><strong>10.</strong></span> <span class='ocrx_word' id='word_1_158' title='bbox 1344 1977 1416 2030; x_wconf 81' lang='lat' dir='ltr'>qui</span> <span class='ocrx_word' id='word_1_159' title='bbox 1446 1990 1566 2030; x_wconf 83' lang='lat' dir='ltr'>quem</span> <span class='ocrx_word' id='word_1_160' title='bbox 1588 1978 1723 2018; x_wconf 82' lang='lat' dir='ltr'>ostem·</span> <span class='ocrx_word' id='word_1_161' title='bbox 1747 1975 1800 2018; x_wconf 88' lang='grc' dir='ltr'><strong>Μ.</strong></span> <span class='ocrx_word' id='word_1_162' title='bbox 1867 1976 1935 2016; x_wconf 86' lang='lat'>11.</span> <span class='ocrx_word' id='word_1_163' title='bbox 1939 1930 2087 2016; x_wconf 70' lang='lat' dir='ltr'>Phiero</span> 
     </span>
    </p>
   </div>
   <div class='ocr_carea' id='block_1_20' title="bbox 260 2034 587 2149">
    <p class='ocr_par' dir='ltr' id='par_1_20' title="bbox 260 2034 587 2149">
     <span class='ocr_line' id='line_1_27' title="bbox 260 2034 587 2077; baseline 0.006 -3"><span class='ocrx_word' id='word_1_164' title='bbox 260 2036 502 2076; x_wconf 78' lang='lat' dir='ltr'>caesariam</span> <span class='ocrx_word' id='word_1_165' title='bbox 534 2034 587 2077; x_wconf 90' lang='lat' dir='ltr'>M.</span> 
     </span>
     <span class='ocr_line' id='line_1_28' title="bbox 260 2094 480 2149; baseline 0.005 -15"><span class='ocrx_word' id='word_1_166' title='bbox 260 2094 480 2149; x_wconf 75' lang='lat' dir='ltr'>on’retur).</span> 
     </span>
    </p>
   </div>
   <div class='ocr_carea' id='block_1_21' title="bbox 691 2035 1122 2090">
    <p class='ocr_par' dir='ltr' id='par_1_21' title="bbox 691 2035 1122 2090">
     <span class='ocr_line' id='line_1_29' title="bbox 691 2035 1122 2090; baseline 0.005 -14"><span class='ocrx_word' id='word_1_167' title='bbox 691 2043 855 2090; x_wconf 83' lang='lat' dir='ltr'>cyment</span> <span class='ocrx_word' id='word_1_168' title='bbox 884 2035 1039 2077; x_wconf 85' lang='lat' dir='ltr'>molum</span> <span class='ocrx_word' id='word_1_169' title='bbox 1070 2035 1122 2078; x_wconf 86' lang='lat' dir='ltr'>M.</span> 
     </span>
    </p>
   </div>
   <div class='ocr_carea' id='block_1_22' title="bbox 222 2192 1131 3719">
    <p class='ocr_par' dir='ltr' id='par_1_22' title="bbox 220 2192 1130 2549">
     <span class='ocr_line' id='line_1_30' title="bbox 345 2192 1128 2250; baseline 0.001 -15"><span class='ocrx_word' id='word_1_170' title='bbox 345 2192 568 2249; x_wconf 68' lang='lat' dir='ltr'>Maqnetes</span> <span class='ocrx_word' id='word_1_171' title='bbox 608 2207 636 2234; x_wconf 82' lang='lat' dir='ltr'><strong><em>a</em></strong></span> <span class='ocrx_word' id='word_1_172' title='bbox 674 2194 849 2250; x_wconf 78' lang='lat' dir='ltr'>Sipylo.-</span> <span class='ocrx_word' id='word_1_173' title='bbox 894 2193 994 2235; x_wconf 86' lang='lat' dir='ltr'>urbs</span> <span class='ocrx_word' id='word_1_174' title='bbox 1034 2194 1128 2236; x_wconf 86' lang='lat' dir='ltr'>Ma-</span> 
     </span>
     <span class='ocr_line' id='line_1_31' title="bbox 227 2252 1128 2307; baseline 0.001 -14"><span class='ocrx_word' id='word_1_175' title='bbox 227 2253 411 2307; x_wconf 69' lang='lat' dir='ltr'>}gnesia</span> <span class='ocrx_word' id='word_1_176' title='bbox 452 2253 496 2293; x_wconf 89' lang='lat' dir='ltr'>in</span> <span class='ocrx_word' id='word_1_177' title='bbox 537 2252 756 2294; x_wconf 85' lang='lat' dir='ltr'>radicibus</span> <span class='ocrx_word' id='word_1_178' title='bbox 797 2252 936 2307; x_wconf 84' lang='lat' dir='ltr'>Sipyli</span> <span class='ocrx_word' id='word_1_179' title='bbox 969 2255 1128 2294; x_wconf 86' lang='lat' dir='ltr'>montis</span> 
     </span>
     <span class='ocr_line' id='line_1_32' title="bbox 224 2310 1130 2366; baseline 0.001 -14"><span class='ocrx_word' id='word_1_180' title='bbox 224 2312 227 2338; x_wconf 68' lang='lat'><em>³</em></span> <span class='ocrx_word' id='word_1_181' title='bbox 256 2310 420 2364; x_wconf 79' lang='lat' dir='ltr'>Lydiae</span> <span class='ocrx_word' id='word_1_182' title='bbox 461 2324 548 2352; x_wconf 93' lang='lat' dir='ltr'>non</span> <span class='ocrx_word' id='word_1_183' title='bbox 581 2312 734 2366; x_wconf 87' lang='lat' dir='ltr'>procul</span> <span class='ocrx_word' id='word_1_184' title='bbox 777 2326 801 2354; x_wconf 93' lang='lat' dir='ltr'>a</span> <span class='ocrx_word' id='word_1_185' title='bbox 834 2313 1015 2366; x_wconf 81' lang='lat' dir='ltr'>Smyrna</span> <span class='ocrx_word' id='word_1_186' title='bbox 1047 2314 1130 2354; x_wconf 87' lang='lat' dir='ltr'>sita</span> 
     </span>
     <span class='ocr_line' id='line_1_33' title="bbox 222 2371 1130 2439; baseline 0.001 -29"><span class='ocrx_word' id='word_1_187' title='bbox 222 2387 225 2411; x_wconf 76' lang='grc' dir='ltr'>ε</span> <span class='ocrx_word' id='word_1_188' title='bbox 258 2375 378 2423; x_wconf 82' lang='lat' dir='ltr'>erat3</span> <span class='ocrx_word' id='word_1_189' title='bbox 428 2371 576 2425; x_wconf 81' lang='lat' dir='ltr'>itaque</span> <span class='ocrx_word' id='word_1_190' title='bbox 625 2371 850 2439; x_wconf 65' lang='lat' dir='ltr'>Maqnetes</span> <span class='ocrx_word' id='word_1_191' title='bbox 896 2385 924 2412; x_wconf 82' lang='lat' dir='ltr'><em>a</em></span> <span class='ocrx_word' id='word_1_192' title='bbox 981 2372 1130 2427; x_wconf 71' lang='lat' dir='ltr'>Sipylo</span> 
     </span>
     <span class='ocr_line' id='line_1_34' title="bbox 257 2429 1131 2490; baseline 0.003 -19.878"><span class='ocrx_word' id='word_1_193' title='bbox 257 2435 358 2470; x_wconf 77' lang='lat' dir='ltr'>suut</span> <span class='ocrx_word' id='word_1_194' title='bbox 389 2429 584 2490; x_wconf 79' lang='lat' dir='ltr'>incolae</span> <span class='ocrx_word' id='word_1_195' title='bbox 595 2431 699 2485; x_wconf 79' lang='lat' dir='ltr'>eius</span> <span class='ocrx_word' id='word_1_196' title='bbox 704 2431 852 2489; x_wconf 79' lang='lat' dir='ltr'>urbis,</span> <span class='ocrx_word' id='word_1_197' title='bbox 888 2444 1025 2490; x_wconf 77' lang='lat' dir='ltr'>qua-e</span> <span class='ocrx_word' id='word_1_198' title='bbox 1026 2431 1131 2481; x_wconf 82' lang='lat' dir='ltr'>inde</span> 
     </span>
     <span class='ocr_line' id='line_1_35' title="bbox 259 2463 1128 2557; baseline 0.002 -28"><span class='ocrx_word' id='word_1_199' title='bbox 259 2487 502 2557; x_wconf 47' lang='lat' dir='ltr'>(SPE-yso</span> <span class='ocrx_word' id='word_1_200' title='bbox 499 2491 780 2546; x_wconf 75' lang='lat' dir='ltr'>conspicitur</span> <span class='ocrx_word' id='word_1_201' title='bbox 835 2463 1033 2544; x_wconf 72' lang='lat' dir='ltr'>Respicit</span> <span class='ocrx_word' id='word_1_202' title='bbox 1055 2492 1128 2545; x_wconf 90' lang='lat' dir='ltr'>qui</span> 
     </span>
    </p>

    <p class='ocr_par' dir='ltr' id='par_1_23' title="bbox 223 2542 1131 3719">
     <span class='ocr_line' id='line_1_36' title="bbox 223 2542 1128 2604; baseline 0.003 -17"><span class='ocrx_word' id='word_1_203' title='bbox 223 2595 226 2599; x_wconf 87' lang='lat'>.</span> <span class='ocrx_word' id='word_1_204' title='bbox 258 2542 319 2588; x_wconf 83' lang='lat' dir='ltr'>ita</span> <span class='ocrx_word' id='word_1_205' title='bbox 329 2542 499 2589; x_wconf 64' lang='lat' dir='ltr'>scfflist</span> <span class='ocrx_word' id='word_1_206' title='bbox 529 2549 794 2601; x_wconf 81' lang='lat' dir='ltr'>aspicientes</span> <span class='ocrx_word' id='word_1_207' title='bbox 826 2561 926 2601; x_wconf 83' lang='lat' dir='ltr'>eos,</span> <span class='ocrx_word' id='word_1_208' title='bbox 969 2551 1041 2604; x_wconf 84' lang='lat' dir='ltr'>qui</span> <span class='ocrx_word' id='word_1_209' title='bbox 1074 2550 1128 2590; x_wconf 86' lang='lat' dir='ltr'>ab</span> 
     </span>
     <span class='ocr_line' id='line_1_37' title="bbox 261 2604 1128 2664; baseline 0.003 -17"><span class='ocrx_word' id='word_1_210' title='bbox 261 2604 500 2648; x_wconf 81' lang='lat' dir='ltr'>Occidente</span> <span class='ocrx_word' id='word_1_211' title='bbox 516 2606 736 2649; x_wconf 79' lang='lat' dir='ltr'>Orientem</span> <span class='ocrx_word' id='word_1_212' title='bbox 770 2622 796 2649; x_wconf 87' lang='lat' dir='ltr'>v</span> <span class='ocrx_word' id='word_1_213' title='bbox 803 2621 922 2649; x_wconf 84' lang='lat' dir='ltr'>ersus</span> <span class='ocrx_word' id='word_1_214' title='bbox 945 2608 1128 2664; x_wconf 82' lang='lat' dir='ltr'>Magne-</span> 
     </span>
     <span class='ocr_line' id='line_1_38' title="bbox 260 2665 1128 2709; baseline 0.003 -3"><span class='ocrx_word' id='word_1_215' title='bbox 260 2666 366 2706; x_wconf 84' lang='lat' dir='ltr'>siam</span> <span class='ocrx_word' id='word_1_216' title='bbox 414 2665 588 2708; x_wconf 83' lang='lat' dir='ltr'>adeunt.</span> <span class='ocrx_word' id='word_1_217' title='bbox 650 2666 829 2708; x_wconf 79' lang='lat' dir='ltr'>Inversa</span> <span class='ocrx_word' id='word_1_218' title='bbox 872 2668 1040 2708; x_wconf 75' lang='lat' dir='ltr'>latione</span> <span class='ocrx_word' id='word_1_219' title='bbox 1090 2669 1128 2709; x_wconf 88' lang='lat' dir='ltr'>si</span> 
     </span>
     <span class='ocr_line' id='line_1_39' title="bbox 260 2723 1128 2780; baseline 0.005 -16"><span class='ocrx_word' id='word_1_220' title='bbox 260 2723 458 2766; x_wconf 76' lang='lat' dir='ltr'>homines</span> <span class='ocrx_word' id='word_1_221' title='bbox 480 2738 533 2766; x_wconf 83' lang='lat' dir='ltr'>ex</span> <span class='ocrx_word' id='word_1_222' title='bbox 547 2724 821 2780; x_wconf 82' lang='lat' dir='ltr'>Cappadocia</span> <span class='ocrx_word' id='word_1_223' title='bbox 842 2726 1128 2768; x_wconf 87' lang='lat' dir='ltr'>advenientes</span> 
     </span>
     <span class='ocr_line' id='line_1_40' title="bbox 259 2784 1130 2841; baseline 0.003 -18"><span class='ocrx_word' id='word_1_224' title='bbox 259 2784 535 2836; x_wconf 74' lang='lat' dir='ltr'>respexeris,</span> <span class='ocrx_word' id='word_1_225' title='bbox 572 2784 703 2826; x_wconf 90' lang='lat' dir='ltr'>iidem</span> <span class='ocrx_word' id='word_1_226' title='bbox 750 2786 972 2840; x_wconf 66' lang='lat' dir='ltr'>Magnetes</span> <span class='ocrx_word' id='word_1_227' title='bbox 1003 2800 1130 2841; x_wconf 79' lang='lat' dir='ltr'>super</span> 
     </span>
     <span class='ocr_line' id='line_1_41' title="bbox 261 2840 1127 2896; baseline 0.003 -14"><span class='ocrx_word' id='word_1_228' title='bbox 261 2840 452 2896; x_wconf 73' lang='lat' dir='ltr'>Sipylum</span> <span class='ocrx_word' id='word_1_229' title='bbox 464 2843 676 2896; x_wconf 86' lang='lat' dir='ltr'>appellari</span> <span class='ocrx_word' id='word_1_230' title='bbox 694 2850 889 2896; x_wconf 86' lang='lat' dir='ltr'>possunt.</span> <span class='ocrx_word' id='word_1_231' title='bbox 925 2843 1127 2886; x_wconf 89' lang='lat' dir='ltr'>Ceterum</span> 
     </span>
     <span class='ocr_line' id='line_1_42' title="bbox 262 2899 1129 2956; baseline 0.006 -17"><span class='ocrx_word' id='word_1_232' title='bbox 262 2899 371 2940; x_wconf 84' lang='lat' dir='ltr'>haec</span> <span class='ocrx_word' id='word_1_233' title='bbox 417 2901 515 2941; x_wconf 87' lang='lat' dir='ltr'>urbs</span> <span class='ocrx_word' id='word_1_234' title='bbox 563 2901 696 2956; x_wconf 85' lang='lat' dir='ltr'>longe</span> <span class='ocrx_word' id='word_1_235' title='bbox 741 2903 1037 2944; x_wconf 86' lang='lat' dir='ltr'>vetustissima</span> <span class='ocrx_word' id='word_1_236' title='bbox 1075 2903 1129 2944; x_wconf 88' lang='lat' dir='ltr'>ab</span> 
     </span>
     <span class='ocr_line' id='line_1_43' title="bbox 262 2958 1130 3024; baseline 0.006 -26"><span class='ocrx_word' id='word_1_237' title='bbox 262 2958 451 3024; x_wconf 75' lang='lat' dir='ltr'>antiquis</span> <span class='ocrx_word' id='word_1_238' title='bbox 501 2960 784 3013; x_wconf 80' lang='lat' dir='ltr'>scriptoribus</span> <span class='ocrx_word' id='word_1_239' title='bbox 828 2961 998 3017; x_wconf 76' lang='lat' dir='ltr'>Sipylus</span> <span class='ocrx_word' id='word_1_240' title='bbox 1045 2974 1130 3003; x_wconf 90' lang='lat' dir='ltr'>no-</span> 
     </span>
     <span class='ocr_line' id='line_1_44' title="bbox 263 3016 1130 3069; baseline 0.006 -12"><span class='ocrx_word' id='word_1_241' title='bbox 263 3016 471 3069; x_wconf 74' lang='lat' dir='ltr'>minatur,</span> <span class='ocrx_word' id='word_1_242' title='bbox 512 3024 560 3058; x_wconf 86' lang='lat' dir='ltr'>ut</span> <span class='ocrx_word' id='word_1_243' title='bbox 599 3032 623 3060; x_wconf 89' lang='lat' dir='ltr'>a</span> <span class='ocrx_word' id='word_1_244' title='bbox 667 3018 850 3061; x_wconf 88' lang='lat' dir='ltr'>Pindaro</span> <span class='ocrx_word' id='word_1_245' title='bbox 896 3020 963 3062; x_wconf 83' lang='lat' dir='ltr'>Ol.</span> <span class='ocrx_word' id='word_1_246' title='bbox 1012 3020 1030 3061; x_wconf 90' lang='lat'>1·</span> <span class='ocrx_word' id='word_1_247' title='bbox 1071 3021 1130 3063; x_wconf 84' lang='lat'>38</span> 
     </span>
     <span class='ocr_line' id='line_1_45' title="bbox 264 3075 1130 3134; baseline 0.003 -17"><span class='ocrx_word' id='word_1_248' title='bbox 264 3075 394 3132; x_wconf 84' lang='grc'>(61);</span> <span class='ocrx_word' id='word_1_249' title='bbox 440 3082 591 3130; x_wconf 87' lang='lat' dir='ltr'>postea</span> <span class='ocrx_word' id='word_1_250' title='bbox 634 3077 687 3119; x_wconf 87' lang='lat' dir='ltr'>ab</span> <span class='ocrx_word' id='word_1_251' title='bbox 720 3079 876 3120; x_wconf 88' lang='lat' dir='ltr'>incolis</span> <span class='ocrx_word' id='word_1_252' title='bbox 908 3079 1130 3134; x_wconf 82' lang='lat' dir='ltr'>Magnesia</span> 
     </span>
     <span class='ocr_line' id='line_1_46' title="bbox 261 3109 1131 3196; baseline 0.008 -22"><span class='ocrx_word' id='word_1_253' title='bbox 261 3109 478 3188; x_wconf 64' lang='lat' dir='ltr'>appellata</span> <span class='ocrx_word' id='word_1_254' title='bbox 511 3141 591 3188; x_wconf 86' lang='lat' dir='ltr'>est,</span> <span class='ocrx_word' id='word_1_255' title='bbox 625 3143 668 3178; x_wconf 86' lang='lat' dir='ltr'>et</span> <span class='ocrx_word' id='word_1_256' title='bbox 699 3151 723 3179; x_wconf 83' lang='lat' dir='ltr'>a</span> <span class='ocrx_word' id='word_1_257' title='bbox 755 3139 840 3179; x_wconf 84' lang='lat' dir='ltr'>situ</span> <span class='ocrx_word' id='word_1_258' title='bbox 875 3114 1131 3196; x_wconf 51' lang='grc' dir='ltr'>Μαγδνησία</span> 
     </span>
     <span class='ocr_line' id='line_1_47' title="bbox 263 3189 1130 3253; baseline 0.006 -20"><span class='ocrx_word' id='word_1_259' title='bbox 263 3189 354 3237; x_wconf 72' lang='grc' dir='ltr'>ὑπὸ</span> <span class='ocrx_word' id='word_1_260' title='bbox 390 3195 578 3253; x_wconf 81' lang='grc' dir='ltr'>Σιπύλῳ</span> <span class='ocrx_word' id='word_1_261' title='bbox 610 3196 724 3250; x_wconf 86' lang='lat' dir='ltr'>apud</span> <span class='ocrx_word' id='word_1_262' title='bbox 756 3196 1011 3239; x_wconf 85' lang='lat' dir='ltr'>Strabonem</span> <span class='ocrx_word' id='word_1_263' title='bbox 1034 3197 1130 3238; x_wconf 90' lang='lat' dir='ltr'><strong>XIII</strong></span> 
     </span>
     <span class='ocr_line' id='line_1_48' title="bbox 263 3250 1128 3310; baseline 0.005 -17"><span class='ocrx_word' id='word_1_264' title='bbox 263 3252 291 3293; x_wconf 84' lang='lat'>3</span> <span class='ocrx_word' id='word_1_265' title='bbox 323 3251 373 3302; x_wconf 84' lang='lat'>5,</span> <span class='ocrx_word' id='word_1_266' title='bbox 421 3256 675 3310; x_wconf 73' lang='grc' dir='ltr'>Μαγνησὶα</span> <span class='ocrx_word' id='word_1_267' title='bbox 708 3250 800 3299; x_wconf 71' lang='grc' dir='ltr'>ἀπὸ</span> <span class='ocrx_word' id='word_1_268' title='bbox 831 3253 1037 3299; x_wconf 78' lang='grc' dir='ltr'>Σιπύλου</span> <span class='ocrx_word' id='word_1_269' title='bbox 1084 3258 1128 3297; x_wconf 89' lang='lat' dir='ltr'>in</span> 
     </span>
     <span class='ocr_line' id='line_1_49' title="bbox 263 3312 1130 3369; baseline 0.007 -20"><span class='ocrx_word' id='word_1_270' title='bbox 263 3312 446 3351; x_wconf 83' lang='lat' dir='ltr'>nummis</span> <span class='ocrx_word' id='word_1_271' title='bbox 464 3312 884 3365; x_wconf 77' lang='lat' dir='ltr'>aRyckiolaudatis‚</span> <span class='ocrx_word' id='word_1_272' title='bbox 901 3315 1003 3369; x_wconf 71' lang='lat' dir='ltr'>May</span> <span class='ocrx_word' id='word_1_273' title='bbox 1009 3317 1130 3355; x_wconf 79' lang='lat' dir='ltr'>nesia</span> 
     </span>
     <span class='ocr_line' id='line_1_50' title="bbox 264 3368 1128 3424; baseline 0.007 -16"><span class='ocrx_word' id='word_1_274' title='bbox 264 3368 317 3409; x_wconf 77' lang='lat' dir='ltr'>ab</span> <span class='ocrx_word' id='word_1_275' title='bbox 363 3368 510 3424; x_wconf 73' lang='lat' dir='ltr'>Sipylo</span> <span class='ocrx_word' id='word_1_276' title='bbox 564 3383 587 3411; x_wconf 82' lang='lat' dir='ltr'>a</span> <span class='ocrx_word' id='word_1_277' title='bbox 638 3371 762 3413; x_wconf 86' lang='lat' dir='ltr'>Livio</span> <span class='ocrx_word' id='word_1_278' title='bbox 811 3372 1005 3413; x_wconf 84' lang='lat' dir='ltr'><strong>XXXVII</strong></span> <span class='ocrx_word' id='word_1_279' title='bbox 1056 3373 1128 3415; x_wconf 75' lang='lat'>44.</span> 
     </span>
     <span class='ocr_line' id='line_1_51' title="bbox 264 3426 1130 3486; baseline 0.003 -18"><span class='ocrx_word' id='word_1_280' title='bbox 264 3426 447 3469; x_wconf 82' lang='lat' dir='ltr'>Diversa</span> <span class='ocrx_word' id='word_1_281' title='bbox 481 3435 547 3469; x_wconf 87' lang='lat' dir='ltr'>est</span> <span class='ocrx_word' id='word_1_282' title='bbox 577 3428 631 3469; x_wconf 91' lang='lat' dir='ltr'>ab</span> <span class='ocrx_word' id='word_1_283' title='bbox 666 3429 746 3472; x_wconf 87' lang='lat' dir='ltr'>hac</span> <span class='ocrx_word' id='word_1_284' title='bbox 779 3430 884 3472; x_wconf 89' lang='lat' dir='ltr'>urbe</span> <span class='ocrx_word' id='word_1_285' title='bbox 908 3432 1130 3486; x_wconf 77' lang='lat' dir='ltr'>Magnesia</span> 
     </span>
     <span class='ocr_line' id='line_1_52' title="bbox 264 3486 1129 3544; baseline 0.006 -18"><span class='ocrx_word' id='word_1_286' title='bbox 264 3497 400 3540; x_wconf 85' lang='lat' dir='ltr'>prope</span> <span class='ocrx_word' id='word_1_287' title='bbox 453 3486 722 3541; x_wconf 80' lang='lat' dir='ltr'>Meandrum,</span> <span class='ocrx_word' id='word_1_288' title='bbox 775 3488 829 3530; x_wconf 84' lang='lat' dir='ltr'>de</span> <span class='ocrx_word' id='word_1_289' title='bbox 878 3502 962 3544; x_wconf 79' lang='lat' dir='ltr'>qua</span> <span class='ocrx_word' id='word_1_290' title='bbox 1013 3489 1129 3531; x_wconf 82' lang='lat' dir='ltr'>conf.</span> 
     </span>
     <span class='ocr_line' id='line_1_53' title="bbox 264 3544 1131 3590; baseline 0.003 -4"><span class='ocrx_word' id='word_1_291' title='bbox 264 3544 414 3587; x_wconf 82' lang='lat' dir='ltr'>Livius</span> <span class='ocrx_word' id='word_1_292' title='bbox 446 3545 641 3588; x_wconf 82' lang='lat' dir='ltr'><strong>XXXVII</strong></span> <span class='ocrx_word' id='word_1_293' title='bbox 670 3547 727 3590; x_wconf 84' lang='lat'>45</span> <span class='ocrx_word' id='word_1_294' title='bbox 768 3553 813 3588; x_wconf 88' lang='lat' dir='ltr'>et</span> <span class='ocrx_word' id='word_1_295' title='bbox 849 3548 1001 3590; x_wconf 87' lang='lat' dir='ltr'>Strabo</span> <span class='ocrx_word' id='word_1_296' title='bbox 1033 3547 1131 3589; x_wconf 89' lang='lat' dir='ltr'>XIV</span> 
     </span>
     <span class='ocr_line' id='line_1_54' title="bbox 269 3604 1130 3661; baseline 0.002 -14"><span class='ocrx_word' id='word_1_297' title='bbox 269 3605 291 3646; x_wconf 72' lang='lat'>1</span> <span class='ocrx_word' id='word_1_298' title='bbox 323 3604 380 3648; x_wconf 73' lang='lat'>39</span> <span class='ocrx_word' id='word_1_299' title='bbox 412 3611 455 3647; x_wconf 83' lang='lat' dir='ltr'>et</span> <span class='ocrx_word' id='word_1_300' title='bbox 485 3607 543 3649; x_wconf 79' lang='lat'>40</span> <span class='ocrx_word' id='word_1_301' title='bbox 575 3619 616 3661; x_wconf 89' lang='lat' dir='ltr'>p.</span> <span class='ocrx_word' id='word_1_302' title='bbox 649 3606 749 3661; x_wconf 75' lang='lat'>647,</span> <span class='ocrx_word' id='word_1_303' title='bbox 785 3609 915 3650; x_wconf 82' lang='lat' dir='ltr'>etiam</span> <span class='ocrx_word' id='word_1_304' title='bbox 946 3607 1018 3649; x_wconf 91' lang='lat' dir='ltr'>hic</span> <span class='ocrx_word' id='word_1_305' title='bbox 1045 3619 1130 3649; x_wconf 88' lang='lat' dir='ltr'>no-</span> 
     </span>
     <span class='ocr_line' id='line_1_55' title="bbox 267 3662 543 3719; baseline 0.014 -13"><span class='ocrx_word' id='word_1_306' title='bbox 267 3667 356 3719; x_wconf 67' lang='lat' dir='ltr'>stes</span> <span class='ocrx_word' id='word_1_307' title='bbox 383 3662 443 3709; x_wconf 77' lang='lat' dir='ltr'><strong>III:</strong></span> <span class='ocrx_word' id='word_1_308' title='bbox 470 3663 543 3710; x_wconf 81' lang='lat'>62.</span> 
     </span>
    </p>
   </div>
   <div class='ocr_carea' id='block_1_23' title="bbox 1221 2033 2087 2091">
    <p class='ocr_par' dir='ltr' id='par_1_24' title="bbox 1221 2033 2087 2091">
     <span class='ocr_line' id='line_1_56' title="bbox 1221 2033 2087 2091; baseline -0.001 -15"><span class='ocrx_word' id='word_1_309' title='bbox 1221 2036 1289 2078; x_wconf 84' lang='lat'>13.</span> <span class='ocrx_word' id='word_1_310' title='bbox 1325 2035 1386 2077; x_wconf 90' lang='lat' dir='ltr'>M.</span> <span class='ocrx_word' id='word_1_311' title='bbox 1422 2035 1474 2078; x_wconf 86' lang='lat' dir='ltr'>M.</span> <span class='ocrx_word' id='word_1_312' title='bbox 1572 2036 1639 2078; x_wconf 89' lang='lat'>15.</span> <span class='ocrx_word' id='word_1_313' title='bbox 1675 2041 1871 2077; x_wconf 74' lang='lat' dir='ltr'>oreretur</span> <span class='ocrx_word' id='word_1_314' title='bbox 1901 2033 1941 2076; x_wconf 89' lang='lat' dir='ltr'>M</span> <span class='ocrx_word' id='word_1_315' title='bbox 1978 2037 2087 2091; x_wconf 87' lang='lat' dir='ltr'>(non</span> 
     </span>
    </p>
   </div>
   <div class='ocr_carea' id='block_1_24' title="bbox 1212 2192 2095 3723">
    <p class='ocr_par' dir='ltr' id='par_1_25' title="bbox 1213 2192 2093 3136">
     <span class='ocr_line' id='line_1_57' title="bbox 1319 2192 2086 2249; baseline -0.004 -14"><span class='ocrx_word' id='word_1_316' title='bbox 1319 2192 1701 2249; x_wconf 79' lang='lat' dir='ltr'>Apollonidenses.-</span> <span class='ocrx_word' id='word_1_317' title='bbox 1753 2194 1907 2235; x_wconf 89' lang='lat' dir='ltr'>horum</span> <span class='ocrx_word' id='word_1_318' title='bbox 1959 2208 2086 2237; x_wconf 75' lang='lat' dir='ltr'>men-</span> 
     </span>
     <span class='ocr_line' id='line_1_58' title="bbox 1213 2251 2090 2306; baseline 0.002 -13"><span class='ocrx_word' id='word_1_319' title='bbox 1213 2253 1377 2294; x_wconf 87' lang='lat' dir='ltr'>tionem</span> <span class='ocrx_word' id='word_1_320' title='bbox 1410 2253 1519 2294; x_wconf 83' lang='lat' dir='ltr'>facit</span> <span class='ocrx_word' id='word_1_321' title='bbox 1546 2252 1711 2294; x_wconf 92' lang='lat' dir='ltr'>Plinius</span> <span class='ocrx_word' id='word_1_322' title='bbox 1746 2254 1783 2294; x_wconf 88' lang='lat' dir='ltr'><strong>V</strong></span> <span class='ocrx_word' id='word_1_323' title='bbox 1814 2255 1894 2306; x_wconf 84' lang='lat'>30,</span> <span class='ocrx_word' id='word_1_324' title='bbox 1930 2251 2090 2296; x_wconf 54' lang='lat' dir='ltr'>Cicero&gt;</span> 
     </span>
     <span class='ocr_line' id='line_1_59' title="bbox 1213 2311 2085 2366; baseline 0.001 -13"><span class='ocrx_word' id='word_1_325' title='bbox 1213 2311 1358 2353; x_wconf 90' lang='lat' dir='ltr'>Flacc.</span> <span class='ocrx_word' id='word_1_326' title='bbox 1394 2313 1447 2354; x_wconf 89' lang='grc'>21</span> <span class='ocrx_word' id='word_1_327' title='bbox 1485 2318 1527 2354; x_wconf 88' lang='lat' dir='ltr'>et</span> <span class='ocrx_word' id='word_1_328' title='bbox 1556 2312 1615 2356; x_wconf 83' lang='lat'>29</span> <span class='ocrx_word' id='word_1_329' title='bbox 1647 2318 1690 2353; x_wconf 90' lang='lat' dir='ltr'>et</span> <span class='ocrx_word' id='word_1_330' title='bbox 1721 2314 1801 2366; x_wconf 78' lang='lat'>32,</span> <span class='ocrx_word' id='word_1_331' title='bbox 1834 2312 1889 2355; x_wconf 78' lang='lat' dir='ltr'>ad</span> <span class='ocrx_word' id='word_1_332' title='bbox 1919 2313 2008 2355; x_wconf 84' lang='lat' dir='ltr'>Att.</span> <span class='ocrx_word' id='word_1_333' title='bbox 2046 2313 2085 2354; x_wconf 84' lang='lat' dir='ltr'><strong>V</strong></span> 
     </span>
     <span class='ocr_line' id='line_1_60' title="bbox 1218 2370 2086 2422; baseline 0 -8"><span class='ocrx_word' id='word_1_334' title='bbox 1218 2373 1295 2422; x_wconf 81' lang='lat'>13,</span> <span class='ocrx_word' id='word_1_335' title='bbox 1339 2371 1392 2412; x_wconf 92' lang='lat' dir='ltr'>ad</span> <span class='ocrx_word' id='word_1_336' title='bbox 1426 2371 1571 2422; x_wconf 85' lang='lat' dir='ltr'>Quint.</span> <span class='ocrx_word' id='word_1_337' title='bbox 1616 2370 1634 2411; x_wconf 95' lang='lat' dir='ltr'><strong>I</strong></span> <span class='ocrx_word' id='word_1_338' title='bbox 1664 2374 1692 2415; x_wconf 92' lang='grc'><strong>2</strong></span> <span class='ocrx_word' id='word_1_339' title='bbox 1723 2373 1764 2415; x_wconf 86' lang='lat'>3.</span> <span class='ocrx_word' id='word_1_340' title='bbox 1828 2372 1934 2413; x_wconf 90' lang='lat' dir='ltr'>Eius</span> <span class='ocrx_word' id='word_1_341' title='bbox 1966 2373 2086 2414; x_wconf 79' lang='lat' dir='ltr'>urbis</span> 
     </span>
     <span class='ocr_line' id='line_1_61' title="bbox 1214 2429 2084 2483; baseline -0.002 -13"><span class='ocrx_word' id='word_1_342' title='bbox 1214 2431 1258 2471; x_wconf 90' lang='lat' dir='ltr'>in</span> <span class='ocrx_word' id='word_1_343' title='bbox 1291 2429 1427 2483; x_wconf 87' lang='lat' dir='ltr'>Lydia</span> <span class='ocrx_word' id='word_1_344' title='bbox 1459 2432 1570 2472; x_wconf 84' lang='lat' dir='ltr'>sitae</span> <span class='ocrx_word' id='word_1_345' title='bbox 1602 2442 1761 2472; x_wconf 84' lang='lat' dir='ltr'>nomen</span> <span class='ocrx_word' id='word_1_346' title='bbox 1796 2438 1887 2472; x_wconf 86' lang='lat' dir='ltr'>erat</span> <span class='ocrx_word' id='word_1_347' title='bbox 1916 2432 2084 2477; x_wconf 72' lang='grc' dir='ltr'><strong>Ἀπολ..</strong></span> 
     </span>
     <span class='ocr_line' id='line_1_62' title="bbox 1217 2490 2084 2544; baseline 0.003 -14"><span class='ocrx_word' id='word_1_348' title='bbox 1217 2491 1368 2538; x_wconf 80' lang='grc' dir='ltr'><em>λωνίς,</em></span> <span class='ocrx_word' id='word_1_349' title='bbox 1402 2503 1504 2544; x_wconf 85' lang='lat' dir='ltr'>gen.</span> <span class='ocrx_word' id='word_1_350' title='bbox 1535 2490 1892 2539; x_wconf 66' lang='lat' dir='ltr'>&#39;AnoM-wve‘doc.</span> <span class='ocrx_word' id='word_1_351' title='bbox 1957 2490 2084 2533; x_wconf 87' lang='lat' dir='ltr'>Conf.</span> 
     </span>
     <span class='ocr_line' id='line_1_63' title="bbox 1215 2547 2088 2604; baseline 0.001 -14"><span class='ocrx_word' id='word_1_352' title='bbox 1215 2548 1367 2590; x_wconf 88' lang='lat' dir='ltr'>Strabo</span> <span class='ocrx_word' id='word_1_353' title='bbox 1417 2548 1512 2589; x_wconf 82' lang='lat' dir='ltr'><strong>XIII</strong></span> <span class='ocrx_word' id='word_1_354' title='bbox 1564 2547 1593 2590; x_wconf 81' lang='lat'>4</span> <span class='ocrx_word' id='word_1_355' title='bbox 1633 2547 1662 2591; x_wconf 83' lang='lat'>4</span> <span class='ocrx_word' id='word_1_356' title='bbox 1711 2562 1753 2602; x_wconf 90' lang='lat' dir='ltr'>p.</span> <span class='ocrx_word' id='word_1_357' title='bbox 1795 2549 1896 2592; x_wconf 81' lang='lat'>625.</span> <span class='ocrx_word' id='word_1_358' title='bbox 1959 2550 2088 2604; x_wconf 85' lang='lat' dir='ltr'>Apud</span> 
     </span>
     <span class='ocr_line' id='line_1_64' title="bbox 1214 2607 2089 2660; baseline 0.002 -12"><span class='ocrx_word' id='word_1_359' title='bbox 1214 2607 1526 2660; x_wconf 82' lang='lat' dir='ltr'>Hieronymum</span> <span class='ocrx_word' id='word_1_360' title='bbox 1562 2613 1604 2648; x_wconf 88' lang='lat' dir='ltr'>et</span> <span class='ocrx_word' id='word_1_361' title='bbox 1624 2608 1668 2648; x_wconf 91' lang='lat' dir='ltr'>in</span> <span class='ocrx_word' id='word_1_362' title='bbox 1690 2620 1902 2649; x_wconf 88' lang='lat' dir='ltr'>marmore</span> <span class='ocrx_word' id='word_1_363' title='bbox 1921 2609 2089 2650; x_wconf 53' lang='lat' dir='ltr'>Puteo-¹</span> 
     </span>
     <span class='ocr_line' id='line_1_65' title="bbox 1213 2665 2091 2722; baseline 0.002 -15"><span class='ocrx_word' id='word_1_364' title='bbox 1213 2667 1313 2708; x_wconf 87' lang='lat' dir='ltr'>lano</span> <span class='ocrx_word' id='word_1_365' title='bbox 1334 2673 1399 2708; x_wconf 87' lang='lat' dir='ltr'>est</span> <span class='ocrx_word' id='word_1_366' title='bbox 1414 2665 1821 2709; x_wconf 85' lang='lat' dir='ltr'>APOLLONIDEA.</span> <span class='ocrx_word' id='word_1_367' title='bbox 1856 2667 1923 2708; x_wconf 87' lang='lat' dir='ltr'>Ab</span> <span class='ocrx_word' id='word_1_368' title='bbox 1944 2668 2091 2722; x_wconf 38' lang='lat' dir='ltr'>Apol-⁷</span> 
     </span>
     <span class='ocr_line' id='line_1_66' title="bbox 1214 2725 2092 2781; baseline 0.002 -15"><span class='ocrx_word' id='word_1_369' title='bbox 1214 2725 1361 2767; x_wconf 87' lang='lat' dir='ltr'>lonide</span> <span class='ocrx_word' id='word_1_370' title='bbox 1382 2725 1735 2781; x_wconf 74' lang='lat' dir='ltr'>Apollonidenses</span> <span class='ocrx_word' id='word_1_371' title='bbox 1768 2732 1995 2780; x_wconf 86' lang='lat' dir='ltr'>vocantur,</span> <span class='ocrx_word' id='word_1_372' title='bbox 2032 2727 2092 2768; x_wconf 81' lang='lat' dir='ltr'>ab·-</span> 
     </span>
     <span class='ocr_line' id='line_1_67' title="bbox 1213 2784 2085 2840; baseline 0.002 -15"><span class='ocrx_word' id='word_1_373' title='bbox 1213 2784 1506 2839; x_wconf 69' lang='lat' dir='ltr'>Apol&#39;lonidea</span> <span class='ocrx_word' id='word_1_374' title='bbox 1583 2784 1962 2840; x_wconf 83' lang='lat' dir='ltr'>Apollonideenses</span> <span class='ocrx_word' id='word_1_375' title='bbox 2012 2785 2085 2828; x_wconf 90' lang='lat' dir='ltr'>vel</span> 
     </span>
     <span class='ocr_line' id='line_1_68' title="bbox 1213 2843 2090 2898; baseline 0 -13"><span class='ocrx_word' id='word_1_376' title='bbox 1213 2843 1598 2898; x_wconf 79' lang='lat' dir='ltr'>Apollonidienses,</span> <span class='ocrx_word' id='word_1_377' title='bbox 1632 2850 1678 2884; x_wconf 84' lang='lat' dir='ltr'>ut</span> <span class='ocrx_word' id='word_1_378' title='bbox 1701 2849 1767 2886; x_wconf 88' lang='lat' dir='ltr'>est</span> <span class='ocrx_word' id='word_1_379' title='bbox 1788 2843 1832 2884; x_wconf 91' lang='lat' dir='ltr'>in</span> <span class='ocrx_word' id='word_1_380' title='bbox 1861 2844 2090 2886; x_wconf 78' lang='lat' dir='ltr'>codicibus</span> 
     </span>
     <span class='ocr_line' id='line_1_69' title="bbox 1216 2901 2093 2959; baseline 0.001 -16"><span class='ocrx_word' id='word_1_381' title='bbox 1216 2901 1308 2944; x_wconf 84' lang='lat' dir='ltr'>Cic.</span> <span class='ocrx_word' id='word_1_382' title='bbox 1342 2915 1419 2956; x_wconf 88' lang='lat' dir='ltr'>pro</span> <span class='ocrx_word' id='word_1_383' title='bbox 1452 2901 1609 2944; x_wconf 91' lang='lat' dir='ltr'>Flacco</span> <span class='ocrx_word' id='word_1_384' title='bbox 1643 2903 1713 2945; x_wconf 89' lang='grc'>29.</span> <span class='ocrx_word' id='word_1_385' title='bbox 1768 2902 1835 2943; x_wconf 90' lang='lat' dir='ltr'>Ab</span> <span class='ocrx_word' id='word_1_386' title='bbox 1854 2903 2093 2959; x_wconf 70' lang='lat' dir='ltr'>Apollonia</span> 
     </span>
     <span class='ocr_line' id='line_1_70' title="bbox 1214 2961 2086 3018; baseline 0.003 -17"><span class='ocrx_word' id='word_1_387' title='bbox 1214 2962 1391 3003; x_wconf 89' lang='lat' dir='ltr'>nomine</span> <span class='ocrx_word' id='word_1_388' title='bbox 1408 2974 1495 3002; x_wconf 91' lang='lat' dir='ltr'>non</span> <span class='ocrx_word' id='word_1_389' title='bbox 1518 2961 1843 3017; x_wconf 74' lang='lat' dir='ltr'>Apollonienses</span> <span class='ocrx_word' id='word_1_390' title='bbox 1859 2962 1937 3004; x_wconf 74' lang='lat' dir='ltr'>sed</span> <span class='ocrx_word' id='word_1_391' title='bbox 1950 2961 2086 3018; x_wconf 85' lang='lat' dir='ltr'>Apol-</span> 
     </span>
     <span class='ocr_line' id='line_1_71' title="bbox 1215 3020 2085 3075; baseline 0.002 -15"><span class='ocrx_word' id='word_1_392' title='bbox 1215 3020 1404 3062; x_wconf 86' lang='lat' dir='ltr'>loniatae</span> <span class='ocrx_word' id='word_1_393' title='bbox 1445 3023 1723 3061; x_wconf 81' lang='lat' dir='ltr'>nominantur</span> <span class='ocrx_word' id='word_1_394' title='bbox 1765 3023 1831 3074; x_wconf 85' lang='lat' dir='ltr'>(v.</span> <span class='ocrx_word' id='word_1_395' title='bbox 1877 3021 2085 3075; x_wconf 83' lang='lat' dir='ltr'>stephan.</span> 
     </span>
     <span class='ocr_line' id='line_1_72' title="bbox 1215 3079 1695 3136; baseline 0.002 -16"><span class='ocrx_word' id='word_1_396' title='bbox 1215 3093 1249 3121; x_wconf 87' lang='lat' dir='ltr'>s.</span> <span class='ocrx_word' id='word_1_397' title='bbox 1283 3093 1326 3121; x_wconf 83' lang='lat' dir='ltr'>v.</span> <span class='ocrx_word' id='word_1_398' title='bbox 1360 3079 1695 3136; x_wconf 74' lang='grc' dir='ltr'><strong>Ἀπολλωνία).</strong></span> 
     </span>
    </p>

    <p class='ocr_par' dir='ltr' id='par_1_26' title="bbox 1214 3138 2092 3600">
     <span class='ocr_line' id='line_1_73' title="bbox 1305 3138 2085 3191; baseline -0.003 -12"><span class='ocrx_word' id='word_1_399' title='bbox 1305 3138 1490 3180; x_wconf 78' lang='lat' dir='ltr'>Mosteni</span> <span class='ocrx_word' id='word_1_400' title='bbox 1505 3146 1579 3179; x_wconf 83' lang='lat' dir='ltr'>aut</span> <span class='ocrx_word' id='word_1_401' title='bbox 1593 3139 1851 3180; x_wconf 82' lang='lat' dir='ltr'>Macedones</span> <span class='ocrx_word' id='word_1_402' title='bbox 1869 3138 2062 3191; x_wconf 77' lang='lat' dir='ltr'>Hyrcani</span> <span class='ocrx_word' id='word_1_403' title='bbox 2071 3151 2085 3176; x_wconf 74' lang='lat'>.-</span> 
     </span>
     <span class='ocr_line' id='line_1_74' title="bbox 1214 3197 2087 3250; baseline -0.002 -14"><span class='ocrx_word' id='word_1_404' title='bbox 1214 3203 1335 3238; x_wconf 87' lang='lat' dir='ltr'>recte</span> <span class='ocrx_word' id='word_1_405' title='bbox 1367 3200 1514 3250; x_wconf 89' lang='lat' dir='ltr'>posuit</span> <span class='ocrx_word' id='word_1_406' title='bbox 1562 3203 1657 3248; x_wconf 81' lang='lat' dir='ltr'>aut,</span> <span class='ocrx_word' id='word_1_407' title='bbox 1708 3209 1794 3236; x_wconf 91' lang='lat' dir='ltr'>non</span> <span class='ocrx_word' id='word_1_408' title='bbox 1837 3197 1945 3246; x_wconf 78' lang='lat' dir='ltr'>sive,</span> <span class='ocrx_word' id='word_1_409' title='bbox 1986 3199 2087 3235; x_wconf 87' lang='lat' dir='ltr'>sunt</span> 
     </span>
     <span class='ocr_line' id='line_1_75' title="bbox 1217 3252 2086 3296; baseline -0.003 0"><span class='ocrx_word' id='word_1_410' title='bbox 1217 3256 1330 3296; x_wconf 88' lang='lat' dir='ltr'>enim</span> <span class='ocrx_word' id='word_1_411' title='bbox 1350 3255 1461 3296; x_wconf 88' lang='lat' dir='ltr'>dnae</span> <span class='ocrx_word' id='word_1_412' title='bbox 1482 3256 1698 3295; x_wconf 76' lang='lat' dir='ltr'>civitates,</span> <span class='ocrx_word' id='word_1_413' title='bbox 1720 3253 1765 3294; x_wconf 91' lang='lat' dir='ltr'>In</span> <span class='ocrx_word' id='word_1_414' title='bbox 1778 3265 1989 3294; x_wconf 85' lang='lat' dir='ltr'>marmore</span> <span class='ocrx_word' id='word_1_415' title='bbox 2008 3252 2086 3293; x_wconf 92' lang='lat' dir='ltr'>illo</span> 
     </span>
     <span class='ocr_line' id='line_1_76' title="bbox 1216 3310 2086 3366; baseline -0.006 -12"><span class='ocrx_word' id='word_1_416' title='bbox 1216 3313 1444 3354; x_wconf 85' lang='lat' dir='ltr'>undecima</span> <span class='ocrx_word' id='word_1_417' title='bbox 1485 3313 1673 3354; x_wconf 76' lang='lat' dir='ltr'>refertur</span> <span class='ocrx_word' id='word_1_418' title='bbox 1702 3313 1938 3366; x_wconf 77' lang='lat' dir='ltr'>Hyrcania,</span> <span class='ocrx_word' id='word_1_419' title='bbox 1972 3310 2086 3352; x_wconf 86' lang='lat' dir='ltr'>duo-</span> 
     </span>
     <span class='ocr_line' id='line_1_77' title="bbox 1217 3369 2088 3412; baseline -0.002 0"><span class='ocrx_word' id='word_1_420' title='bbox 1217 3371 1386 3412; x_wconf 89' lang='lat' dir='ltr'>decima</span> <span class='ocrx_word' id='word_1_421' title='bbox 1434 3371 1638 3412; x_wconf 82' lang='lat' dir='ltr'>Mostene.</span> <span class='ocrx_word' id='word_1_422' title='bbox 1700 3369 1862 3410; x_wconf 88' lang='lat' dir='ltr'>Eadem</span> <span class='ocrx_word' id='word_1_423' title='bbox 1912 3371 2088 3410; x_wconf 70' lang='lat' dir='ltr'>nomina</span> 
     </span>
     <span class='ocr_line' id='line_1_78' title="bbox 1218 3428 2090 3482; baseline -0.001 -13"><span class='ocrx_word' id='word_1_424' title='bbox 1218 3429 1663 3482; x_wconf 82' lang='lat' dir='ltr'>liabetHieronymus.</span> <span class='ocrx_word' id='word_1_425' title='bbox 1691 3429 1951 3470; x_wconf 86' lang='lat' dir='ltr'>Macedones</span> <span class='ocrx_word' id='word_1_426' title='bbox 1971 3428 2090 3481; x_wconf 85' lang='lat' dir='ltr'>Hyr-</span> 
     </span>
     <span class='ocr_line' id='line_1_79' title="bbox 1218 3487 2092 3542; baseline -0.001 -14"><span class='ocrx_word' id='word_1_427' title='bbox 1218 3489 1313 3528; x_wconf 86' lang='lat' dir='ltr'>cani</span> <span class='ocrx_word' id='word_1_428' title='bbox 1345 3494 1443 3528; x_wconf 86' lang='lat' dir='ltr'>sunt</span> <span class='ocrx_word' id='word_1_429' title='bbox 1460 3488 1719 3529; x_wconf 88' lang='lat' dir='ltr'>Macedones</span> <span class='ocrx_word' id='word_1_430' title='bbox 1749 3493 1792 3528; x_wconf 83' lang='lat' dir='ltr'>et</span> <span class='ocrx_word' id='word_1_431' title='bbox 1806 3487 2009 3542; x_wconf 85' lang='lat' dir='ltr'>Hyrcani,</span> <span class='ocrx_word' id='word_1_432' title='bbox 2043 3489 2092 3528; x_wconf 82' lang='lat' dir='ltr'>in-</span> 
     </span>
     <span class='ocr_line' id='line_1_80' title="bbox 1215 3546 2087 3600; baseline 0.001 -14"><span class='ocrx_word' id='word_1_433' title='bbox 1215 3546 1378 3600; x_wconf 88' lang='lat' dir='ltr'>Lydiae</span> <span class='ocrx_word' id='word_1_434' title='bbox 1398 3547 1617 3600; x_wconf 83' lang='lat' dir='ltr'>Hyrcanio</span> <span class='ocrx_word' id='word_1_435' title='bbox 1651 3559 1801 3600; x_wconf 88' lang='lat' dir='ltr'>campo</span> <span class='ocrx_word' id='word_1_436' title='bbox 1828 3546 2087 3588; x_wconf 56' lang='lat' dir='ltr'>habitantes</span> 
     </span>
    </p>

    <p class='ocr_par' dir='ltr' id='par_1_27' title="bbox 1212 3605 2095 3723">
     <span class='ocr_line' id='line_1_81' title="bbox 1306 3605 2090 3661; baseline -0.003 -13"><span class='ocrx_word' id='word_1_437' title='bbox 1306 3605 1529 3649; x_wconf 74' lang='lat' dir='ltr'>consulari</span> <span class='ocrx_word' id='word_1_438' title='bbox 1558 3607 1773 3648; x_wconf 75' lang='lat' dir='ltr'>obtinente</span> <span class='ocrx_word' id='word_1_439' title='bbox 1802 3605 1980 3648; x_wconf 78' lang='lat' dir='ltr'>Asiam.-</span> <span class='ocrx_word' id='word_1_440' title='bbox 2014 3605 2090 3661; x_wconf 87' lang='lat' dir='ltr'>qui</span> 
     </span>
     <span class='ocr_line' id='line_1_82' title="bbox 1212 3663 2095 3723; baseline 0 -16"><span class='ocrx_word' id='word_1_441' title='bbox 1212 3666 1481 3721; x_wconf 77' lang='lat' dir='ltr'>provinciam</span> <span class='ocrx_word' id='word_1_442' title='bbox 1512 3665 1660 3711; x_wconf 75' lang='lat' dir='ltr'>Asiam</span> <span class='ocrx_word' id='word_1_443' title='bbox 1703 3666 1867 3723; x_wconf 70' lang='lat' dir='ltr'>quique</span> <span class='ocrx_word' id='word_1_444' title='bbox 1897 3663 2095 3710; x_wconf 75' lang='lat' dir='ltr'>Africam.</span> 
     </span>
    </p>
   </div>
  </div>
 </body>
</html>
