2280 4004
219 260 317 329 eso*
946 293 951 296 ·
983 261 1274 323 ANNALIVM
1730 255 1750 295 Ψ
1783 257 1835 322 a:
1867 258 1915 322 u.-
1945 258 2052 325 7²19?

222 419 436 487 aliisque
485 418 774 472 nationibus
824 417 1061 484 permixti
1116 417 1349 469 diversas
1398 416 1450 468 in
1500 422 1665 472 terras
1711 419 2046 474 traherentur.

189 501 194 553 Ῡ
222 511 323 565 Sed
363 516 630 577 antequam
671 524 810 561 arma
845 508 1146 575 inciperent,
1182 508 1369 561 misere
1406 509 1606 578 legatos
1647 511 1918 564 amicitiam
1954 513 2053 565 ob·-

223 601 554 669 sequiumque
595 604 1026 664 memoraturos',
1057 604 1111 672 et
1153 615 1390 652 mansura
1430 599 1587 667 haee,
1644 601 1689 654 si
1730 601 1864 654 nullo
1915 617 2051 655 novo

197 698 385 745 ³onere
420 696 784 759 temptarentur
812 711 823 743 ε
865 692 945 744 sin
980 697 1035 742 ut
1067 692 1217 744 victis
1258 692 1519 744 servitium
1556 693 1895 760 indiceretur,
1936 709 2052 747 esse

180 778 210 839 3
226 784 323 837 sibi
363 784 551 836 ferrum
592 788 642 835 et
681 784 992 835 iuventutem
1030 787 1079 836 et
1113 782 1396 851 promptum
1431 784 1652 837 libertati
1689 790 1774 837 aut
1809 785 1873 837 ad
1912 800 2055 838 mor-

224 881 324 928 tem
362 866 630 927 animum.'
674 875 831 928 Simul
870 874 1078 927 castella
1116 875 1325 941 rupibus
1373 875 1531 927 indita
1577 875 1891 944 collatosque
1936 876 2055 928 illuc

223 971 461 1033 parentes
489 972 538 1019 et
564 967 811 1034 coniuges
837 966 1175 1031 ostentabant,
1204 966 1489 1034 bellumque
1522 967 1812 1034 impeditum
1842 967 2053 1020 arduum

225 1063 484 1110 cruentum
521 1057 895 1109 minitabantur.
969 1058 1038 1109 At
1066 1057 1299 1122 SabinuS‚
1339 1057 1504 1110 donec
1530 1059 1785 1111 exercitus
1821 1059 1873 1110 in
1903 1074 2056 1110 unum
2071 1058 2140 1108 4⁷

226 1149 566 1215 conduceret,
636 1149 766 1201 datis
822 1148 1025 1200 mitibus
1068 1150 1375 1216 responsis,
1440 1155 1704 1216 postquam
1752 1151 2055 1218 Pomponius

161 1229 393 1294 soLabeo
432 1257 460 1292 e
501 1241 695 1293 Moesia
737 1256 848 1292 cum
886 1240 1110 1309 legione,
1152 1257 1245 1294 rex
1280 1240 1683 1294 Rhoemetalces
1707 1257 1818 1292 cum
1856 1241 2057 1295 auxiliis

223 1331 557 1399 popularium,
599 1331 683 1398 qui
721 1331 869 1383 fidem
906 1346 1009 1383 non
1048 1336 1391 1397 mutaverant,
1427 1347 1644 1396 venere,
1694 1331 1866 1384 addita
1900 1347 2060 1399 prae-

224 1422 355 1475 senti
406 1422 554 1489 copia
593 1422 656 1474 ad
695 1423 892 1474 hostem
939 1422 1108 1490 pergit
1148 1423 1482 1490 compositum
1531 1423 1630 1475 iam
1665 1438 1758 1490 per
1798 1423 2058 1492 angustias

225 1513 456 1566 saltuum.
530 1513 744 1575 Quidam
794 1514 1063 1565 audentius
1114 1515 1302 1582 apertis
1351 1515 1403 1565 in
1461 1514 1675 1567 collibus
1728 1514 2058 1579 visebantur;

226 1618 353 1672 quos
393 1603 493 1656 dux
527 1606 784 1658 Romanus
823 1605 936 1658 acie
973 1621 1283 1674 suggressus
1320 1605 1455 1658 haud
1495 1621 1652 1674 aegre
1691 1605 1898 1674 pepulit,
1936 1621 2061 1658 san-

162 1687 380 1764 isguine
400 1694 736 1749 barbarorum
767 1697 973 1749 modico
1012 1698 1076 1749 ob
1107 1698 1389 1764 propinqua
1418 1697 1653 1766 suffugia.
1723 1698 1844 1750 Mox
1878 1697 2059 1750 castris

224 1789 279 1839 in
322 1788 439 1839 loco
485 1789 804 1840 communitis
841 1788 1011 1840 valida
1070 1804 1221 1840 manu
1258 1795 1479 1841 montem
1538 1794 1754 1855 occupat
1790 1793 2057 1857 angustum

226 1883 276 1931 et
314 1879 513 1946 aequali
567 1879 723 1931 dorso
780 1880 1073 1931 continuum
1122 1895 1284 1947 usque
1334 1880 1398 1932 ad
1442 1880 1724 1947 proximum
1775 1879 2054 1945 castellum,

225 1970 362 2037 quod
413 1985 599 2039 magna
652 1970 731 2023 vis
791 1976 982 2024 armata
1035 1976 1119 2023 aut
1168 1971 1431 2024 incondita
1480 1971 1728 2024 tuebatur.
1802 1970 1958 2026 Simul
2006 1971 2058 2022 in

225 2060 595 2132 ferocissimos,
634 2062 1279 2139 ‘inanimalium..-more
1304 2063 1483 2134 senii}
1501 2062 2064 2134 ...cumffaatminisshus-„si

161 2153 475 2228 willpudij-S-
488 2153 870 2227 persultabant,
927 2154 1076 2205 mittit
1119 2154 1347 2206 delectos
1397 2150 1791 2222 sagittariorum.
1866 2153 1904 2206 li
1942 2152 2058 2204 dum

225 2227 830 2312 eminusgrassabantur,
867 2245 1050 2297 crebra
1087 2250 1137 2296 et
1175 2245 1330 2296 inulta
1365 2244 1575 2296 vulnera
1614 2245 1813 2296 fecere:
1852 2244 2058 2311 propius

229 2334 527 2388 incedentes
569 2335 834 2404 eruptione
875 2337 1039 2388 subita
1083 2337 1267 2388 turbati
1303 2341 1452 2400 sunt,
1493 2335 1787 2401 receptique
1826 2333 2056 2387 subsidio

346 2470 388 2512 2.
421 2468 626 2510 miserere
657 2469 712 2511 M.
835 2469 876 2513 6.
913 2468 1024 2511 conl.
1059 2468 1114 2511 M.
1220 2468 1262 2511 7.
1293 2467 1566 2524 impedituram
1597 2466 1652 2509 M.
1761 2467 1803 2510 9.
1834 2473 2058 2524 postquam

227 2527 313 2571 Iac.
349 2527 619 2570 Gronovius:
670 2528 709 2569 M
742 2541 881 2582 quam.
927 2535 1025 2585 post
1057 2527 1220 2570 excidit
1251 2529 1295 2569 in
1330 2528 1414 2569 fine
1448 2539 1599 2569 versus
1631 2525 1966 2581 praecedentis,
2009 2532 2057 2567 ut

228 2586 534 2687 animadvefflit
564 2586 782 2629 BaiteruS.
907 2588 974 2631 11.
1009 2589 1156 2629 venire
1188 2587 1252 2629 M:
1305 2587 1495 2629 correxit
1525 2585 1610 2628 Iac.
1645 2585 1906 2628 Gronovius.
1982 2587 2053 2630 21.

223 2659 427 2703 proprtus
504 2677 513 2686 .

307 2768 548 2824 inciperent
564 2778 579 2808 .·
610 2765 802 2822 incipere
825 2778 952 2808 arma
976 2765 1100 2818 dixit,

227 2831 276 2867 ut
295 2826 460 2869 bellum
478 2826 689 2880 incipere,
711 2825 921 2866 mandata
938 2824 1014 2866 xl!
1033 2827 1101 2878 10,

229 2885 416 2927 crimina
456 2885 552 2926 Xlll
591 2883 664 2927 43.
730 2884 892 2927 Similis
934 2884 1101 2926 locutio

227 2943 305 2986 XII
335 2945 393 2988 32
424 2945 495 2998 qui
523 2957 650 2985 arma
682 2943 949 2999 coeptabant.

317 3003 556 3045 amicitiam
583 3027 639 3035 ——
671 3010 1007 3044 memoraturos:
1043 3002 1099 3044 cf.

228 3059 268 3103 11
301 3062 383 3115 583
416 3063 594 3104 miserat
618 3062 910 3119 (Artabanus)
945 3062 1101 3103 amici-

230 3121 334 3174 tiam
364 3133 422 3163 ac·
446 3121 597 3177 foedus
627 3128 950 3164 memoraturus.

318 3180 423 3237 Cap.
443 3182 515 3224 47.
562 3182 783 3238 praesenti
800 3182 951 3238 copia.-
975 3181 1100 3236 copia

227 3239 414 3284 militum
457 3252 569 3295 quae
616 3241 657 3282 ei
692 3240 990 3283 Macedoniam
1023 3251 1101 3294 pro

228 3306 431 3353 praetore
465 3300 634 3341 curanti
676 3300 849 3353 aderat;
891 3312 935 3342 v.
980 3299 1100 3356 180,

231 3360 270 3400 V
307 3360 385 3410 10,
436 3358 493 3399 Vl
526 3358 597 3401 39.
720 3366 893 3401 armata
924 3365 1000 3400 aut
1028 3358 1102 3399 ὄπι-’-

231 3416 431 3460 condita:
465 3419 537 3473 qui
561 3419 712 3459 armati
731 3416 914 3461 castello
931 3419 1103 3460 inerant

230 3477 322 3518 suis
366 3477 559 3518 numeris
607 3482 649 3518 et
689 3487 903 3519 armorum
937 3486 1102 3534 genere

232 3535 437 3589 descripti
492 3540 615 3577 crant
677 3541 806 3591 atque
869 3536 1101 3591 dispositi:

234 3600 380 3636 cetera
412 3594 644 3637 multitudo
683 3595 925 3649 indiscreta
956 3597 1102 3653 agita·-

231 3652 320 3705 bat‚
356 3652 397 3694 h.
434 3668 472 3696 e.
507 3652 744 3695 incondita.
1087 3669 1091 3672 ·

1277 2764 1382 2821 Cap.
1428 2764 1500 2809 48.
1561 2767 1610 2807 in
1652 2765 1806 2807 castris
1843 2771 1977 2808 tutam
2017 2774 2055 2809 et

1186 2824 1382 2881 vigilem.-
1413 2825 1636 2879 specimen
1673 2824 2056 2881 breviloquentiae

1186 2884 1421 2927 Tacitinae.
1491 2884 1662 2939 Quippe
1716 2885 1802 2925 dux
1843 2885 2057 2939 praecipit

1187 2944 1472 2986 auxiliaribus
1518 2949 1565 2984 ut
1605 2949 1819 2985 nocturno
1859 2949 2057 2998 tempore

1186 3004 1467 3045 munimentis
1502 3002 1639 3058 (haec
1670 3008 1771 3043 sunt
1804 3007 1974 3060 castra)
2007 3015 2055 3045 se

1187 3063 1465 3104 continerent
1506 3074 1645 3117 eaque
1685 3062 1947 3103 stationibus
1983 3062 2056 3102 vi-

1187 3121 1396 3178 giliisquc
1446 3126 1595 3163 contra
1639 3121 1807 3163 subitos
1855 3121 2055 3163 incursus

1186 3186 1443 3222 tutarentur.

1275 3239 1455 3281 clamori
1494 3238 1611 3290 telis,
1655 3253 1730 3280 sno
1776 3240 1948 3294 quisque
1974 3253 2056 3296 pe-

1185 3298 1323 3341 riculo
1347 3299 1533 3340 intentus
1549 3311 1562 3338 .·
1596 3297 1735 3340 forma
1753 3299 1941 3340 clamore
1957 3310 2055 3339 rnu-

1186 3358 1316 3400 tanda
1348 3363 1440 3400 erat
1472 3357 1516 3398 in
1560 3356 1742 3399 clamori
1753 3372 1768 3410 ,-
1818 3369 1916 3399 nam
1959 3356 2054 3398 cla-

1185 3431 1302 3459 more
1359 3418 1544 3459 intentus
1598 3416 1756 3475 (durch
1811 3416 1956 3470 Rufen
2007 3414 2053 3454 in

1187 3477 1425 3533 Spannunq
1456 3479 1652 3532 versetzt)
1697 3476 1873 3516 minime
1911 3473 2053 3524 impe-

1188 3535 1323 3589 ditur,
1372 3547 1457 3591 quo
1501 3536 1643 3577 minus
1690 3532 1819 3575 alium
1853 3542 2053 3571 sonorem

1188 3596 1401 3650 accipiat,
1435 3595 1564 3636 immo
1596 3595 1657 3635 ita
1688 3592 1758 3644 fit,
1803 3595 1850 3645 ut
1879 3588 2054 3631 facilius

1184 3655 1388 3708 accipiat.
1440 3651 1524 3695 Sed
1557 3653 1630 3707 qui
1662 3653 1847 3693 intentus
1868 3654 1934 3692 est
1959 3646 2053 3691 claa
