2280 4004
18 904 21 909 ’
147 903 157 920 Υ

0 946 23 986 31
50 923 118 1002 ⁹225*
145 921 185 967 2¹!

173 1722 219 1773 ³⁵
234 1730 477 1783 prospera
516 1718 853 1790 pensavisset.

236 1807 347 1873 quis
386 1808 553 1859 damni
580 1809 843 1874 professus
883 1816 1007 1876 erat,
1050 1812 1353 1863 exolvendo.

243 281 334 327 <108

1024 287 1314 334 ANNALIVM

1819 309 1861 341 a.
1884 307 1935 340 u.
1968 297 2070 344 769.

241 428 496 496 pedit-um,
535 431 695 484 tribus
735 431 956 498 equitum
980 433 1194 486 ‘milibus
1235 435 1310 487 ire
1353 435 1404 486 in
1443 435 1652 489 Chattos
1690 437 1929 506 imperat3
1961 441 2070 509 ipse

238 521 518 576 maioribus
560 523 718 589 copiis
754 525 952 576 Marsos
1008 526 1274 592 inrumpit,

1335 542 1546 593 quorum
1586 529 1688 581 dux
1722 526 2070 586 Mallovendus

242 626 403 678 nuper
430 613 481 664 in
519 612 827 666 deditionem
865 621 1102 690 acceptus
1130 618 1415 685 propinquo
1450 619 1565 671 luco
1605 620 1866 673 defossam
1889 622 2074 675 Varia-

241 716 338 755 nae
373 704 592 772 legionis
621 706 837 772 aquilam
877 708 1366 775 modicopraesidio
1405 713 1601 764 servari
1637 713 1844 764 indicat.

1917 715 2072 767 Missa

200 796 489 861 §extemplo
528 812 704 850 manus
741 813 870 864 quae
910 799 1106 851 hostem
1146 817 1174 852 a
1212 801 1379 854 fronte
1412 803 1636 870 eliceret,
1680 805 1764 858 alii
1806 805 1888 872 qui
1919 811 2070 874 terga

240 886 602 954 circumgressi
644 890 970 943 recluderent
1004 892 1231 962 humum3
1283 899 1332 946 et
1381 895 1608 963 utrisque
1652 897 1814 949 adsuit
1851 897 2068 949 fortuna.

235 977 311 1032 Eo
353 981 633 1047 promptior
662 983 852 1034 Caesar
884 985 1050 1052 pergit
1084 985 1351 1051 introrsus,
1380 987 1672 1054 populatur,
1719 989 1944 1041 excindit
1968 1003 2071 1041 non
2151 1053 2161 1062 .

237 1084 414 1122 ausum
457 1074 704 1141 congredi
743 1075 939 1127 hostem
983 1082 1082 1142 aut,
1123 1079 1286 1129 sicubi
1323 1080 1607 1146 restiterat,
1647 1081 1814 1133 statim
1850 1081 2064 1148 pulsum,

237 1177 335 1216 nec
377 1179 596 1231 unquam
633 1167 825 1234 magis,
882 1174 935 1219 ut
976 1186 1039 1221 ex
1076 1171 1287 1236 captivis
1332 1172 1589 1239 cognitum
1628 1177 1733 1237 est,
1784 1179 2066 1239 paventem.

238 1346 503 1414 dicabant,

170 1264 225 1305 ,ιο
241 1254 434 1321 Quippe
471 1257 690 1309 invictos
731 1264 780 1310 et
819 1260 967 1311 nullis
1019 1261 1219 1312 casibus
1271 1263 1586 1328 superabiles
1622 1264 1880 1316 Romanos
1916 1279 2071 1331 prae-

570 1350 654 1415 qui
691 1351 888 1416 perdita
929 1352 1117 1417 classe,
1174 1354 1372 1405 amissis
1414 1355 1596 1419 armis,
1658 1360 1774 1421 post
1813 1360 2069 1408 constrata

236 1453 481 1504 equorum
520 1442 846 1508 virorumque
895 1444 1195 1510 corporibus
1237 1445 1411 1511 litora,
1472 1446 1650 1497 eadem
1685 1447 1904 1511 virtute,
1958 1447 2069 1513 pari

236 1529 449 1595 ferocia,
487 1536 535 1583 et
571 1533 708 1583 velut
743 1535 876 1584 aucti
914 1550 1124 1588 numero
1163 1533 1488 1604 inrupissent.

239 1623 454 1675 hiberna
491 1625 661 1690 miles,
711 1626 871 1678 laetus
913 1629 1066 1679 animi
1115 1629 1249 1695 quod
1290 1629 1508 1681 adversa
1551 1630 1705 1681 maris
1746 1630 2069 1698 expeditione

931 1719 1147 1770 Addidit
1167 1721 1559 1773 munificentiam
1589 1721 1794 1786 Caesar,
1833 1727 2070 1788 quantum

1427 1814 1471 1864 N
1474 1829 1533 1865 ec
1563 1813 1765 1864 dubium
1792 1813 2071 1866 habebatur

234 1898 408 1951 labare
448 1901 621 1955 hostes
665 1902 1016 1969 petendaeque
1054 1904 1195 1970 pacis
1246 1904 1459 1955 consilia
1495 1920 1728 1970 sumere,
1777 1910 1826 1957 et
1868 1906 1913 1957 si
1946 1920 2072 1972 pro-

236 1991 369 2045 xima
426 1998 593 2044 aestas
644 1993 962 2059 adiceretur,
1020 2010 1174 2064 posse
1224 1995 1427 2061 bellum,
1459 1997 1664 2065 patra-ri.

1738 1996 1840 2049 Sed
1876 1997 2071 2050 crebris

236 2083 463 2149 epistulis
504 2084 735 2136 Tiberius
773 2087 1040 2151 monebat,
1100 2087 1293 2139 rediret
1338 2088 1400 2138 ad
1446 2088 1705 2139 decretum
1740 2088 2070 2154 triumphum:

172 2175 359 2227 20satis
410 2175 510 2226 iam
563 2182 858 2242 eventuum,
916 2180 1039 2230 satis
1081 2194 1301 2231 casuum.

1398 2180 1645 2246 Prospera
1687 2179 1758 2229 illi
1799 2183 1848 2230 et
1887 2194 2070 2246 magna

334 2331 376 2372 3.
411 2331 503 2372 loco
528 2331 594 2373 M:
629 2334 818 2374 correxit
849 2333 1036 2387 Lipsius.
1100 2334 1140 2376 5.
1164 2334 1351 2389 exemplo
1370 2334 1424 2375 M.
1490 2333 1665 2389 eligeret
1685 2333 1739 2374 M.
1804 2334 1843 2375 7.
1878 2333 2067 2375 exscind.

236 2387 309 2431 Or.
403 2390 443 2433 9.
477 2404 588 2445 umq.
618 2393 671 2434 M.

240 2449 309 2492 16.
344 2464 431 2492 ωε.
469 2449 540 2493 Or.

335 2565 554 2608 Varianae
576 2568 757 2624 leqiouis
777 2569 990 2623 aquilam:
1024 2582 1109 2611 un-

237 2624 532 2668 devicesimae
552 2627 743 2683 legionis
773 2629 961 2683 aquilam
995 2642 1108 2669 anno

235 2690 338 2726 ante
399 2693 652 2740 reppererat
703 2687 936 2729 Stertinius
994 2688 1108 2742 apud

235 2743 498 2786 Bructeros:
531 2745 548 2786 1
573 2746 644 2790 60.
711 2747 832 2799 Quae
855 2749 937 2789 iam
959 2748 1108 2789 reclu-

236 2803 366 2857 ditur,
393 2803 778 2848 duodevicesimae
801 2807 992 2863 legionis
1025 2807 1109 2848 fuit

236 2869 310 2905 aut
350 2865 541 2917 primae:
582 2865 670 2907 vid.
717 2866 818 2908 adl
850 2868 922 2909 42.
986 2866 1108 2918 Quae

237 2935 323 2964 una
379 2924 508 2964 etiam
565 2925 737 2977 deerat,
795 2939 889 2967 eam
930 2925 1109 2967 Publius

238 2982 444 3024 Gabinius
499 2985 543 3024 in
592 2983 781 3025 Chaucis
832 2986 1110 3038 recuperavit

236 3055 275 3083 a.
294 3043 351 3085 40
386 3039 567 3083 Claudio
602 3044 813 3097 principe,
849 3046 974 3085 cuius
1008 3046 1109 3085 anni

236 3113 306 3143 res
328 3106 479 3157 gestae
514 3115 567 3143 ex
586 3114 720 3156 opere
741 3102 935 3144 'l'acitino
970 3104 1109 3144 inter-

240 3160 464 3203 ciderunt:
499 3161 586 3204 vid.
619 3161 702 3212 Dio
723 3162 794 3203 LX
818 3163 861 3205 8.
906 3162 1032 3203 Falsa
1059 3163 1112 3203 de

238 3220 398 3276 aquilis
435 3222 635 3262 Varianis
669 3222 823 3264 Florus
852 3222 910 3263 IV
947 3223 1001 3265 12
1032 3223 1111 3264 37:

237 3281 363 3335 siqna
385 3286 422 3322 et
446 3279 615 3335 aquilas
637 3282 742 3324 duas
769 3282 911 3323 adliuc
935 3281 1115 3322 barbari

234 3339 478 3395 possident,
534 3341 705 3383 tertiam
743 3342 927 3397 signifer
964 3341 1112 3395 prius-

240 3412 366 3452 quam
412 3400 459 3439 iu
515 3413 667 3442 mcntus
718 3401 898 3443 hostium
950 3402 1115 3441 veniret

241 3456 407 3506 evulsit,
442 3472 706 3514 mersamque
738 3462 858 3502 iutra
890 3460 1022 3500 baltei
1052 3460 1117 3500 sui

242 3515 431 3557 latebras
473 3531 626 3571 qen-ens
665 3521 711 3560 iu
752 3526 932 3560 cruenta
960 3517 1117 3573 palude

243 3577 306 3616 sic
338 3574 476 3617 latuit.
555 3577 673 3618 Haec
708 3578 784 3620 ille
819 3592 873 3619 ex
905 3579 1117 3631 scriptore

245 3635 318 3688 qui
353 3635 543 3690 Augusti
574 3647 686 3678 aevo
724 3638 835 3679 vixit
867 3636 1117 3691 imprudens

244 3692 428 3736 rettulit.

767 2393 835 2436 10.
871 2393 1059 2434 cassibus
1092 2393 1145 2434 M.

639 2452 705 2495 19.
742 2452 930 2508 epistulis
961 2453 1016 2506 M,
1051 2464 1138 2493 non
1174 2452 1334 2509 epistol.

1223 2395 1290 2435 14.
1325 2393 1458 2434 hiona
1488 2393 1555 2434 M:
1591 2392 1782 2434 correxit
1812 2391 2067 2435 Beroaldus-

1286 2567 1389 2622 Cap.
1414 2566 1484 2611 26.
1548 2567 1611 2607 sic
1629 2565 1890 2621 Suqambros
1917 2566 1965 2606 in
1993 2565 2070 2607 de-

1196 2628 1396 2669 ditionem
1413 2633 1635 2681 acceptos.-
1671 2625 1906 2667 Suetonius
1923 2624 2065 2667 Tiber.

1194 2687 1246 2729 9:
1285 2687 1541 2729 Germanico
1577 2685 1745 2741 (bello)
1779 2684 2071 2740 quadt'ayinla

1193 2746 1315 2788 milia
1347 2746 1643 2787 dediticiorum
1677 2744 1850 2785 traiecit
1879 2745 1926 2785 in
1961 2743 2070 2785 Gal..

1194 2806 1313 2858 liam,
1348 2807 1550 2859 iuxtaque
1576 2805 1717 2860 ripam
1739 2803 1883 2846 Rheni
1904 2803 2071 2844 sedibus

1197 2866 1429 2921 assiqnatis
1464 2863 1704 2905 collocavit.
1767 2863 1882 2919 Aug.
1902 2864 1986 2906 21:
2019 2877 2072 2903 ea:

1198 2925 1344 2979 quibus
1367 2923 1640 2980 (Germanis)
1674 2921 1799 2963 Ubios
1825 2928 1865 2963 et
1883 2922 2072 2976 Suqam-

1197 2986 1293 3025 bros
1312 2985 1509 3025 dedentes
1529 2997 1573 3024 se
1596 2982 1788 3023 traduxit
1812 2982 1859 3022 in
1887 2980 2075 3023 Galliam

1197 3051 1321 3097 atque
1351 3045 1396 3084 in
1422 3043 1630 3098 proximis
1652 3041 1802 3083 Rheno
1829 3041 1948 3095 aqris
1981 3039 2073 3081 col-

1196 3103 1366 3144 locavit.
1425 3101 1556 3142 Ubios
1580 3100 1775 3156 Agrippa
1801 3100 1844 3139 in
1863 3098 2072 3140 Gallicam

1200 3162 1340 3203 Rheni
1373 3161 1510 3214 ripam
1539 3159 1728 3200 traduxit
1762 3161 1828 3213 (v.
1842 3157 1976 3199 Tacit.
2000 3157 2074 3198 ΧΠ

1199 3222 1251 3264 27
1288 3221 1436 3275 ibique
1469 3222 1642 3274 annot.)
1687 3230 1802 3259 anno
1835 3217 1954 3258 urbis
1989 3217 2074 3260 716

1199 3280 1271 3321 vel
1296 3281 1396 3330 715,
1423 3278 1688 3335 Sugambros
1708 3276 1924 3330 Tiberius,
1958 3276 2073 3332 quod

1229 3339 1349 3381 ,746
1382 3339 1544 3379 factum
1578 3349 1675 3379 esse
1708 3349 1763 3378 ex
1793 3335 1934 3378 Dione
1956 3335 2074 3378 LV6

1203 3397 1418 3452 colligere
1441 3398 1560 3439 licet.
1598 3396 1853 3438 Obiterrem
1876 3395 2073 3435 meminit

1203 3457 1356 3500 Strabo
1396 3456 1470 3498 Vll
1507 3459 1525 3498 1
1560 3458 1617 3508 3,
1672 3455 1908 3508 Eunopius
1935 3451 2070 3504 vl19‚

1204 3517 1382 3558 Orosius
1404 3516 1458 3558 Vl
1479 3518 1549 3558 21
1606 3488 1735 3555 ’Contu
1759 3513 1906 3554 Hmfflat
1930 3509 2070 3552 Uar.m

1203 3575 1261 3617 IV
1295 3579 1323 3619 2
1353 3576 1531 3628 34,14
1563 3575 1633 3616 51.
1700 3570 1900 3612 Velleius
1933 3571 1968 3610 ll
1999 3569 2070 3613 97.

1205 3634 1491 3678 Cassiodorus
1523 3646 1557 3675 s.
1591 3644 1630 3673 a.
1665 3627 1774 3711 746.

2132 397 2173 422 *4OE

1563 1536 1819 1589 Reductus
1858 1537 1978 1617 inde
2017 1538 2069 1590 iu
2084 1540 2156 1590 26
