2280 4004
243 274 332 316 332
1014 273 1308 318 ANNAleM
1817 292 1858 324 a.
1890 290 1936 325 n.
1966 278 2067 326 ⁷88.

246 431 545 483 capessere,
601 416 759 468 robur
795 415 1054 484 legionum
1091 418 1452 484 sociorumque
1492 419 1652 485 ripam
1701 419 1768 472 ad
1804 418 2069 488 Euphratis

246 507 399 558 ducit.
477 506 916 572 sacrificantibUS,
977 523 1087 559 cum
1127 509 1212 560 hic
1265 524 1409 561 mor-e
1446 510 1676 562 Romano
1710 509 2070 566 suovetaurih«

245 599 404 662 daret,
444 597 530 649 ille
564 613 745 663 equum
770 598 1030 664 placando·
1050 600 1195 666 amni
1226 600 1545 666 adornasset,
1575 602 1875 655 nuntiavere
1913 615 2072 656 acco-

243 688 325 739 lae
362 688 654 754 Euphraten
693 688 828 740 nulla
867 689 1099 740 imbrium
1126 673 1188 740 “vi
1240 695 1422 757 sponte
1459 697 1509 743 et
1554 693 1849 745 immensum
1891 693 2068 758 attolli,

206 778 392 834 ssimul
431 779 714 831 albentibus
755 781 946 846 spumis
982 781 1034 831 in
1071 781 1276 832 modum
1320 782 1619 835 diadematis
1656 784 1864 838 sinuare
1897 786 2068 850 orbes,

244 871 522 937 auspicium
571 872 804 937 prosperi
857 877 1228 939 transgressus,
1338 872 1549 935 Quidam
1611 875 1844 928 callidius
1909 876 2072 928 inter—

242 962 596 1028 pretabantur,
657 963 798 1014 initia
866 968 1077 1014 conatus
1129 963 1353 1015 secunda
1414 979 1580 1031 neque
1638 966 1890 1032 diuturna,
1953 967 2068 1033 quia

244 1068 418 1105 eorum
457 1068 586 1120 quae
617 1058 753 1105 terra
790 1053 1002 1105 caelove
1035 1053 1461 1120 portenderentur
1494 1057 1684 1108 certior
1720 1057 1864 1122 fides,
1905 1057 2073 1108 flumi-

243 1160 359 1197 num
413 1145 663 1197 instabilis
722 1151 899 1196 natura
959 1146 1105 1196 simul
1173 1147 1468 1199 ostenderet
1518 1148 1686 1199 omina
1750 1154 2068 1216 raperetque.

179 1234 226 1289 io
243 1237 343 1290 Sed
383 1242 538 1303 ponte
573 1236 789 1287 navibus
832 1236 1016 1287 effecto
1057 1237 1395 1303 tramissoque
1435 1239 1690 1303 exercitu,
1742 1240 1932 1305 primus
1970 1239 2073 1292 Or-

242 1328 498 1394 nospades
533 1327 700 1379 multis
735 1328 955 1393 equitum
995 1328 1195 1379 milibus
1230 1329 1282 1379 in
1323 1333 1489 1380 castra
1530 1330 1697 1394 venit,
1749 1330 1866 1381 exul
1902 1344 2070 1396 quon-

243 1419 355 1470 dam
407 1423 457 1470 et
493 1419 724 1483 TiberiO,
789 1434 900 1469 cum
955 1419 1286 1470 Delmaticum
1330 1419 1514 1471 bellum
1565 1419 1867 1485 conficeret,
1934 1419 2066 1472 hand

243 1510 494 1577 inglorius
545 1510 842 1575 auxiliator,
908 1514 1074 1576 eoque
1135 1511 1339 1562 civitate
1375 1513 1601 1564 Romana
1651 1511 1904 1576 donatUS,
1956 1526 2074 1563 mox

242 1603 454 1670 repetita
492 1603 712 1655 amicitia
746 1604 904 1670 'regis
950 1603 1105 1654 multo
1160 1603 1291 1670 apud
1343 1619 1455 1655 eum
1503 1603 1727 1668 honore,
1782 1596 2071 1670 praefectus

181 1695 229 1742 ιε
245 1695 435 1761 campis
484 1695 567 1761 qui
620 1694 875 1760 Euphrate
927 1700 977 1746 et
1031 1695 1183 1761 Tigre
1249 1694 1452 1746 inclutis
1505 1694 1735 1747 amnibus
1794 1694 2072 1746 circumflui

242 1787 642 1853 Mesopotamiae
669 1801 856 1837 nomen
892 1791 1214 1852 acceperunt.
1291 1787 1467 1852 Neque
1503 1787 1657 1837 multo
1695 1791 1809 1853 post
1826 1787 2072 1839 Sinnaces

243 1883 397 1944 auget
437 1877 646 1944 copiaS,
690 1883 740 1929 et
780 1877 1013 1928 columen
1049 1877 1263 1943 partium
1302 1877 1640 1945 Abdagaeses
1679 1893 1857 1945 gazam
1895 1883 1946 1930 et
1979 1876 2074 1944 pa·—

242 1974 381 2020 ratus
433 1969 610 2036 regios
651 1968 824 2019 adicit.
899 1968 1129 2020 Vitellius
1170 1973 1456 2021 ostentasse
1494 1967 1719 2021 Romana
1773 1983 1911 2020 arma
1949 1969 2073 2020 satis

242 2065 403 2125 ratuS,
464 2066 635 2111 monet
684 2060 942 2112 Tiridaten
992 2060 1369 2126 primoresque,
1432 2059 1566 2111 hunc
1615 2059 1842 2112 Phraatis
1895 2059 1978 2111 avi
2025 2064 2074 2111 et

179 2163 228 2201 πο
243 2151 419 2203 altoris
458 2151 710 2216 CaesariS,
746 2167 875 2218 quae
907 2151 1179 2217 utrobique
1209 2150 1434 2217 pulchra,
1472 2151 1775 2216 meminerit,
1805 2150 1939 2216 illos,
1976 2151 2073 2202 ob-

243 2244 471 2309 sequium
507 2244 558 2294 in
589 2259 787 2310 regem,
826 2243 1166 2296 reverentiam
1203 2243 1255 2293 in
1294 2257 1406 2294 nos.
1481 2242 1648 2294 Decus
1680 2243 1893 2309 quisque
1929 2257 2072 2294 suum

243 2338 291 2385 et
320 2334 466 2386 fidem
502 2335 796 2386 retinerent.
871 2335 1000 2385 Exin
1043 2348 1153 2384 cum
1180 2333 1469 2400 legionibus
1507 2333 1558 2383 in
1587 2333 1782 2399 Syriam
1807 2333 2071 2386 remeavit.

383 2425 524 2486 Quae
563 2425 757 2476 duabus
797 2425 1072 2477 aestatibus
1111 2429 1256 2491 gesta
1289 2423 1547 2487 coniunxi,
1589 2437 1689 2489 quo
1725 2424 2158 2490 requiesceret38

245 2516 441 2566 animus
481 2532 509 2566 a
547 2516 842 2567 domesticis
880 2515 1041 2567 malis.
1131 2515 1243 2566 Non
1281 2514 1412 2566 enim
1452 2513 1736 2578 Tiberium,
1776 2528 2071 2581 quamquam

180 2605 463 2657 astriennio
518 2611 635 2671 post
689 2607 897 2657 caedem
936 2605 1137 2667 Seiani,
1202 2620 1329 2669 quae
1387 2609 1587 2655 ceteros
1645 2604 1844 2656 mollire
1888 2605 2070 2669 solent,

362 2760 403 2802 2.
437 2771 617 2800 romane
647 2757 702 2799 M.
794 2758 837 2798 3.
871 2758 980 2798 anni
1018 2756 1071 2798 M.
1164 2758 1207 2798 4.
1239 2757 1342 2797 inm.
1378 2755 1431 2798 M.
1523 2756 1566 2800 6.
1597 2770 1800 2813 prospere
1832 2756 1886 2800 M.
1958 2756 2072 2798 mlt-

244 2818 337 2860 ‹lius
370 2818 425 2860 M.
504 2819 757 2872 interpr-aet.
792 2816 847 2858 M.
931 2816 973 2860 9.
1009 2815 1154 2856 omnia
1183 2816 1248 2857 M:
1283 2816 1474 2857 correxit
1504 2814 1762 2859 Beroaldus.
1845 2815 1912 2858 18.
1941 2816 2071 2858 uitel-

243 2878 336 2919 letis
366 2877 418 2919 Μ.
485 2877 553 2919 19.
589 2884 628 2918 et
660 2877 792 2917 tacite
815 2874 1075 2917 Rhenanus:
1108 2874 1223 2917 Mur.
1288 2875 1360 2918 20.
1393 2875 1616 2930 utrubique
1643 2876 1698 2917 M.
1779 2876 1852 2918 22.
1886 2876 1994 2918 exim
2016 2875 2070 2918 M.

331 3011 436 3067 Gap.
456 3013 528 3054 37.
579 3012 626 3052 in
645 3012 813 3053 modum
834 3012 1111 3053 diadematis:
1286 3024 1395 3065 quae
1433 3010 1652 3065 utrobique
1679 3009 1890 3066 pulchra,
1922 3010 2071 3051 nicotii-

241 3083 383 3128 aquae
419 3071 662 3125 spumantis
694 3072 885 3113 vortices
920 3070 1114 3112 candidis
1199 3071 1334 3110 uerit.-
1384 3075 1450 3110 est
1495 3070 1756 3125 epexegesis
1800 3069 2071 3123 praeceden-

244 3132 392 3173 l'asciis
425 3130 716 3172 diadematum
761 3130 928 3172 similes
974 3135 1112 3172 erant.
1201 3130 1306 3169 tium
1321 3127 1521 3170 Phraatis
1541 3129 1614 3169 avi
1629 3135 1668 3169 ct
1688 3127 2069 3170 αῑεοηζςΰαεεανίε.
2112 3132 2115 3133 ⁷

242 3190 511 3232 Diadematis
534 3189 715 3246 liguram
738 3189 932 3232 indicant
946 3190 1114 3232 Seneca
1202 3188 1304 3229 Sine
1326 3200 1458 3229 causa
1490 3187 1542 3228 ad
1563 3186 1604 3229 h.
1640 3187 1668 3229 l.
1703 3186 1886 3230 offendit
1907 3187 2072 3230 Neuius

240 3249 321 3304 Ep.
346 3249 419 3302 80,
450 3249 583 3291 Silius
607 3249 705 3291 xvl
739 3248 841 3301 242,
869 3249 1113 3304 Xenophon
1203 3248 1246 3287 in
1283 3245 1467 3288 Observ.
1513 3245 1567 3287 ad
1602 3245 1797 3288 Tacitum
1837 3249 2017 3301 specim.
2055 3246 2068 3286 Ι

241 3307 401 3362 Cyrop.
439 3307 531 3349 Vlll
565 3309 594 3350 3
627 3310 667 3352 7.
1203 3318 1244 3359 p.
1282 3304 1372 3358 Vll,
1408 3318 1596 3360 quaeque
1631 3306 1907 3347 scribendum
1938 3311 2070 3347 ratus.

327 3368 564 3422 auspicium
581 3369 779 3424 prosperi
797 3374 1113 3423 tmnsqressus:
1295 3363 1400 3420 Cap.
1427 3365 1500 3407 38.
1565 3379 1643 3419 quo
1669 3367 1951 3420 requiesceret
1968 3364 2072 3405 ani-

242 3426 359 3468 cont'.
397 3433 544 3469 annot.
579 3427 631 3467 ad
665 3426 681 3468 l
718 3427 788 3469 27.
926 3427 1119 3468 columen
1204 3438 1295 3466 mus
1327 3438 1354 3465 a
1375 3424 1615 3466 domesticis
1643 3425 1791 3466 malis.-
1825 3423 1911 3464 alia
1943 3434 2071 3463 causa

238 3485 730 3541 partiumAbdaqaeses:
750 3485 821 3541 qui
838 3486 1118 3539 praecipuum
1207 3497 1284 3525 cur
1324 3496 1392 3525 res
1435 3495 1514 3537 per
1555 3483 1703 3538 plures
1746 3492 1883 3523 annos
1922 3485 2071 3536 gestas

243 3542 376 3583 decus
410 3548 454 3585 et
486 3544 751 3598 praesidium
783 3542 977 3599 partibus
1012 3549 1117 3586 erat.
1208 3543 1513 3598 coniungeret,
1549 3544 1588 3583 ei
1624 3542 1705 3583 ruit
1738 3539 1815 3582 XII
1845 3539 1930 3581 40:
1962 3538 2072 3580 haec

243 3600 294 3641 ll.
315 3601 386 3643 'lll
419 3602 500 3646 66:
548 3605 761 3659 specimen
789 3604 982 3660 partium
1016 3604 1117 3646 Mu-
1206 3615 1459 3657 quamquam
1489 3615 1517 3642 a
1539 3601 1696 3641 duobus
1724 3598 2071 3654 propraetoribus

243 3658 407 3703 ciamcs.
1200 3661 1347 3719 plures
1376 3674 1456 3719 per
1497 3672 1635 3707 amcos
1663 3664 1806 3717 qesta,
1850 3657 2069 3715 coniunx-i,
