2280 4004
254 238 314 287 10
890 283 895 289 .
919 287 923 290 ,
1014 243 1307 291 ANNALIVM
1822 264 1863 299 a·
1891 257 1941 300 ΙΙ.
1968 253 2078 304 800.

253 387 383 437 taret
436 384 663 451 plebem,
732 398 861 452 quae
918 391 1041 455 toga
1101 389 1423 443 enitesceret.
1518 392 1739 446 Sublatis
1793 395 2079 453 studiorum

250 475 424 543 pretiis
463 475 612 527 etiam
646 476 811 531 studia
836 478 1077 546 peritura.
1152 482 1212 533 Ut
1235 482 1400 534 minus
1430 483 1621 537 decora
1659 485 1805 552 haec,
1836 486 1909 538 ita
1942 487 2080 543 hund

251 566 435 619 frustra
475 566 609 618 dicta
639 569 877 637 princeps
910 574 1067 636 ratuS,
1105 573 1368 639 capiendis
1406 575 1638 642 pecuniis
1671 576 1841 643 posuit
1874 577 2078 631 modum

248 670 408 722 usque
432 657 495 708 ad
522 657 653 709 dena
677 662 928 726 sestertia,
947 665 1311 736 quem—egressi
1334 666 1727 733 repetundarum
1765 673 2074 722 tenerentur.

211 761 234 803 ι,
387 748 488 801 Sub
526 749 659 802 idem
697 755 890 818 tempus
916 742 1248 821 MithridateS,
1287 772 1433 823 quem
1469 758 1787 825 imperitasse
1818 759 2126 816 ArmeniisS

246 852 278 888 10·
317 853 348 888 *
388 838 480 891 Gai
533 841 768 895 Caesaris
821 845 1043 897 vinctum
1092 849 1400 915 memoravi,
1462 855 1700 903 monente
1750 851 1962 909 Claudio
2022 853 2077 906 iu

245 944 458 998 regnum
500 935 770 1000 remeavit,
807 935 928 1011 fisus
964 937 1319 993 Pharasmanis
1358 940 1554 1006 opibus.
1640 943 1694 994 ‘Is
1726 957 1823 996 rex
1853 944 2077 1010 Hiberis,

245 1021 481 1090 idemque
536 1025 839 1081 Mithridatis
900 1029 1059 1081 frater
1080 1069 1094 1095 ‚
1161 1031 1426 1083 nuntiabat
1489 1033 1792 1087 discordare
1846 1035 2078 1101 Parthos,

246 1128 539 1182 summaque
577 1117 774 1184 imperii
813 1120 1076 1188 ambigua,
1138 1123 1335 1175 minora
1372 1124 1485 1176 sine
1523 1141 1647 1178 cura
1683 1126 1877 1180 haberi.
1950 1128 2077 1180 Nam

184 1217 233 1257 no
248 1206 379 1259 inter
430 1208 663 1264 Gotarzis
716 1210 958 1279 pleraque
1005 1227 1190 1279 saeva,
1254 1215 1338 1285 qui
1388 1231 1569 1270 necem
1623 1217 1771 1271 fratri
1811 1218 2077 1271 Artabano

247 1298 554 1366 coniugique
594 1316 654 1352 ac
705 1301 808 1353 filio
861 1303 969 1354 eius
1009 1311 1432 1371 praeparaverat,
1490 1307 1626 1359 unde
1674 1313 1835 1362 metus
1875 1310 1985 1364 eius
2023 1310 2075 1362 in

246 1394 465 1457 ceterOS,
494 1391 734 1444 accivere
758 1394 1046 1448 Vardanen.
1120 1393 1226 1462 Ille,
1259 1401 1314 1449 ut
1350 1402 1460 1451 erat
1489 1396 1689 1468 magnis
1727 1396 1865 1455 ausis
1900 1414 2077 1470 prom·-

362 1549 401 1591 1.
436 1560 519 1603 qua
546 1549 714 1593 BGM²=
746 1553 997 1596 emendavit
1023 1553 1056 1596 I.
1082 1553 1151 1597 Fr.
1177 1553 1438 1597 Gronovius.
1502 1557 1544 1599 2.
1580 1554 1687 1612 Ftiis
1717 1555 1800 1599 Ma.
1861 1557 1905 1600 3.
1933 1557 2078 1613 posuit

155 1630 157 1632 -
241 1604 365 1648 deest
400 1606 490 1661 Ma,
532 1609 655 1652 adest
686 1610 729 1652 in
764 1610 812 1654 G.

935 1617 977 1657 4.
1013 1627 1120 1669 quae
1153 1613 1233 1667 Ma,
1269 1627 1365 1656 curn
1398 1614 1475 1656 lin.
1510 1629 1535 1657 a
1565 1617 1838 1669 recentiore,
1868 1621 1916 1656 ut
1936 1616 2076 1669 ¹vide-

239 1671 334 1719 tu1·‚
367 1680 498 1709 manu
536 1669 684 1723 ducta,
718 1677 767 1712 ut
797 1672 975 1714 dubium
1007 1680 1202 1726 maneat,
1237 1679 1377 1715 utrum
1412 1675 1468 1716 sit
1501 1687 1608 1729 quae
1642 1675 1851 1723 Ber-oaldi-
1881 1681 1925 1717 et
1955 1674 1990 1718 G
2020 1688 2077 1717 an

241 1740 363 1781 quem
392 1727 624 1771 Pichenae.

718 1732 1053 1787 repetundarum
1083 1747 1299 1789 superscr.
1343 1733 1436 1790 leqe
1467 1733 1548 1776 Ma.

1647 1737 1688 1779 5.
1722 1735 1962 1781 mitridates
1991 1733 2075 1777 Ma.

240 1785 283 1829 6.
320 1786 403 1828 Gai
427 1787 630 1830 Caesaris
669 1790 834 1832 editor:
870 1794 1033 1834 cesaris
1057 1806 1107 1847 pr
1126 1792 1213 1846 Ma;
1249 1801 1287 1835 et
1319 1794 1377 1834 ad
1398 1796 1694 1850 praesentiam
1727 1796 1932 1839 Caesaris
1964 1793 2002 1837 G
2030 1799 2076 1836 et.

241 1857 339 1887 corr
369 1845 450 1890 Ma.

239 1907 456 1948 rasmanis
487 1906 567 1950 Ma.

233 2025 475 2081 paraberat
506 2039 555 2081 pr
586 2026 666 2070 Ma.

240 2084 466 2129 bardanen
497 2086 539 2128 h.
575 2087 605 2128 1.
640 2086 719 2130 Ma.

240 2238 337 2268 cum
369 2226 627 2280 scripturam
652 2228 797 2268 conati
820 2233 920 2268 sunt
942 2233 985 2269 et
1008 2229 1113 2269 iun-

239 2292 347 2342 gunt
383 2300 427 2327 se
468 2286 655 2327 modicos
697 2294 918 2328 senatores
951 2290 1111 2344 (esse)⁷

238 2345 310 2400 qui
344 2351 383 2386 et
413 2359 441 2386 a
467 2360 514 2386 re
540 2345 715 2401 publica
742 2345 865 2387 nulla
885 2347 972 2388 nisi
990 2348 1113 2402 pacis

238 2404 523 2446 emolumenta
549 2412 757 2460 peterent,
791 2405 858 2447 illi
893 2405 1008 2447 haud
1037 2419 1113 2447 re-

237 2470 501 2520 putaverunt
534 2464 771 2506 advocatos
815 2466 922 2506 istos
964 2478 1051 2506 non
1087 2478 1112 2506 a

236 2537 284 2565 re
301 2523 476 2577 publica
492 2530 643 2578 petere
665 2525 787 2577 pacis
801 2525 1111 2576 emolumenta,

236 2584 366 2624 immo
401 2596 424 2623 a
458 2582 638 2636 privatis
676 2582 926 2624 hominibus
963 2585 1112 2638 quieta

236 2656 283 2684 re
325 2641 514 2695 publica.
580 2640 713 2683 lidem
767 2641 1023 2695 particulam
1074 2649 1113 2683 et

236 2701 382 2744 alieno
432 2700 531 2742 loco
580 2701 764 2754 positam
826 2701 1109 2743 admiserunt.

237 2760 429 2803 Orellius
455 2761 680 2802 inventum
699 2759 856 2800 Halmii
876 2761 946 2813 qui
971 2761 1115 2814 quieta

236 2826 506 2875 -peterent
526 2819 713 2871 admisit,
749 2818 826 2860 sed
858 2819 901 2860 id
936 2825 978 2860 et
1008 2819 1111 2860 lon..

237 2880 335 2936 gius
376 2879 465 2920 abit
508 2892 532 2920 a
575 2878 775 2919 codicum
819 2879 1022 2934 vestigiis
1069 2886 1114 2921 et

238 2942 558 2996 κακοφωνίαν
590 2937 737 2978 Tacito
772 2937 971 2993 largitur.

341 3000 550 3053 coyc'taret
595 2996 786 3053 plebem,
855 3010 962 3050 qaae
1013 3003 1114 3052 toya

238 3058 517 3100 enitescerett
562 3058 804 3111 respiceret
845 3062 1016 3110 praeter
1065 3069 1112 3096 se

237 3117 436 3159 modicos
481 3122 709 3158 senatores
753 3116 883 3156 etiam
920 3114 1110 3169 plebem,

239 3190 351 3231 quae
407 3177 549 3217 causis
603 3175 787 3231 agendis
832 3178 1003 3230 (toga)
1059 3173 1113 3215 ad

239 3235 413 3277 laudem
461 3236 687 3289 aspiraret.
753 3233 879 3276 Conf.
914 3233 993 3275 xll
1025 3233 1113 3275 58:

238 3302 364 3348 utque
396 3295 546 3336 studiis
577 3295 762 3336 honestis
791 3301 829 3335 et
847 3293 1114 3348 eloquentiae

158 3389 167 3395 ,
240 3354 385 3409 yloria
418 3356 682 3396 enitesceret.
715 3354 846 3396 0Pliu.
872 3354 1034 3408 Paneg.
1057 3353 1111 3395 5:

243 3414 395 3453 enituit
427 3414 581 3467 aliquis
612 3414 658 3453 in
695 3412 827 3465 betto,
870 3413 944 3453 sed
988 3411 1113 3452 obso-

244 3471 344 3512 levit
373 3473 420 3513 in
452 3486 588 3527 pace;
622 3473 756 3514 alium
788 3479 900 3527 toqa,
934 3471 1113 3512 sednon

245 3538 284 3571 et
317 3544 442 3571 arma
473 3531 770 3572 honestarunt.

334 3604 441 3642 quae
464 3597 587 3644 coya:
626 3590 875 3631 Waltherus
906 3589 1115 3631 librorum

247 3646 401 3689 vitium
458 3660 540 3702 qua
591 3649 732 3691 tenuit
788 3655 830 3690 et
891 3649 1114 3703 explicuit,

550 1850 737 1891 vinctum
773 1850 863 1893 Ma:
896 1859 1061 1894 vectum
1096 1852 1129 1895 G
1164 1859 1207 1895 et
1240 1852 1536 1906 Oxonienses‚
1570 1857 1727 1903 victum
1756 1855 1807 1897 B.

662 1909 831 1952 Hiberis
864 1909 945 1964 Ma,
977 1924 1066 1952 non
1099 1913 1250 1955 Iberis.

239 1964 409 2007 tharzes
426 1965 504 2019 Ma,
541 1969 615 2023 qui
648 1981 750 2010 mox
781 1971 1060 2025 aspirationis
1081 1978 1228 2013 notam
1262 1973 1438 2014 omittit.

853 2032 921 2073 12.
957 2038 1121 2073 ceteros
1145 2039 1200 2073 et
1243 2032 1446 2074 acciuere
1481 2032 1574 2075 Ma:
1629 2041 1673 2077 et
1709 2033 1894 2081 omissum
1938 2034 1986 2076 in
2024 2030 2074 2075 G.

847 2088 962 2132 idem
995 2103 1095 2132 mox
1128 2104 1207 2145 per
1239 2091 1429 2133 litteram
1459 2105 1499 2133 υ.

1917 1850 1961 1903 7·
1993 1856 2072 1909 fa·

1357 1913 1400 1955 8.
1435 1914 1663 1956 mitridatis
1696 1913 1775 1963 Ma.
1887 1915 1956 1963 10.
1991 1927 2073 1970 9⁰·-

1531 1988 1636 2015 seua
1658 1973 1738 2016 Ma.
1834 1974 1904 2021 11.
1934 1985 2076 2030 prae-

1200 2229 1410 2283 coyitaret
1442 2241 1526 2282 qua
1557 2227 1621 2285 (h.
1651 2240 1692 2270 e.
1727 2237 1814 2282 qua
1846 2227 1936 2279 via,
1961 2238 2076 2283 quo-

1198 2287 1351 2344 modo)
1387 2295 1512 2341 ἔοργα,
1547 2288 1668 2341 pacis
1699 2285 1865 2327 artibus
1897 2291 1941 2328 et
1974 2285 2075 2328 elo-

1199 2347 1379 2402 quentia
1425 2347 1615 2399 forensi,
1666 2345 1942 2399 enitesceret,
1996 2345 2075 2387 sed

1198 2406 1487 2448 veliementer
1525 2404 1917 2460 reprehendendus
1954 2410 2073 2446 esset

1198 2467 1410 2519 scriptor,
1456 2467 1492 2507 si
1535 2477 1693 2516 voces,
1747 2474 1858 2519 quas
1906 2463 2074 2506 Formae

1198 2524 1441 2579 aequalitas
1475 2524 1685 2580 coniungi
1717 2523 1857 2575 iubet,
1887 2523 1952 2564 sie
1979 2522 2073 2564 dis-

1198 2585 1321 2638 iungi
1356 2596 1379 2623 a
1413 2583 1665 2638 legentibus
1697 2580 1926 2623 voluisset.

1280 2643 1478 2697 pecuniis
1515 2642 1658 2697 posuit
1693 2638 1891 2682 montumz
1930 2639 2073 2680 media

1197 2712 1311 2752 vox,
1362 2714 1474 2755 quae
1517 2703 1560 2741 in
1604 2699 1717 2741 libro
1765 2699 2071 2754 antiquissimo

1198 2759 1442 2812 intercidit,
1501 2765 1676 2814 praeter
1724 2757 1758 2800 G
1812 2757 1856 2800 in
1909 2759 2070 2800 ceteris

1199 2831 1373 2875 quoque
1406 2818 1522 2860 unde
1555 2817 1667 2859 nihil
1705 2818 1884 2860 affertur
1915 2817 2073 2859 conie-

1201 2885 1325 2919 ctura
1351 2879 1554 2932 suppleta
1590 2880 1632 2919 et
1657 2876 1761 2918 indo
1798 2876 2072 2934 immigrasse

1198 2939 1241 2978 in
1291 2937 1508 2979 editiones
1558 2937 1745 2979 videtur.
1825 2935 2069 2977 Excidet-dt

1199 3009 1329 3037 causa
1361 3010 1519 3038 nomen
1552 3003 1854 3052 antegressum
1899 2994 1984 3036 fuit
2018 2993 2071 3035 ab

1199 3056 1349 3097 eadem
1377 3056 1524 3097 littera
1564 3057 1780 3109 incipiens
1818 3053 2068 3110 (pewniis).

1288 3115 1392 3168 Cap.
1421 3117 1463 3158 8.
1528 3115 1797 3170 imperitasse
1826 3112 2071 3154 Armeniis.-

1199 3174 1256 3215 cf.
1293 3173 1350 3214 Vl
1383 3173 1573 3216 32-36.
1697 3172 1903 3214 Caesario
1923 3185 1936 3212 .·
1970 3170 2069 3213 libri

1198 3233 1382 3275 Medicei
1418 3234 1617 3275 defectus
1654 3232 1698 3272 ἰη’
1718 3231 1817 3273 aliis
1843 3230 2071 3272 codicibus

1198 3292 1258 3334 ita
1292 3292 1493 3346 expletus
1527 3291 1705 3348 legitur,
1740 3297 1788 3332 ut
1820 3289 1967 3332 verbis
1998 3288 2070 3329 in-

1197 3354 1327 3394 sertis
1347 3363 1435 3392 non
1464 3353 1546 3392 nisi
1570 3350 1773 3391 misellae
1788 3352 2069 3391 coniecturae

1199 3412 1389 3468 dignitas
1418 3416 1460 3452 et
1481 3411 1665 3464 pretium
1689 3406 1962 3450 tribuendum
1985 3408 2066 3447 sit:

1199 3469 1409 3512 exhibent
1458 3471 1572 3511 enim
1623 3475 1659 3508 et
1692 3468 1750 3508 ad
1778 3465 2069 3523 praesentiam

1204 3531 1408 3572 Caesaris
1459 3531 1645 3570 virectum
1691 3525 1763 3566 vel
1801 3526 1957 3566 victum
1995 3523 2066 3566 vel

1202 3597 1393 3641 vectum3
1425 3600 1538 3644 quae
1569 3582 1802 3640 supplendi
1840 3584 2069 3634 conamina

1202 3649 1275 3691 vel
1330 3659 1380 3689 eo
1433 3651 1479 3688 ut
1519 3644 1706 3700 puerilia
1753 3648 2064 3701 agnoscuntur,
