2280 4004
193 313 221 344 α
243 296 305 345 οε.
331 298 522 344 tio-⁶50.
763 294 930 340 LIBER
959 295 1050 340 xn.
1112 266 1223 340 civ..
1253 295 1442 342 24—25.
1959 295 2020 336 cs.

194 437 395 488 fortuna
441 435 723 502 pomerium·
771 440 985 487 auctum.
1057 435 1120 485 Et
1174 447 1300 500 quos
1349 439 1451 484 tum
1491 433 1728 488 Claudius
1769 434 2027 486 terminos

191 528 444 595 posuerit,
488 527 637 579 sacile
676 527 886 594 cognitu
922 531 971 578 et
1005 525 1222 592 publicis
1260 526 1386 578 actis
1422 528 1770 593 perscriptum.

333 620 459 672 Gaio
497 619 717 670 Antistio
754 619 926 670 Marco
966 617 1140 670 Suillio
1181 618 1474 669 consulibus
1512 618 1716 684 adoptio
1752 619 1804 669 in
1839 619 2025 671 Domi-1

193 711 312 762 tium
348 710 651 762 auctoritate·
685 708 925 760 Pallantis
963 708 1246 773 festinatur,
1289 709 1372 775 qui
1413 709 1687 762 obstrictus
1703 710 2025 777 Agrippinae

190 807 245 852 ut
271 802 573 853 conciliator
607 801 910 867 nuptiarum,
945 805 994 851 et
1032 815 1152 851 mox
1185 805 1357 867 stupro
1393 801 1502 852 eius
1542 802 1804 869 inligatu<s5
1839 803 2063 854 sumu-s

191 893 332 945 labat
368 892 629 943 Claudium
673 891 963 943 consuleret
1003 891 1080 942 rei
1119 891 1390 957 publicae,
1445 893 1720 944 Britannici
1755 894 2027 959 pueritiam²

191 982 381 1035 robore
421 982 774 1034 circumdaret.
849 983 934 1035 Sic
968 982 1099 1048 apud
1139 982 1307 1034 divum
1344 983 1657 1050 Augustum,
1715 999 2014 1051 quamquam

191 1075 457 1142 nepotibus
489 1075 774 1138 subnixum,
813 1074 1045 1140 viguisse
1078 1074 1376 1140 privignos3
1414 1091 1442 1126 a
1471 1075 1678 1126 Tiberio
1710 1090 1862 1141 super
1896 1091 2029 1142 pro-a.

192 1167 351 1233 priam
376 1166 581 1232 sti-rpem
607 1165 963 1217 Germanicum
1001 1164 1331 1231 adsumptum.
1389 1165 1454 1218 Se
1492 1179 1691 1232 quoque
1718 1167 2016 1233 accingeret

193 1257 382 1309 iuvene
430 1261 624 1323 partem
681 1271 914 1308 curarum
974 1256 1306 1323 capessituro.
1406 1256 1495 1309 His
1557 1257 1751 1309 evictus
1811 1258 2087 1320 biennium

107 628 178 678 25

288 1412 351 1452 -1.
385 1416 526 1451 actum
555 1408 638 1452 Ma.
702 1417 789 1452 tum
817 1408 897 1462 Ma,
929 1422 1017 1451 non
1047 1416 1160 1451 tunc.
1223 1411 1266 1453 2.
1301 1410 1474 1466 coquin}
1493 1408 1574 1452 Ma.

1632 1423 1800 1466 persor.
1833 1410 1914 1463 Ma,
1934 1423 2022 1452 non

189 1481 385 1524 praescr.
419 1468 663 1511 Puteolani.
727 1471 770 1512 3.
808 1470 857 1512 G.
886 1442 971 1511 ’Ma
1039 1469 1099 1510 M.
1134 1467 1213 1510 Ma.
1280 1483 1364 1511 cos.
1400 1482 1497 1511 cum
1530 1469 1607 1510 lin.
1641 1468 1722 1511 Ma.
1787 1471 1898 1526 optio
1931 1469 2028 1512 Ma:

196 1528 445 1570 emendavit
476 1528 758 1571 Puteolanus.

194 1587 271 1628 hor
302 1601 352 1642 pr
382 1587 462 1629 Ma.
534 1595 728 1644 apustum
757 1600 807 1642 pr
838 1586 919 1630 Ma.

197 1648 265 1690 10.
297 1649 451 1690 iuven&
482 1645 563 1690 Ma.

193 1768 395 1822 advenit,
442 1770 528 1811 iam
559 1770 704 1825 pergit
737 1770 850 1811 intra
880 1775 1064 1824 septen-

191 1828 422 1870 trionalem
464 1835 630 1883 partem
677 1828 863 1871 Palatini
903 1831 1064 1871 montis

195 1894 239 1930 et
264 1888 436 1931 Sacram
461 1890 593 1941 viam,
628 1887 768 1930 donec
800 1901 887 1930 non
912 1888 1065 1943 procul

194 1960 220 1989 a
250 1947 347 1989 foro
366 1947 561 1989 Romano
594 1947 648 1989 ad
671 1947 882 1990 sacellum
908 1949 1063 1990 Larum

193 2008 357 2049 venia-t.
423 2007 517 2058 Quo
579 2013 808 2062 postquam
862 2009 1065 2060 accessit,

193 2065 278 2108 iam
310 2078 398 2107 non
432 2066 598 2107 directa
625 2066 921 2121 descriptione
944 2079 1063 2120 usus,

194 2124 273 2167 sed
302 2125 519 2166 indirecta
550 2124 694 2167 addit:
726 2128 948 2180 forumque
971 2127 1065 2168 Ro-

192 2197 366 2226 manum
407 2191 447 2225 et
489 2184 746 2240 Capitolium
783 2198 871 2225 non
911 2198 939 2226 a
971 2184 1065 2227 Ro-

192 2243 304 2284 mulo
337 2243 411 2286 sed
442 2257 470 2284 a
492 2243 578 2284 Tito
607 2242 723 2295 Τήμο
757 2244 946 2285 additum
968 2244 1066 2285 urbi

196 2303 432 2344 credidere.
495 2301 704 2344 Nimirum
738 2302 841 2344 hinc
873 2303 1063 2345 lectores

196 2361 361 2404 cordati
394 2367 551 2415 sponte
583 2362 865 2418 intelligunt,
907 2376 1064 2417 pome-

193 2423 303 2462 rium
336 2420 510 2463 Romuli
544 2434 569 2461 a
600 2421 766 2463 sacello
809 2422 965 2463 Larum
1001 2423 1065 2463 sic

195 2481 493 2535 processisse,
527 2485 574 2521 ut
606 2480 660 2522 ad
692 2480 885 2522 dextram
922 2481 1063 2522 forum

196 2540 434 2581 Romanum
463 2545 506 2580 et
531 2551 631 2580 mox
648 2552 771 2581 mons
790 2539 1064 2594 Capitolinus

197 2604 328 2641 esset.
361 2598 467 2640 Toto
495 2597 618 2640 caelo
638 2605 782 2640 errant
799 2601 873 2655 qui
899 2599 1065 2654 aliquid

196 2657 351 2700 deesse
392 2658 644 2712 opinantur,
689 2659 733 2699 in
767 2671 948 2714 quorum
979 2671 1065 2698 nu-

195 2719 316 2758 mero
348 2718 478 2758 etiam
511 2715 736 2759 Beckerus
769 2718 798 2759 l.
835 2732 872 2760 c.
895 2731 937 2772 p.
965 2718 1063 2761 102.

195 2772 431 2818 Nihil'nisi
463 2775 705 2817 Palatinum
749 2783 940 2818 montem
973 2777 1065 2818 Ro-

196 2835 302 2876 muli
354 2835 592 2888 pomerium
647 2835 923 2889 complexum
970 2842 1065 2877 est:

200 2892 311 2935 Gell.
353 2893 382 2934 1.
438 2907 503 2936 c.:
548 2894 885 2948 antiquissimm
929 2902 1069 2936 autem

195 2952 447 3007 pomerium,
481 2952 590 3006 quod
621 2964 653 2993 a
680 2953 860 2995 Romulo
893 2954 1067 2995 institu-

201 3017 286 3051 tam
317 3017 399 3062 est,
441 3009 635 3052 Palatini
664 3014 818 3054 montis
849 3013 1068 3054 radicibus

201 3069 526 3111 terminabatur.
594 3068 813 3113 Convenit
866 3078 1068 3115 accurata

200 3127 335 3168 Taciti
378 3127 631 3184 descriptio.
705 3128 906 3173 Ceterum
940 3133 982 3172 in
1004 3129 1071 3172 Ma

199 3186 494 3228 memorabilis
541 3190 780 3243 scripturae
824 3189 1071 3231 differentia

202 3245 450 3300 (desoroque
469 3257 548 3299 pro
574 3250 815 3304 forumque)
848 3247 949 3308 inde
971 3254 1071 3290 nata

202 3303 309 3346 mibi
342 3303 530 3357 videtur,
563 3306 682 3360 quod
711 3319 808 3348 cum
841 3304 886 3346 in
912 3307 1072 3349 arche-

200 3369 304 3417 typo
337 3363 541 3416 scriptum
575 3370 691 3406 esset
721 3365 900 3419 fortique
932 3365 999 3420 (11.
1031 3379 1070 3407 e.

201 3426 422 3478 forumque
444 3422 629 3464 evanido
650 3423 897 3477 compendii
926 3425 1070 3479 signo,

203 3487 276 3523 aut
312 3480 514 3523 librarius
546 3481 709 3523 codicis
731 3481 973 3524 Florentini
999 3488 1073 3524 aut

203 3546 424 3582 corrector
456 3542 551 3582 eius
584 3541 633 3582 de
666 3541 842 3593 adiecit,
875 3547 921 3582 ut
954 3547 1072 3583 esset

203 3598 317 3641 unde
334 3598 548 3654 penderet
557 3599 790 3642 ablativus.
819 3601 912 3642 Hoc
929 3601 1070 3655 ipsum

205 3657 255 3702 de
283 3660 461 3718 foroque
491 3672 718 3718 perperam
752 3659 867 3704 idem
893 3659 970 3705 ille
990 3674 1068 3706 ac-

851 1528 893 1571 6.
914 1528 1224 1593 publicae].p
1230 1528 1353 1571 .M³.

1000 1601 1154 1643 quanq.
1179 1587 1250 1629 Οι·.

1870 1531 1911 1572 7.
1943 1544 2022 1571 ro-

1674 1588 1925 1645 acqinqeret
1939 1587 2021 1632 Ma.

1445 1529 1666 1570 brittanici
1697 1526 1776 1570 Ma.

1349 1588 1390 1630 9.
1425 1602 1509 1631 ass.
1530 1587 1603 1631 Or.

1152 1770 1269 1823 cepit
1328 1768 1382 1810 de
1434 1770 1532 1823 foro
1591 1769 1768 1812 Boario.
1831 1769 2022 1813 Orellius

1149 1829 1360 1870 audenter
1391 1829 1617 1882 rescripsit
1657 1829 1892 1871 Larundae
1926 1828 2016 1884 (Ma

1149 1889 1291 1930 larum
1322 1887 1599 1944 deforoque)‚
1651 1888 1839 1930 confisus
1871 1889 2023 1931 verbis

1149 1948 1356 1989 Varronis
1402 1946 1448 1988 L.
1486 1946 1533 1988 L.
1573 1947 1609 1988 V
1642 1948 1687 1998 δ.
1722 1948 1802 2001 74,
1835 1948 1893 1990 ibi
1929 1955 2025 1990 tra-

1148 2007 1290 2048 dentis
1316 2006 1549 2047 Larundae
1581 2019 1605 2047 a
1624 2006 1744 2047 Tatio
1768 2020 1877 2064 rege
1897 2021 2022 2049 aram

1148 2066 1389 2108 dedicatam
1425 2078 1539 2107 esse.
1590 2065 1686 2121 Ego
1715 2066 1919 2123 intelligo
1941 2081 2020 2122 ye-

1146 2126 1283 2166 minos
1332 2125 1470 2165 Lares
1509 2125 1580 2178 qui
1622 2127 1805 2180 compita
1847 2133 2023 2168 servant

1149 2183 1319 2239 (Ovidii
1351 2183 1486 2225 verba
1517 2183 1633 2226 Fast.
1670 2184 1708 2226 11
1735 2184 1863 2285 615ῗ,
1903 2186 2020 2228 Mer-

1147 2244 1255 2284 curii
1292 2242 1515 2297 Laraeq-ue
1547 2242 1764 2298 nymphae
1796 2243 1823 2283 fi
1844 2245 1932 2297 ios,
1965 2245 2019 2287 de

1148 2302 1304 2359 quibus
1339 2301 1520 2344 Ovidius
1554 2302 1583 2344 l.
1620 2316 1656 2344 c.
1691 2302 1960 2347 599—616.

1235 2376 1264 2403 a
1302 2363 1386 2403 Tito
1414 2361 1557 2402 Tatio.-
1591 2361 1855 2416 Capitolium
1887 2362 2015 2405 scili-

1148 2427 1217 2463 cet
1250 2427 1293 2462 et
1326 2420 1454 2462 collis
1499 2420 1737 2471 Quirinalis
1780 2435 1858 2475 pro
1902 2423 2019 2464 anti-

1148 2481 1368 2536 quissimis
1410 2478 1666 2522 Sabinorum
1714 2481 1890 2522 sedibus
1936 2482 2024 2523 ha-

1145 2539 1374 2591 bebantur,
1410 2545 1453 2580 et
1480 2538 1599 2581 Titus
1623 2539 1766 2581 Tatius
1803 2554 1827 2582 e
1847 2540 2021 2583 Sabinis

1149 2605 1192 2641 et
1222 2599 1479 2642 Sabinorum
1513 2598 1600 2639 dux
1631 2605 1871 2655 auctorque
1916 2600 2017 2642 fuit.

1251 2672 1351 2712 qnos
1405 2665 1491 2699 tum
1545 2657 1751 2707 Claudius
1818 2660 2021 2701 terminos

1141 2719 1361 2774 posuerit.-
1397 2717 1512 2759 conf.
1551 2716 1662 2759 Gell.
1705 2717 1734 2760 l.
1771 2732 1833 2760 c.:
1866 2719 1940 2760 secl
1970 2719 2020 2760 de

1146 2777 1358 2818 Aventino
1405 2784 1545 2818 monle
1597 2777 2024 2832 praetermittendum

1147 2849 1236 2876 non
1263 2836 1436 2891 putavi,
1479 2836 1591 2889 quod
1629 2850 1716 2877 non
1744 2837 1911 2892 pridem
1944 2851 2019 2892 eqo

1146 2896 1194 2935 in
1225 2894 1369 2936 Elidis
1399 2896 1673 2950 yrammatici
1714 2898 1867 2938 veleris
1902 2909 2024 2938 com-

1147 2954 1358 2995 mentario
1397 2955 1580 3010 offendi.
1625 2956 1672 2995 in
1704 2969 1782 3009 quo
1815 2957 2023 3011 scriptum

1152 3020 1247 3055 erac
1276 3012 1534 3055 Aventinum
1567 3021 1712 3067 antea,
1747 3016 1873 3056 sicuti
1905 3015 2020 3056 dimi-

1148 3086 1262 3125 mus,
1322 3079 1448 3114 extra
1494 3073 1731 3128 pomerium
1790 3074 2018 3124 exclusum,

1146 3139 1240 3188 post
1271 3138 1445 3172 auctore
1478 3132 1571 3173 divo
1600 3131 1780 3172 Claudio
1807 3139 2022 3187 receptum

1153 3198 1192 3232 et
1221 3192 1340 3232 intra
1368 3192 1549 3244 pomerii
1587 3191 1694 3242 fines
1738 3190 2015 3232 observatum.

1225 3247 1407 3303 publicis
1430 3249 1562 3289 actis.-
1600 3248 1705 3289 dicit
1727 3255 1823 3290 acta
1842 3255 2017 3290 senatus

1154 3311 1197 3347 et
1228 3305 1379 3359 populi
1397 3306 1579 3347 Romani
1602 3306 1797 3348 diurnam
1826 3309 2019 3362 scriptu-

1152 3378 1265 3405 ram:
1300 3364 1355 3406 cf.
1390 3364 1450 3405 111
1479 3367 1522 3407 3.

1222 3422 1326 3477 Cap.
1360 3423 1432 3466 25.
1482 3420 1650 3466 biennio
1677 3427 1905 3467 maiorem.-
1939 3427 2018 3468 sub

1156 3482 1285 3523 finem
1318 3483 1418 3522 anni
1451 3495 1475 3523 a
1494 3481 1595 3525 Chr.
1621 3484 1679 3526 54
1702 3485 1816 3527 Nero
1838 3491 2018 3539 septen-

1156 3541 1296 3582 decim
1350 3551 1486 3582 annos
1541 3555 1637 3584 cum
1686 3545 1762 3585 vix
1815 3557 2026 3600 egressus

1157 3605 1273 3641 esset
1297 3599 1563 3658 (v.X1116),
1596 3602 1776 3644 ineunte
1799 3603 1883 3644 hoc
1906 3615 2025 3647 anno

1155 3659 1213 3706 50
1243 3659 1415 3720 ingredi
1446 3660 1620 3705 tertium
1659 3661 1874 3707 decimum
1911 3675 2019 3708 coe-
