2280 4004
231 284 258 319 a
282 270 338 320 G.
370 273 442 322 66.
827 275 997 319 LIBER
1028 277 1143 322 XVI.
1206 275 1313 322 CAP.
1347 277 1538 322 27-28.
1971 284 2059 325 889

230 415 501 471 Paconium
537 414 869 482 Agrippinum
903 414 1099 479 paterni
1146 414 1198 466 in
1241 416 1496 482 principes
1535 416 1640 469 odii
1685 416 1956 483 heredem,
2010 425 2060 472 et

231 506 453 562 Curtium
507 507 796 561 Montanum
856 505 1154 561 detestanda
1210 508 1433 559 carmina
1493 509 1802 561 factitantem
1851 507 2060 564 eludere

231 595 432 661 impune
465 595 708 650 sinerent.
761 596 1041 662 Requirere
1079 611 1136 647 se
1170 596 1222 646 in
1260 601 1438 648 senatu
1467 597 1805 663 consularem,
1845 599 1899 666 in
1926 601 2060 653 votis

230 686 580 751 sacerdotem,
638 687 691 737 in
744 687 854 739 iure
890 687 1105 741 iurando
1148 687 1334 751 civem,
1388 688 1487 738 nisi
1536 693 1713 742 contra
1750 689 1973 745 instituta
2010 696 2060 743 et

233 775 571 833 caerimonias
619 777 864 830 maiorum
920 776 1233 842 proditorem
1286 776 1447 842 palam
1503 783 1552 829 et
1600 778 1796 834 hostem
1834 780 2098 834 Thraseas

228 867 492 923 induisset.
549 867 779 933 Denique
818 882 974 934 agere
1009 872 1294 924 senatorem
1339 873 1387 917 et
1414 868 1654 932 principis
1688 870 2058 939 obtrectatores

229 963 500 1026 protegere
548 958 727 1011 solitus
776 959 1002 1021 veniret,
1058 962 1291 1008 censeret
1342 958 1461 1023 quid
1508 959 1698 1025 corrigi
1751 965 1836 1013 aut
1876 962 2058 1013 mutari

228 1049 410 1119 vellet:
468 1049 665 1102 facilius
719 1049 1001 1114 perlaturos
1060 1049 1259 1114 singula
1319 1049 1663 1114 increpantem
1724 1065 1872 1116 quam
1925 1067 2059 1103 nunc

230 1140 481 1195 silentium
517 1142 803 1205 perferrent
840 1140 1007 1195 omnia
1045 1140 1345 1192 damnantis.
1421 1141 1600 1191 Pacem
1648 1141 1719 1193 illi
1758 1156 1849 1207 per
1882 1143 2058 1198 orbem

230 1235 424 1294 terrae,
480 1245 543 1281 an
590 1230 832 1282 victorias
885 1230 996 1280 sine
1036 1230 1218 1279 damno
1258 1231 1566 1284 exercituum
1604 1231 1914 1296 displicere?
1984 1235 2124 1288 Nem

229 1320 482 1374 hominem
518 1321 666 1372 bonis
700 1320 914 1385 publicis
955 1303 1222 1383 maestum,
1278 1325 1327 1371 et
1364 1321 1448 1385 qui
1487 1321 1599 1374 fora
1642 1322 1836 1373 theatra
1875 1324 2058 1389 templa

229 1425 320 1476 pro
343 1402 638 1463 ‘solitudine
673 1411 907 1474 haberet,
950 1411 1034 1475 qui
1071 1411 1385 1461 minitaretur
1419 1411 1621 1464 exilium
1668 1427 1841 1477 suum,
1897 1415 2061 1464 ambi-

229 1502 382 1553 tionis
430 1517 618 1567 pravae
671 1506 954 1566 compotem
1004 1501 1246 1552 facerent.

352 1669 390 1710 1.
438 1668 666 1722 rayonium
698 1666 785 1719 Ma,
832 1668 936 1709 item
971 1667 1251 1723 (Raqonium)
1286 1666 1334 1707 G.
1399 1666 1455 1708 cf.
1501 1680 1539 1707 c.
1571 1668 1644 1710 33.
1764 1670 1808 1711 3.

1320 1501 1433 1552 Non
1493 1502 1563 1553 illi
1622 1504 1851 1555 consulta
1910 1505 2055 1570 haec,

1855 1669 1943 1726 inp.
1978 1669 2057 1717 Ma.

233 1727 276 1770 8.
305 1728 588 1783 increpatium
623 1725 699 1777 Ma,
734 1739 821 1767 non
853 1726 1011 1767 Furiae
1041 1727 1382 1782 increpantium.-
1430 1732 1673 1767 correctum
1706 1728 1748 1768 in
1774 1727 1821 1770 G.

237 1881 260 1913 e
293 1867 503 1910 Suetonio
546 1867 637 1909 Tib.
672 1867 753 1909 61:
799 1869 1110 1922 interroqatum

235 1941 329 1971 eum
360 1940 389 1967 a
419 1927 600 1981 quodam
631 1941 746 1967 nano
766 1927 960 1967 adstante
988 1940 1110 1966 men..

235 1998 308 2027 sae
349 1986 462 2026 inter
508 2000 687 2041 capreas
730 1987 812 2040 (ita
856 1985 1108 2041 legendum,

235 2057 320 2092 non
350 2050 575 2101 capreas),
610 2059 686 2089 cur
721 2045 930 2086 Paconius
971 2046 1109 2085 maie..

235 2105 356 2149 statis
400 2119 498 2146 reus
540 2105 700 2145 tamdiu
740 2106 922 2155 viveret,
969 2105 1111 2144 statim

236 2163 400 2217 quidem
426 2163 708 2219 petulantiam
748 2163 920 2218 linquae
961 2163 1110 2203 obiur-

233 2236 385 2277 9asse,
443 2230 627 2263 ceterum
668 2230 762 2278 post
810 2236 971 2277 paucos
1022 2223 1110 2262 dies

234 2282 454 2336 scripsisse
484 2284 652 2322 senatui
692 2289 737 2323 ut
767 2282 816 2322 de
844 2295 987 2336 poena
1022 2281 1109 2320 Pa-

235 2341 350 2386 eonii
383 2343 689 2396 quamprimum
723 2348 940 2382 statueret.
1006 2339 1108 2380 ldeo

234 2399 405 2444 'l'ucitus
448 2412 573 2443 mox}
617 2400 717 2454 quid
760 2400 998 2454 Agrippino
1033 2399 1108 2439 ob-

234 2459 387 2503 iectum
417 2459 501 2501 nisi
528 2460 688 2501 tristem
703 2460 840 2514 patris
860 2461 1107 2512 fortunam:

236 2517 403 2570 quaudo
459 2525 499 2558 et
546 2518 619 2558 ille
667 2518 848 2574 perinde
902 2518 1109 2558 innocens

242 2576 397 2621 Tiberii
412 2577 595 2619 saevitia
615 2577 896 2619 concidisset?
914 2576 1105 2619 Lipsws.

236 2634 371 2681 Patris
414 2635 591 2677 Paeonii
637 2636 814 2680 caedem
860 2635 1031 2678 Tacitus
1064 2636 1108 2676 in

235 2695 375 2749 quinti
408 2694 504 2741 libri
532 2700 652 2748 parte
676 2695 899 2749 deperdita
921 2694 1109 2746 tradidit,

236 2753 424 2807 ideoque
487 2759 571 2794 tam
623 2754 818 2796 breviter
872 2767 964 2794 eam
1018 2766 1108 2795 rem

236 2811 485 2868 significare
514 2814 670 2865 potuit.
767 2814 958 2853 Curtium
980 2812 1105 2852 Mon-

236 2878 404 2911 tanum:
440 2870 634 2911 ordinem
658 2871 741 2911 hoc
768 2871 931 2911 iudicio
957 2870 1108 2911 adem-

236 2935 354 2984 ptum
389 2932 451 2984 (e.
486 2930 566 2985 33)
609 2929 776 2983 recepit
815 2935 911 2983 post
943 2928 1108 2971 obitum

236 2988 447 3040 Neronis;
481 3001 522 3030 v.
559 2988 606 3031 ΙΙ,
634 2988 692 3031 lv
724 2989 782 3033 40
815 2995 858 3028 et
881 2989 955 3030 42.
985 2987 1109 3029 Adu-

237 3048 412 3093 lationis
455 3048 617 3088 crimen
658 3059 743 3088 non
793 3047 948 3088 vitavit
985 3048 1109 3101 prin-

236 3108 335 3161 cipe
374 3106 650 3148 Domitiano:
694 3106 889 3148 luvenal.
932 3106 991 3150 lv
1030 3105 1107 3148 107

239 3172 283 3208 et
318 3165 414 3208 136.

326 3224 397 3278 qui
427 3244 470 3256 ο-
501 3221 671 3264 eludere
703 3222 872 3276 impune
895 3223 1107 3263 sinerent:

197 3283 203 3285 ⁴
239 3295 323 3324 non
357 3287 477 3323 recte
508 3287 683 3321 secutus
715 3280 959 3323 Ernestium
980 3280 1109 3323 Orel-

239 3341 322 3386 lius
355 3342 663 3394 interpretatur
707 3339 912 3381 ‘ludibrio
947 3339 1108 3380 habere

239 3401 398 3451 omnia,
432 3399 614 3441 honesta
648 3405 690 3439 et
713 3398 970 3440 inhonesta?
1012 3399 1108 3440 Sci..

241 3459 346 3503 licet
376 3457 540 3503 oblitus
573 3457 744 3499 videtur
772 3471 868 3498 csse
889 3457 997 3498 hacc
1023 3470 1108 3498 non

242 3517 294 3560 dc
338 3528 424 3558 uuo
470 3516 672 3560 Montano
713 3516 963 3569 detestanda
1005 3529 1111 3558 car-

239 3577 358 3619 mina
379 3577 620 3631 factitante,
652 3573 727 3616 scd
749 3574 875 3616 simul
905 3575 958 3617 de
976 3573 1111 3617 Thra-

240 3647 340 3689 sea,
373 3631 594 3686 Helvidio,
626 3631 826 3676 Paconio
848 3633 963 3676 dicta
996 3644 1109 3690 esse,

1192 1878 1300 1922 quos
1333 1879 1483 1908 omnes
1508 1866 1708 1911 irrisores
1728 1867 1782 1909 ab
1807 1875 2062 1912 accusatore

1192 1926 1446 1982 designatos
1494 1940 1591 1967 esse
1643 1940 1697 1968 ne
1744 1928 1839 1980 ipse
1888 1929 2061 1983 quidem

1192 1986 1475 2028 concesserit.
1523 1986 1655 2026 Immo
1689 1987 1858 2027 eludere
1893 1993 1959 2028 est
1990 1988 2062 2029 ul-

1193 2046 1301 2085 tioni
1337 2051 1379 2086 et
1411 2057 1580 2099 poenae
1612 2046 1708 2086 sive
1748 2045 2064 2089 ulciscentibus

1193 2109 1236 2145 et
1268 2104 1550 2157 punientibus
1586 2104 1779 2157 patribus
1811 2117 1859 2145 se
1890 2105 2065 2147 subtra-

1194 2162 1314 2213 here,
1352 2169 1395 2203 ct
1427 2162 1510 2204 hoc
1542 2164 1734 2204 notionis
1767 2176 1821 2204 ex
1849 2163 2066 2206 adiunctis

1191 2221 1495 2262 assumendum
1543 2228 1631 2273 est,
1686 2228 1732 2262 ut
1781 2221 1833 2264 H.
1884 2222 1940 2264 ΙΙΙ
1980 2224 2064 2266 47;

1190 2294 1325 2321 vacuo
1358 2282 1471 2321 mari
1495 2280 1665 2322 eludens
1680 2284 1960 2336 (coercentes
1990 2283 2065 2324 vel

1191 2339 1498 2395 ulciscentes),
1532 2342 1632 2393 quia
1657 2340 1908 2382 lectissimas
1927 2341 2064 2382 libur-

1190 2399 1388 2438 nicarum
1419 2412 1662 2453 omnemque
1694 2399 1868 2441 militem
1890 2400 2061 2441 Mucia-

1190 2471 1269 2498 nus
1291 2457 1540 2511 Byzantium
1572 2458 1790 2513 adegerat.
1834 2457 2064 2500 Obiectum

1191 2529 1277 2556 non
1312 2516 1435 2558 deest
1473 2515 1511 2556 11
1544 2517 1624 2559 52:
1671 2531 1725 2557 ne
1771 2516 1923 2559 bellum
1954 2525 2065 2560 melu

1191 2575 1432 2627 eluderent3
1445 2581 1660 2617 structura
1678 2575 1779 2617 huic
1796 2578 2065 2618 conveniens

1190 2634 1286 2675 XIV
1327 2634 1407 2677 62:
1451 2636 1632 2689 suspicio
1666 2659 1722 2666 —
1754 2636 2066 2688 quaestionibus

1191 2692 1451 2735 ancillarum
1484 2692 1603 2734 elusa
1629 2701 1736 2735 erat.
1780 2694 1914 2736 Recte
1928 2694 2064 2735 Taciti

1190 2753 1324 2794 verba
1341 2754 1513 2806 accepit
1528 2752 1852 2805 Doederlinius‚
1880 2754 1957 2795 sed
1977 2766 2063 2796 non

1190 2824 1295 2852 vere
1344 2810 1458 2852 idem
1505 2811 1689 2852 affirmat
1729 2811 1920 2864 eludere,
1967 2825 2062 2853 cum

1192 2876 1256 2910 est
1287 2869 1474 2910 ludibrio
1510 2869 1697 2922 habere,
1742 2870 1922 2911 verbum
1966 2883 2063 2913 esse

1191 2940 1365 2982 prorsus
1381 2926 1625 2970 diversum:
1645 2931 1776 2970 immo
1791 2929 2063 2985 significatus

1191 2987 1302 3028 alius
1327 2992 1392 3028 est
1411 2993 1454 3028 et
1477 2987 1725 3041 translatus,
1748 2988 1927 3031 verbum
1949 2989 2064 3031 idem

1190 3052 1233 3090 et
1265 3059 1412 3087 unum.

1279 3105 1498 3159 requirere
1530 3118 1573 3146 se
1609 3130 1665 3137 —
1696 3106 1926 3147 induisset:
1969 3106 2059 3148 cal-

1192 3163 1402 3205 lidissimc
1417 3169 1643 3204 accusator
1654 3163 1860 3217 paulatim
1876 3167 2067 3220 assurgit

1192 3224 1235 3263 in
1268 3222 1559 3272 criminando,
1602 3235 1626 3263 a
1659 3224 1775 3264 veris
1817 3229 1860 3263 et
1892 3222 2064 3266 levibus

1192 3279 1455 3335 pertendens
1498 3280 1550 3321 ad
1590 3280 1699 3321 falsa
1739 3288 1781 3323 et·
1821 3281 2063 3325 invidiosa:

1192 3353 1289 3381 nam
1322 3340 1503 3393 primum
1537 3339 1689 3381 obiicit
1707 3341 1920 3383 Thraseae
1949 3342 2062 3395 quod

1192 3400 1234 3439 in
1268 3404 1463 3440 senatum
1498 3398 1570 3439 diu
1605 3411 1689 3440 non
1734 3400 1929 3450 venerit,
1975 3405 2063 3441 tum

1191 3459 1305 3512 quod
1321 3457 1718 3510 nuncupationibus
1732 3464 1930 3499 votorum
1949 3457 2063 3500 haud

1193 3516 1392 3568 affuerit,
1443 3517 1639 3570 quamvis
1685 3517 2063 3572 quindecimvirali

1193 3574 1439 3617 sacerdotio
1471 3573 1716 3629 praeditus,
1751 3574 1908 3617 deinde
1939 3574 2063 3618 illum

1193 3633 1406 3689 principio
1437 3635 1538 3677 artui
1569 3632 1784 3679 sollemne
1815 3634 1889 3677 ius*
1912 3633 2064 3678 iuran-
