2280 4004
241 317 267 349 a
295 304 346 350 G.
378 306 453 351 66.
791 308 954 353 LIBER
984 309 1098 352 XVI.
1164 308 1273 352 CAP-
1310 308 1495 353 18—21.
1983 309 2074 354 881-

242 448 494 519 oodicillis
525 450 743 516 quidem,
782 451 918 518 quod
951 451 1179 519 plerique
1213 452 1546 518 pereuntium,
1588 452 1840 518 Neronem
1875 456 1958 503 aut
1981 453 2070 503 Ti·-

242 540 484 607 gellinum
521 547 605 592 aut
641 556 787 607 quem
829 542 979 592 alium
1015 543 1287 608 potentium
1326 542 1556 594 adulatus
1596 548 1702 594 est:
1749 543 1840 594 sed
1878 543 2067 610 flagitia

204 659 206 661 ·
243 631 485 697 principis
523 632 616 684 sub
656 633 942 684 nominibus
979 634 1293 684 exoletorum
1337 634 1735 700 feminarumque
1789 639 1837 685 et
1869 633 2072 685 novita-

244 727 342 790 tem
378 723 623 789 cuiusque
658 724 815 790 stupri
850 725 1160 790 perscripsit,
1198 731 1347 792 atque
1380 726 1651 792 >obsignata
1691 725 1826 777 misit
1856 725 2065 779 Neroni.

242 812 511 882 Fregitque
547 814 775 877 anulum,
831 830 895 867 ne
950 830 1070 866 mox
1120 816 1233 867 usui
1282 821 1420 868 esset
1453 816 1516 868 ad
1557 816 1790 867 facienda
1827 815 2112 882 pericula.s

157 908 228 955 20
242 904 537 972 Ambigenti
561 906 753 957 Neroni
795 920 1011 971 quonam
1049 906 1200 958 modo
1238 907 1462 958 noctium
1501 921 1704 957 suarum
1741 907 1947 974 ingenia
1971 921 2072 957 no-

241 999 512 1061 tescerent,
554 996 764 1048 offertur
787 997 926 1061 Silia,
967 999 1286 1050 matrimonio
1325 998 1578 1050 senatoris
1617 998 1750 1048 haud
1788 999 1979 1065 ignota,
2025 1002 2075 1048 et

241 1087 336 1151 ipsi
371 1087 434 1138 ad
474 1102 672 1139 omnem
711 1088 972 1139 libidinem
1013 1090 1235 1154 adscita,
1273 1105 1332 1139 ac
1365 1089 1601 1140 Petronio
1638 1103 1878 1154 perquam
1920 1088 2071 1139 fami-

241 1177 398 1229 liaris.
450 1178 634 1246 Agitur
673 1180 725 1229 in
763 1180 981 1243 exilium,
1017 1186 1270 1246 tamquam
1314 1195 1415 1231 non
1453 1181 1676 1231 siluisset
1712 1196 1840 1246 quae
1868 1180 2068 1231 viderat

240 1250 631 1334 pertuleratque,
669 1271 876 1335 proprio
912 1270 1048 1320 odio.
1123 1270 1189 1320 At
1225 1271 1496 1322 Minucium
1530 1271 1796 1322 Thermum
1824 1273 2068 1335 'praetura
2096 1283 2142 1320 io

243 1360 464 1411 functum
519 1360 754 1427 Tigellini
811 1361 1144 1412 simultatibus
1199 1361 1367 1424 dedit,
1429 1362 1544 1428 quia
1600 1361 1808 1412 libertus
1868 1362 2067 1413 Thermi

243 1451 489 1518 quaedam
529 1451 594 1502 de
641 1452 893 1518 Tigellino
948 1452 1221 1503 criminose
1259 1451 1535 1516 detulerat,
1589 1466 1717 1517 quae
1770 1452 2076 1505 cruciatibus

242 1547 607 1594 tormentorum
647 1543 774 1608 ipse,
812 1548 1058 1609 patronus
1099 1544 1208 1594 eius
1247 1559 1375 1594 nece
1411 1543 1658 1594 immerita
1694 1543 1876 1594 lueret.

160 1643 223 1688 21
381 1634 663 1685 Trucidatis
703 1639 775 1685 tot
805 1634 1091 1701 insignibus
1130 1634 1253 1685 viris
1292 1634 1355 1685 ad
1392 1639 1698 1699 postremum
1738 1634 1874 1685 Nero
1913 1633 2076 1684 virtu-

248 1728 347 1775 tem
403 1725 563 1790 ipsam
598 1725 875 1776 excindere
915 1725 1208 1790 concupivit
1244 1725 1512 1776 interfecto
1551 1724 1774 1775 Thrasea
1813 1723 1966 1775 Paeto
2029 1729 2162 1778 etis*

243 1815 404 1867 Barea
426 1816 640 1881 Sorano,
685 1817 804 1881 olim
823 1817 1050 1883 utrisque
1071 1817 1316 1882 infensuS,
1355 1821 1402 1867 et
1428 1815 1787 1867 accedentibus
1824 1815 1990 1867 causis
2025 1815 2075 1867 in

243 1907 530 1972 Thraseam,
576 1908 710 1974 quod
749 1913 927 1959 senatu
964 1923 1203 1976 egressus
1238 1913 1330 1972 est,
1368 1923 1479 1957 cum
1516 1907 1579 1958 de
1608 1906 1888 1973 Agrippina
1912 1906 2080 1960 refer-

241 2003 396 2063 retur,
434 2004 489 2049 ut
524 2001 818 2064 memoravi,
853 2000 1088 2066 quodque
1118 1999 1427 2050 Iuvenalium
1451 1998 1647 2050 ludicro
1687 2013 1861 2064 parum
1898 2003 1946 2049 et
1992 1999 2080 2052 vix

363 2151 400 2191 1.
435 2149 560 2205 tiqill.
594 2148 673 2192 Ma.
764 2151 806 2193 3.
845 2151 1126 2193 eoesoletorum
1159 2151 1239 2193 Ma.
1330 2153 1561 2193 novitatem
1591 2150 1790 2191 Neuius:
1827 2148 1890 2191 Ma
1925 2156 1969 2191 et
2001 2164 2079 2194 ce..

244 2210 323 2251 teri
358 2210 560 2251 novitate.
654 2210 694 2252 7.
729 2211 882 2267 offetur
914 2211 992 2253 Ma.
1090 2211 1177 2252 aud
1209 2209 1284 2252 Ma.
1363 2211 1404 2254 9.
1445 2218 1560 2264 tanq.
1595 2208 1674 2251 Ma.
1752 2211 1819 2253 10.
1851 2211 2082 2252 munic-ium

244 2268 337 2310 Ma:
371 2269 560 2310 correxit
590 2269 798 2322 Ryckius.
894 2271 961 2312 11.
995 2270 1118 2325 ciyitl.
1154 2269 1231 2311 Ma.
1356 2270 1469 2311 dedit
1498 2269 1750 2310 Acidaliusz
1784 2267 1850 2309 Ma
1881 2269 2079 2322 deditum,

246 2327 404 2369 dedidit
436 2341 486 2382 pr
518 2327 551 2369 G
585 2334 627 2369 et
661 2327 950 2370 Oxonienses.
1076 2331 1143 2371 12.
1180 2327 1303 2384 eigili.
1340 2327 1418 2371 Ma.
1549 2329 1601 2370 13
1647 2329 1756 2383 ipsej
1788 2334 1965 2369 atr-onus
2000 2326 2080 2380 Ma,

259 2389 268 2396 ·
742 2388 750 2396 ·
1010 2389 1018 2397 ·
1182 2387 1205 2414 a
1711 2386 1734 2412 a
1798 2401 1806 2410 .

250 2394 799 2502 trimestrem
975 2461 986 2488 2
1126 2388 1177 2488 ἐξ
1201 2387 2080 2504 ...μ.ὶέ..ῐῑ.τ.ῖ“ἔ’·..“ὀ;.ς,ῑζε;εξιξ.-

255 2505 541 2560 spectabilem,
575 2505 608 2547 B
644 2506 935 2562 expetibilem,
966 2507 1004 2548 A
1034 2506 1320 2563 spectabilem.

245 2621 331 2662 Sub
363 2622 602 2663 nominibus
640 2621 902 2663 exoletorum
929 2622 1121 2677 femina-

244 2694 419 2734 rumque
467 2681 581 2722 idem
632 2682 852 2737 significat
901 2687 1031 2736 atque
1077 2688 1123 2723 ut

245 2739 433 2794 sinyulos
465 2739 651 2782 exoletos
685 2741 870 2782 Neronis
909 2742 1121 2795 feminas-

247 2812 324 2853 que
355 2806 498 2854 stupro
544 2801 736 2854 cognitas
767 2801 1006 2841 nominibus
1036 2803 1122 2841 suis

245 2866 433 2898 vocaret.
468 2858 545 2898 His
566 2859 752 2899 novitate
769 2859 986 2899 ablativus
1008 2858 1122 2900 male

247 2916 443 2958 succedit
487 2917 529 2956 in
576 2917 767 2972 vulgatis
800 2917 934 2957 Taciti
969 2930 1121 2958 exem-

247 2975 463 3029 plaribus:
514 2975 589 3016 scd
639 2977 825 3017 novitate
872 2981 1119 3030 corruptum

248 3047 344 3076 osse
383 3049 437 3075 ex
466 3035 696 3075 novitatem
732 3035 884 3090 liquet.

337 3093 440 3147 Gap.
475 3095 546 3136 20.
609 3095 796 3134 noctium
836 3107 1010 3134 suarum
1050 3094 1122 3133 in-

244 3152 397 3207 genia:
430 3151 471 3193 h.
493 3166 532 3193 e.
568 3154 758 3193 noctium
793 3165 815 3192 a
848 3166 895 3194 se
921 3158 1122 3206 peracta-

247 3223 338 3252 rum
375 3210 545 3252 indoles
579 3217 622 3252 et
653 3211 818 3264 forma3
856 3211 971 3252 conf.
1007 3211 1057 3252 H.
1085 3210 1123 3252 11

247 3270 330 3311 71.
319 3283 330 3293 ·
373 3276 512 3310 cetero
555 3269 834 3311 Neronianae
877 3270 1005 3311 aulae
1049 3271 1122 3311 in-

245 3329 386 3382 qenio.
435 3327 534 3369 Alio
567 3341 697 3370 sensu
721 3330 938 3384 inqenium
960 3330 1120 3370 dictum

248 3387 296 3428 Η.
344 3387 400 3427 ΙΙΙ
445 3387 526 3429 28:
574 3389 776 3429 Hormine
807 3388 853 3428 id
888 3389 1119 3444 inqenium,

246 3458 304 3487 an
337 3440 419 3486 cet.
542 3451 756 3501 tamquam
792 3460 878 3487 non
911 3447 1120 3488 siluisset.-

246 3504 330 3545 hoc
363 3505 526 3545 crimen
560 3505 693 3547 Siliae
726 3506 810 3546 fuit
847 3505 899 3546 ad
943 3507 1120 3559 opinio-

245 3576 342 3605 nem
375 3562 586 3616 Neronis3
620 3564 676 3607 cf.
710 3570 855 3606 annot.
891 3564 943 3606 ad
968 3564 1118 3607 1{.17.

310 3622 487 3678 proprio
521 3622 642 3664 odio.-
678 3623 760 3665 h'oc
792 3623 1025 3680 respondet
1048 3623 1119 3665 Ti-

247 3678 396 3735 qellini
417 3680 695 3725 simultatibus
723 3687 822 3723 mox
853 3682 1116 3725 memoratis.

1296 2621 1432 2663 dedit.-
1476 2621 1530 2663 de
1571 2620 1759 2662 mirabili
1808 2621 1971 2663 codicis
2018 2619 2085 2664 Ma

1208 2681 1502 2735 discrepantia
1534 2681 1590 2722 cf.
1625 2686 1772 2722 annot.
1805 2682 1857 2722 ad
1889 2680 1949 2722 IV
1981 2682 2053 2724 59.

1298 2798 1401 2853 Cap.
1421 2801 1492 2842 21.
1554 2799 1748 2840 virtutem
1773 2800 1908 2854 ipsam
1932 2800 2084 2841 excin-

1210 2857 1309 2898 dere
1339 2859 1604 2912 concupivit:
1637 2858 1693 2898 cf.
1719 2858 1801 2898 Dio
1828 2857 1946 2901 Cass.
1972 2858 2085 2913 apud

1209 2915 1372 2970 Xiphil.
1407 2916 1498 2957 LXI
1531 2918 1582 2959 15
1617 2922 1660 2958 et
1691 2916 1801 2958 an
1834 2919 1904 2960 26.
1970 2919 2085 2960 Sue..

1207 2981 1296 3017 ton.
1330 2976 1431 3017 Ner.
1465 2977 1536 3018 37.
1588 2975 1807 3018 Plutarch.
1846 2975 2085 3031 Praecepta

1208 3048 1301 3090 ger.
1336 3036 1399 3075 rei
1432 3034 1563 3090 publ.
1591 3034 1706 3088 141).
1726 3036 1837 3078 249·
1874 3035 2085 3107 ὃΝέρων

1208 3097 1384 3141 ἐκεῖνος
1409 3095 1576 3149 ὀλίγον
1601 3095 1872 3150 ὲιιπροσθεν
1910 3092 1933 3148 ἢ
1964 3102 2083 3138 κτεῖ-

1208 3168 1287 3195 ναι
1318 3146 1399 3196 τὸν
1434 3154 1650 3210 Θρασέαν
1681 3151 1887 3207 μάλιστα
1925 3155 2084 3223 μισῶν

1209 3215 1287 3254 καὶ
1323 3211 1630 3281 φοβούμενος,
1671 3209 1798 3270 ὅιιως
1831 3212 2077 3270 ἐγκαλοῦν·

1207 3266 1284 3319 τός
1328 3285 1454 3317 τινος
1497 3268 1559 3318 ὥς
1610 3286 1760 3317 xantus·
1808 3275 2082 3342 κεκριαὲνου

1206 3333 1284 3373 καὶ
1316 3328 1509 3379 ἀδίκως
1539 3330 1820 3387 Ἐβουλόμην
1852 3347 1914 3372 αι
1932 3333 2082 3388 ,ἔφη,

1210 3391 1428 3457 Θρασέαν
1473 3386 1620 3436 οὕτως
1657 3391 1739 3446 ἐαὲ
1789 3391 1970 3446 ᾳιλεῑν,
2022 3406 2084 3437 ως

1206 3441 1423 3501 &maome
1443 3446 1636 3503 ἄριστός
1658 3452 1800 3490 ἐστιν.
1833 3448 1947 3489 ldem
1968 3450 2079 3489 scii-

1206 3513 1323 3560 ptum
1345 3506 1559 3547 'thraseae
1594 3507 1647 3548 de
1677 3505 1841 3548 Catone
1875 3513 2083 3548 memorat

1206 3568 1248 3607 in
1280 3578 1357 3607 sua
1390 3564 1567 3606 Catonis
1608 3567 1784 3607 minoiis
1831 3568 1918 3608 vit-a
1952 3580 1988 3608 c..
2025 3567 2081 3610 25

1207 3630 1249 3666 et
1286 3624 1356 3667 37.

1289 3689 1336 3724 ut
1366 3683 1623 3725 memoravi:
1656 3683 1753 3726 xvi
1776 3685 1842 3728 12.
