2280 4004
261 278 353 341 noe
1017 292 1314 339 ANNAuvM
1352 320 1354 322 ψ
1834 313 1884 344 a.»
1897 285 1951 345 'aa
1979 289 2086 350 aaz

257 429 468 492 ⁴sublatis
506 439 570 491 ad
608 435 801 488 caelum
833 432 1064 487 manibus
1102 434 1389 503 fundentes,
1429 415 1928 506 novitate-,aspectus
1960 428 2091 508 per-2

259 522 428 583 {tulere
465 529 688 593 militem,
724 530 779 578 ut
816 526 961 594 quasi
1002 526 1330 579 haerentibus
1362 528 1600 580 membris
1625 529 1884 583 immobile
1905 523 2090 599 corpus

256 620 550 674 vulneribus
589 618 910 686 praeberent.
980 609 1110 669 Dein
1151 618 1588 672 cohortationibus
1623 613 1784 687 duciS,
1822 624 1873 674 et
1908 637 1966 675 se
1993 613 2091 689 ipsi

256 711 600 789 stimulantes,
652 726 718 763 ne
775 709 1023 770 muliebre
1079 714 1129 792 et
1179 710 1452 763 fanaticum
1506 726 1691 781 agmen
1737 718 2088 782 pavescerent,

214 793 479 862 §inferunt
529 803 678 871 signa
733 805 1064 869 sternuntque
1130 802 1312 854 obvios
1379 805 1428 855 et
1482 803 1591 871 igni
1651 819 1744 858 suo
1808 804 2089 858 involvunt.

253 894 566 948 Praesidium
614 893 829 960 posthac
864 893 1167 960 impositum
1224 893 1406 960 victis,
1465 895 1727 962 excisique
1775 870 1877 949 luci
1921 895 2091 950 saevis

254 978 698 1062 'superstitionibus
750 985 914 1038 sacri:
971 1000 1087 1037 nam
1147 1000 1331 1038 cruore
1381 987 1579 1054 captivo
1634 986 1845 1041 adolere
1884 968 2094 1042 aras'et

253 1078 512 1131 hominum
566 1078 707 1130 fibris
762 1077 1032 1130 consulere
1080 1078 1206 1130 deos
1257 1079 1334 1130 fas
1383 1078 1653 1131 habebant.
1726 1081 1867 1133 Haec
1921 1079 2092 1150 agenti

255 1163 501 1224 Suetonio
563 1170 829 1237 repentina
883 1169 1104 1221 defectio
1141 1170 1438 1236 provinciae
1474 1171 1746 1223 nuntiatur.
1817 1163 1929 1225 Rex
1977 1172 2172 1225 loe-31

190 1260 239 1312 {o
254 1256 433 1335 norum
469 1262 792 1330 PrasutaguS,
827 1261 983 1328 longa
1023 1261 1276 1329 opulentia
1316 1262 1498 1328 clarus,
1541 1262 1812 1336 Caesarem
1848 1261 2090 1316 heredem

256 1355 483 1422 duasque
526 1354 653 1406 filias
708 1354 1014 1420 scripserat,
1072 1353 1159 1404 tali
1209 1354 1458 1420 obsequio
1508 1359 1648 1406 ratus
1692 1367 2007 1422 regnumque
2043 1359 2094 1406 et

256 1446 458 1520 domum
494 1460 635 1498 suam
674 1443 852 1513 procul
893 1444 1076 1495 iniuria
1121 1444 1249 1495 fore.
1332 1443 1480 1505 Quod
1521 1449 1699 1515 contra
1739 1445 1920 1511 vertit,
1959 1444 2091 1497 adeo

253 1532 308 1590 ut
357 1553 572 1606 regnum
622 1553 715 1604 per
758 1536 1110 1602 centurioneS,
1175 1535 1352 1587 domus
1410 1551 1503 1602 per
1550 1550 1732 1588 servos
1771 1535 1910 1588 velut
1949 1539 2093 1603 capta

254 1627 592 1681 vastarentur.
656 1629 758 1680 Iam
794 1628 1008 1694 primum
1046 1641 1179 1678 uxor
1216 1627 1323 1679 eius
1362 1627 1620 1679 Boudicea
1657 1627 1958 1679 verberibus
1996 1626 2093 1679 ad-

192 1731 239 1768 15
259 1720 396 1773 fecta
438 1725 487 1773 et
520 1719 653 1772 filiae
688 1724 862 1787 stupro
901 1718 1123 1771 violatae
1163 1723 1293 1771 sunt.
1367 1718 1629 1785 Praecipui
1680 1719 1867 1786 quique
1909 1719 2096 1771 Iceno-

254 1803 382 1879 ¹rum,
422 1812 566 1879 quasi
605 1816 835 1863 cunctam
871 1811 1137 1879 regionem
1161 1810 1357 1863 muneri
1385 1811 1721 1878 accepissent,
1762 1810 1910 1864 avitis
1933 1810 2085 1862 bonis

256 1909 522 1969 exuuntur,
564 1908 613 1955 et
632 1903 902 1970 propinqui
942 1903 1081 1971 regis
1119 1903 1252 1954 inter
1287 1902 1536 1969 mancipia
1576 1902 1908 1954 habebantur.
1980 1901 2092 1964 Qua

257 1995 579 2061 contumelia,
624 2000 673 2047 et
712 1998 848 2046 metu
884 1995 1195 2062 graviorum,
1235 1994 1437 2060 quando
1474 1995 1526 2045 in
1552 1993 1766 2046 formam
1795 1993 2093 2060 provinciae

257 2075 549 2152 cesserant,
599 2085 803 2153 rapiunt
842 2101 1012 2151 arma,
1071 2085 1336 2136 commotis
1381 2085 1445 2136 ad
1493 2084 1877 2137 rebellationem
1912 2084 2098 2136 'ri-ino·-

379 2244 416 2284 1.
452 2240 588 2283 celum
622 2238 706 2283 Ma.
796 2242 838 2285 2.
872 2239 1027 2282 milites
1057 2239 1140 2281 fuit
1172 2240 1216 2280 in
1249 2237 1343 2293 Ma,
1378 2246 1620 2282 correctum
1651 2238 1826 2282 militem
1858 2237 1911 2281 ab
1944 2236 2097 2286 eadem

255 2313 411 2355 manu,
445 2307 492 2342 ut
527 2307 593 2343 est
624 2301 669 2341 in
705 2298 752 2342 G.
875 2301 917 2343 5.
953 2306 1255 2353 strenuumque
1286 2298 1366 2342 Ma.
1481 2298 1524 2342 6.
1555 2302 1647 2356 inp.
1683 2297 1766 2341 Ma.
1875 2295 2095 2341 sevis'ma.

254 2361 297 2404 8.
333 2361 407 2402 dos
436 2374 531 2402 cum
566 2361 641 2402 lin.
664 2358 744 2402 Ma.
836 2359 877 2402 9.
912 2360 1135 2415 iqenorum
1155 2358 1271 2403 GMa.
1365 2360 1432 2402 13.
1466 2358 1595 2400 uelud
1617 2356 1696 2400 Ma.
1799 2359 1868 2402 14.
1896 2357 2099 2400 heodicia

255 2419 336 2470 Ma.
379 2419 494 2463 idem
537 2434 574 2462 c.
619 2420 675 2463 35
717 2419 959 2473 bouclucea,
1015 2433 1053 2460 c.
1096 2420 1151 2462 37
1197 2418 1418 2462 boudicca.
1474 2418 1589 2472 apud
1635 2416 1824 2460 Dionem
1864 2417 1923 2463 62
1962 2417 1991 2460 4
2033 2421 2100 2459 est

256 2479 572 2531 Βουνδουίκα,
606 2480 652 2521 in
685 2477 719 2521 G
751 2479 933 2520 booicia.
1025 2479 1099 2534 aff.
1135 2478 1207 2520 Or.
1303 2479 1370 2521 15.
1402 2479 1566 2535 pree-ip.
1599 2476 1680 2520 Ma.
1761 2490 1995 2534 yqenorum
2015 2474 2097 2520 111⁸.

261 2539 327 2583 16.
366 2539 523 2582 hauitis
554 2537 636 2582 Ma.
735 2539 802 2582 19.
840 2539 1154 2581 trinouantibus
1185 2535 1265 2579 Ma.

260 2679 305 2716 et
337 2672 607 2727 philosophi,
644 2671 698 2714 de
731 2672 888 2728 quihus
928 2672 1045 2713 conf.
1083 2672 1133 2713 H.

258 2733 318 2774 lv
339 2732 411 2776 54.
455 2731 615 2774 Caesar
636 2731 685 2773 B.
704 2731 752 2774 G.
779 2731 836 2772 v1
869 2731 936 2773 16.
983 2731 1135 2774 Strabo

260 2793 320 2834 IV
355 2796 384 2835 4
417 2794 462 2844 §.
496 2791 525 2834 4
556 2804 598 2845 p.
623 2791 718 2834 197.
752 2791 971 2832 Diodorus
999 2791 1034 2832 V
1064 2792 1136 2833 31.

260 2851 488 2907 Diogenes
520 2851 719 2892 Laertius
751 2852 795 2892 in
828 2851 1054 2905 prooemio
1092 2851 1136 2902 δ.

265 2914 285 2953 1
314 2918 357 2953 et
384 2911 426 2953 6.
518 2911 611 2966 iyni
641 2923 715 2951 suo
738 2910 984 2951 involvunt.-
1014 2909 1140 2951 Wal-

261 2970 411 3012 therus
431 2970 702 3023 comparavit
728 2971 851 3025 Virg.
873 2969 919 3011 G.
951 2969 987 3009 11
1022 2968 1135 3012 308:

262 3037 303 3072 et
335 3036 464 3072 totum
498 3028 677 3070 involvit
707 3030 886 3085 {lammis
918 3042 1080 3069 nemus.

353 3090 440 3132 luci
483 3089 623 3130 saevis
659 3088 1030 3146 superstitionibus
1061 3100 1137 3128 sa-

263 3151 358 3192 on’:
390 3148 446 3191 cf.
482 3148 587 3204 Agr.
626 3149 693 3190 11.
818 3147 999 3202 desectio
1029 3159 1139 3202 pro-

262 3209 462 3251 vinciae.-
514 3220 583 3249 res
629 3221 652 3249 a
685 3206 832 3248 Tacito
871 3221 908 3248 c.
942 3204 1138 3249 31--37

264 3269 486 3323 expositas
501 3267 584 3308 Dio
603 3266 717 3321 apud
736 3266 1009 3321 Xiphilinum
1030 3263 1140 3306 LXII

263 3329 411 3371 4-12
432 3339 512 3369 suo
528 3339 648 3368 more
662 3326 850 3367 tradidit.
869 3325 935 3367 Cf.
949 3325 1054 3381 Agr.
1074 3323 1141 3366 16.

263 3398 268 3405 ·
356 3385 462 3441 Cap.
506 3387 578 3429 31.
642 3400 821 3441 regnum
865 3398 946 3441 per
992 3389 1142 3425 centu-

264 3446 437 3498 riones,
494 3445 638 3486 domus
679 3459 760 3501 per
809 3457 978 3486 servos:
1032 3442 1146 3485 servi

263 3511 366 3547 sunt
406 3506 726 3559 procuratoris,
771 3505 1041 3545 centuriones
1073 3502 1144 3543 le-

272 3565 363 3619 gati
405 3563 661 3606 consularis.
721 3563 815 3605 Vid.
855 3563 961 3618 Agr.
1008 3562 1059 3603 15
1102 3566 1146 3602 et

266 3629 416 3664 annot.
542 3623 758 3665 commotis
805 3622 863 3663 ad
893 3621 1144 3663 rebellatio-

266 3690 364 3725 mm
379 3681 704 3728 Trinobantibus
720 3695 735 3726 .·
752 3681 1038 3728 'l'rinobantes
1056 3692 1144 3725 non

1227 2669 1379 2725 procul
1424 2683 1449 2712 a
1490 2669 1669 2712 flumine
1709 2670 1888 2714 Tamesa
1923 2669 2098 2713 habita-'-

1228 2731 1347 2772 bant.
1414 2728 1574 2771 Caesar
1607 2730 1644 2770 V
1676 2730 1734 2774 20
1775 2743 1911 2787 prope
1938 2731 2099 2784 firmis-

1226 2791 1377 2831 simam
1421 2802 1569 2831 earum
1614 2791 1839 2845 reqionum
1885 2790 2101 2832 civitatem

1227 2850 1418 2891 vocavit.
1481 2848 1758 2892 Ptolemaeus
1808 2848 1904 2893 113
1935 2850 1982 2901 δ.
2016 2846 2098 2894 22·

1227 2913 1309 2952 καὶ
1369 2907 1760 2965 ανατολικώιεροι
1816 2904 1950 2967 παραὶ
2019 2903 2102 2963 τὴν

1223 2968 1419 3025 Ἰαιιὴσα
1439 2971 1653 3026 εἴσχυσιν
1666 2968 2101 3029 Τρινόανῐες(Τρι-

1228 3029 1516 3081 νοούαντες),
1552 3029 1602 3072 ἐν
1636 3031 1706 3076 οἱς
1735 3028 1874 3077 πόλις
1902 3030 2101 3087 Kanov-

1225 3084 1445 3131 λόδανον.
1483 3086 1650 3128 Nomen
1675 3098 1826 3128 eorum
1849 3092 2100 3142 corruptum

1223 3147 1267 3187 in
1296 3146 1525 3201 Briyantes
1551 3146 1657 3201 Agr.
1692 3146 1765 3189 31.

1316 3205 1512 3261 templum
1545 3205 1639 3246 divo
1674 3203 1857 3247 Claudio
1889 3206 2100 3248 eonscien-

1233 3271 1341 3305 tum:
1395 3265 1565 3307 Seneca
1611 3265 1655 3305 in
1708 3263 1810 3306 ludo
1864 3264 1918 3307 de
1958 3270 2099 3307 mone

1228 3322 1399 3365 Claudii
1432 3324 1487 3367 8:
1531 3323 1632 3365 deus
1660 3324 1758 3378 fieri
1787 3323 1890 3366 vult.
1939 3323 2099 3366 Parum

1227 3390 1289 3425 est
1349 3383 1459 3438 quod
1511 3382 1708 3439 templum
1764 3383 1811 3424 in
1864 3382 2101 3425 Britannia

1228 3442 1374 3496 habet,
1422 3443 1531 3497 quod
1577 3442 1692 3484 hunc
1736 3442 1913 3484 barban·
1955 3441 2099 3487 colunt

1230 3509 1267 3542 et
1300 3510 1345 3543 ut
1377 3503 1498 3543 deum
1529 3505 1827 3561 οναηεμωροὶ
1846 3501 2089 3558 Μόρυχον.

1230 3560 1347 3603 llaec
1377 3561 1413 3602 si
1447 3567 1649 3602 accurate
1672 3562 1831 3614 scripta
1851 3565 1963 3612 sunt,
1995 3557 2098 3601 Bri-

1228 3621 1349 3661 tanni
1383 3619 1612 3661 Claudium
1655 3620 1740 3662 iam
1780 3623 1883 3660 ante
1912 3624 2097 3661 mortem

1230 3679 1378 3726 coleie
1413 3684 1666 3737 coeperunt.

1714 3676 1877 3724 Eadem
1909 3677 2098 3737 probant
2165 3683 2169 3687 '
