2280 4004
194 280 285 324 18⁰
952 273 1242 323 ANNALIVM
1771 295 1811 325 a.
1844 268 1891 325 u.
1921 259 2030 326 7'7‘32'

194 421 444 490 sanguine
497 420 813 472 miserrimae
866 420 1046 473 domus
1103 420 1367 472 exatiaret.
1465 420 1677 473 Biduum
1729 436 1882 489 super
1928 419 2026 476 hac

194 513 419 580 imagine
458 511 766 579 cognitionis
806 511 1138 578 absumptum,
1178 516 1394 579 urgente
1418 512 1623 564 Tiberio
1663 511 1855 565 liberos
1880 511 2029 565 Piso-

194 604 292 669 nis,
334 608 542 655 matrem
572 602 642 652 uti
671 607 948 653 tuerentur.
1018 603 1085 654 -Et
1113 618 1234 677 *cum
1267 607 1594 656 accusatores
1630 620 1691 656 ac
1720 607 1877 656 testes
1914 619 2033 655 cera

198 696 338 746 tatim
375 698 676 761 perorarent
722 694 1067 761 respondente
1107 680 1273 759 nulle,
1330 694 1590 747 miseratio
1642 711 1790 763 quam
1839 694 2032 748 invidia

157 787 492 854 saugebatur.
577 786 770 837 Primus
806 786 1108 838 sententiam
1142 791 1353 854 rogatus
1394 787 1633 839 Aurelius
1671 788 1816 839 Cotta
1853 786 2031 840 consul

196 884 340 941 (nam
380 879 641 930 referente
678 878 902 930 Caesare
936 878 1263 946 magistratus
1304 893 1365 930 eo
1410 879 1558 930 etiam
1594 895 1803 931 munere
1843 879 2001 946 funge

191 970 400 1037 bantur)
441 985 628 1022 nomen
656 970 855 1023 Pisonis
891 969 1173 1021 radendum
1209 970 1352 1022 fastis
1391 970 1602 1036 censuit,
1640 976 1834 1037 partem
1865 970 2036 1022 bono-

192 1077 303 1114 rum
340 1062 728 1128 publicandam,
784 1076 902 1128 pars
953 1067 1007 1112 ut
1049 1061 1223 1114 Gnaeo
1271 1062 1442 1113 Pisoni
1496 1062 1599 1114 filio
1642 1062 2030 1128 concederetur,

192 1154 338 1219 isque
396 1168 707 1220 praenomen
763 1157 977 1205 mutaret
998 1171 1011 1216 3
1070 1153 1271 1205 Marcus
1310 1154 1424 1204 Piso
1484 1158 1633 1205 exuta
1680 1153 1927 1221 dignitate
1983 1157 2034 1205 et

132 1261 181 1297 ιο
202 1248 415 1311 accepto
475 1244 811 1312 quinquagies
865 1244 1104 1297 sestertio
1155 1245 1207 1295 in
1258 1245 1437 1296 decem
1486 1259 1648 1296 annos
1694 1245 2030 1312 relegaretur,

200 1350 452 1388 concessa
490 1335 765 1387 Plancinae
799 1335 1146 1388 incolumitate
1186 1336 1250 1387 ob
1285 1351 1466 1402 preces
1507 1335 1787 1404 Augustae.
1878 1331 2030 1394 Multa
2050 1339 2120 1388 18

194 1443 259 1479 ex
293 1443 353 1479 ea
389 1427 639 1479 sententia
676 1427 904 1495 mitigata
954 1432 1069 1479 sunt
1118 1444 1145 1478 a
1183 1428 1446 1494 principe:
1502 1443 1567 1479 ne
1606 1443 1794 1479 nomen
1835 1426 2034 1480 Pisonis

193 1517 339 1569 fastis
381 1518 719 1583 eximeretur,
761 1518 964 1584 quando
1002 1518 1161 1571 Marci
1193 1517 1428 1583 Antonii,
1488 1519 1572 1584 qui
1611 1518 1796 1571 bellum
1837 1518 2033 1585 patriae

195 1608 420 1673 fecisset,
462 1608 552 1660 Iuli
576 1608 804 1674 Antonii,
845 1608 927 1675 qui
973 1608 1174 1660 domum
1199 1609 1419 1676 Augusti
1451 1609 1711 1674 violasset,
1752 1593 2038 1661 manerent.¹

130 1713 178 1751 1-‘5
193 1700 255 1751 Et
291 1700 517 1753 Marcum
550 1700 784 1752 Pisonem
824 1700 1138 1768 ignominiae
1180 1701 1394 1766 exemit,
1452 1701 1810 1767 concessitque
1851 1701 1899 1752 ei
1937 1715 2035 1767 pa-

194 1796 338 1844 terna
375 1792 528 1857 bona,
573 1792 696 1844 satis
734 1791 936 1857 firmuS,
991 1797 1044 1842 ut
1082 1807 1237 1858 saepe
1276 1792 1584 1858 memoravi,
1636 1792 1906 1844 adversum
1938 1806 2037 1858 pe-

194 1887 411 1954 cuniam,
452 1892 502 1939 et
528 1892 630 1938 tum
660 1887 857 1954 pudore
894 1880 1158 1938 absolutae
1184 1886 1455 1937 Plancinae
1480 1884 1795 1952 placabilior.
1868 1885 2035 1950 Atque

194 1979 346 2044 idem,
390 1993 502 2030 cum
536 1977 770 2031 Valerius
794 1977 1098 2031 Messalinus
1139 1978 1339 2045 signum
1378 1992 1585 2029 aureum
1619 1973 1837 2028 in-aede
1860 1974 2034 2027 Martis

193 2052 400 2136 Ultoris,
439 2070 661 2122 Caecina
690 2070 910 2124 Severus
949 2086 1087 2121 aram
1125 2069 1304 2121 ultioni
1343 2068 1658 2121 statuendam
1698 2066 2033 2131 censuissent,

730 2202 813 2244 hac
847 2201 1075 2257 Ryckius:
1108 2202 1147 2244 Μ
1180 2201 1313 2254 haec,·
1347 2217 1368 2244 e
1400 2202 1648 2244 recentiore
1680 2212 1811 2242 manu
1841 2204 2036 2241 notatum

193 2268 375 2317 puncto.
478 2264 519 2305 5.
555 2277 642 2304 cos.
680 2275 775 2304 cum
810 2262 887 2304 lin.
922 2262 976 2304 M.
1085 2262 1126 2304 6.
1166 2265 1331 2317 refente
1365 2262 1417 2304 M.
1521 2261 1564 2303 8.
1602 2260 1769 2316 Gnaeo]
1807 2259 1855 2302 C.
1891 2260 1946 2302 N.
1981 2258 2035 2300 M.

195 2319 237 2364 9.
274 2322 335 2365 M.
372 2328 439 2364 ter
471 2322 524 2364 M.
609 2330 759 2364 eaesnta
790 2322 844 2364 M.
943 2322 1011 2364 10.
1052 2321 1263 2375 reliquim-
1295 2321 1357 2362 M:
1393 2332 1624 2362 correxere
1660 2318 1833 2372 Lipsius
1865 2324 1909 2360 et
1939 2318 2037 2361 Mu-

430 2382 498 2424 14.
532 2381 629 2422 iulii
658 2382 712 2424 M.
816 2382 882 2424 15.
913 2387 1102 2436 paterna
1132 2380 1199 2421 bis
1234 2380 1302 2434 M,
1337 2378 1413 2422 sed
1447 2379 1630 2421 alterum
1662 2384 1830 2431 septem
1862 2377 2038 2432 punctis

490 2441 556 2483 17.
595 2441 691 2483 dum
723 2440 778 2483 M.
874 2439 1103 2482 blancinae
1136 2439 1191 2480 M.

193 2535 372 2590 perinde
416 2534 645 2587 creditum,
700 2535 822 2588 quasi
866 2534 1080 2590 principis

193 2594 358 2636 monitu
390 2593 450 2635 lV
484 2595 564 2646 223
593 2594 776 2649 perinde
810 2592 968 2634 laetum
1000 2593 1079 2633 XV

195 2653 278 2704 373
306 2652 488 2709 perinde
507 2654 716 2694 innocens
737 2652 836 2693 XVI
859 2652 942 2704 29;
971 2666 1078 2707 per-

317 2205 355 2246 1.
391 2211 527 2246 eaesat.
563 2202 634 2245 Or.

193 2386 330 2423 retus.

195 2446 406 2483 notatum.

1166 2532 1244 2573 XV
1277 2530 1334 2574 36
1363 2544 1491 2586 super
1517 2529 1799 2586 profectione,
1832 2528 1890 2573 52
1911 2540 2040 2585 super

1167 2605 1213 2633 eo
1248 2591 1451 2643 crimine,
1493 2589 1545 2630 ll.
1584 2588 1622 2630 ll
1655 2587 1712 2631 63
1750 2601 1878 2644 super
1916 2594 2040 2630 tanta

1165 2665 1226 2691 rc.
1290 2649 1579 2691 Accusativus
1629 2648 1669 2689 ei
1716 2648 1916 2703 iungitur
1963 2647 2037 2689 ubi

193 2712 294 2752 inde
327 2711 503 2768 offendit
533 2711 551 2752 Ι
587 2712 654 2753 13.
716 2711 782 2752 Ad
805 2710 916 2752 hanc
939 2712 1078 2751 ratio-

197 2783 295 2812 nem
321 2771 472 2812 invitis
502 2770 726 2812 codicibus
751 2775 825 2811 aut
855 2769 1078 2825 plerisque

195 2835 270 2872 aut
310 2829 565 2872 melioribus
600 2830 781 2885 perinde
821 2829 1076 2872 adsciscen-

196 2891 321 2941 dum,
367 2901 455 2930 non
494 2889 699 2945 proinde,
740 2889 798 2930 IV
837 2889 887 2930 17
927 2894 970 2930 et
1002 2890 1074 2941 20,

198 2948 256 2990 Vl
291 2950 331 3000 7,
367 2947 443 2989 ΧΠ
472 2950 531 2991 40
565 2948 696 3001 et60,
733 2946 905 2991 X11121
932 2954 974 2989 et
1002 2949 1074 3000 47,

196 3007 277 3050 XV
313 3007 394 3060 44,
444 3006 495 3048 H.
530 3007 545 3048 Ι
576 3008 658 3059 30,
702 3008 740 3049 11
773 3008 827 3051 27
864 3012 906 3047 et
943 3008 999 3050 35
1034 3012 1077 3047 et

196 3066 254 3110 39
279 3071 323 3107 et
345 3066 403 3109 68
428 3071 471 3107 et
489 3066 566 3119 97,
604 3065 660 3107 111
686 3066 758 3118 58,
791 3065 850 3106 lv
875 3065 932 3108 36
949 3067 1074 3109 et72.

283 3139 411 3182 super
457 3126 541 3167 hac
594 3126 815 3182 imagine.-
864 3127 1077 3180 scriptura

196 3185 306 3227 haec
337 3187 452 3227 iuste
482 3184 659 3226 defendi
685 3183 851 3239 nequit.
898 3184 1078 3226 Scilicet

196 3258 325 3300 super
356 3243 527 3299 quando
560 3243 675 3285 idem
715 3243 834 3285 valet
865 3243 979 3299 quod
1012 3243 1077 3295 cle,

197 3310 339 3344 motus
360 3303 593 3345 intellectu
609 3309 801 3355 remoto,
828 3308 1079 3345 constanter

198 3362 437 3404 ablativum
472 3364 684 3404 sociatum
717 3362 799 3404 sibi
846 3362 999 3414 habet,
1031 3367 1078 3402 ut

197 3421 236 3462 Π
269 3422 326 3464 35
357 3435 485 3477 super
515 3436 562 3463 eo
591 3423 783 3478 neyotio,
826 3421 886 3463 lv
920 3422 977 3464 74
1009 3421 1078 3462 di-

196 3482 332 3521 versis
361 3494 487 3535 super
517 3482 725 3535 negotiis,
773 3480 829 3522 Vl
863 3482 917 3524 21
951 3493 1079 3536 super

199 3539 278 3580 tali
314 3540 511 3595 neyotio,
552 3539 607 3579 Xl
645 3541 697 3581 15
739 3553 866 3595 super
898 3539 1076 3595 colleqio

197 3597 496 3653 haruspicum,
532 3597 610 3638 ΧΠ
641 3598 695 3639 61
731 3611 859 3653 super
885 3599 1078 3653 antiqui-

198 3661 300 3711 tate,
317 3656 417 3701 xlv
432 3657 505 3712 43,
527 3669 655 3717 snper
674 3657 864 3702 omnibns
881 3658 1077 3717 negotiis,

1165 2707 1284 2751 valet
1308 2715 1500 2764 praeter,
1535 2712 1581 2747 ut
1603 2705 1661 2748 Ill
1684 2707 1712 2750 3
1727 2720 1855 2763 super
1873 2705 2038 2763 Agrip-

1159 2770 1325 2824 pinam,
1357 2773 1431 2809 aut
1461 2766 1600 2819 ultra,
1645 2771 1692 2806 ut
1722 2765 1782 2808 Ill
1815 2766 1874 2809 74
1910 2778 2039 2822 super

1165 2827 1481 2881 aequalitatem,
1505 2826 1556 2868 Η.
1573 2825 1609 2867 V
1626 2827 1646 2867 1
1665 2838 1795 2882 snper
1804 2826 2038 2880 fortunavit,

1163 2886 1220 2928 ΙΙΙ
1252 2886 1311 2929 48
1342 2900 1470 2942 super
1499 2893 1621 2939 vota,
1663 2891 1737 2926 aut
1781 2883 1855 2927 ubi
1895 2888 2037 2926 motus

1162 2947 1284 2987 notio
1305 2945 1508 2988 adiuncta
1530 2951 1611 2998 est,
1643 2950 1690 2984 ut
1711 2943 1811 2986 XVI
1830 2942 1887 2986 35
1909 2957 2039 2999 super

1162 3005 1331 3047 hunnum
1370 3018 1592 3061 spargens.
1655 3004 1745 3046 Alii
1787 3003 2036 3056 scriptores,

1162 3077 1248 3105 non
1301 3070 1445 3105 tamen
1489 3063 1690 3115 Tacitus,
1740 3061 2036 3103 accusativum

1163 3129 1329 3177 ponunt
1361 3127 1449 3163 tum
1483 3134 1680 3177 quoque,
1728 3133 1824 3162 cum
1866 3125 2037 3174 tempus

1163 3182 1413 3223 duraturum
1462 3181 1695 3236 designare
1749 3178 1931 3231 volunt,
1992 3184 2039 3219 ut

1163 3256 1289 3297 snper
1310 3254 1474 3293 cenam,
1498 3253 1625 3296 super
1649 3240 1794 3281 vinum
1814 3244 1853 3279 et
1875 3237 2036 3295 epulas.

1164 3299 1249 3343 Sed
1293 3314 1348 3341 ne
1392 3299 1499 3340 haec
1550 3298 1724 3354 quidem
1771 3298 2036 3354 significatio

1162 3361 1323 3401 nostris
1357 3358 1502 3400 verbis
1543 3360 1775 3410 convenit,
1824 3362 1871 3397 ut
1911 3365 2041 3412 snper

1163 3419 1272 3461 haec
1303 3417 1515 3461 vindicari
1548 3418 1700 3472 possit,
1735 3416 1778 3458 id
1811 3414 1926 3470 quod
1957 3425 2037 3455 co-

1164 3484 1290 3519 natus
1323 3484 1389 3519 est
1418 3476 1697 3528 Waltherus,
1745 3475 1892 3529 plures
1930 3485 2037 3515 sen-

1163 3538 1327 3579 tentiae
1368 3537 1515 3578 socios
1554 3541 1720 3576 nactus.
1783 3532 1877 3574 Non
1921 3532 2038 3572 enim

1164 3596 1207 3638 id
1225 3596 1382 3651 premit
1397 3600 1607 3646 narrator,
1622 3592 1803 3634 multum
1829 3591 2039 3644 temporis

1165 3655 1403 3711 effluxisse,
1422 3654 1522 3698 dum
1550 3652 1660 3697 haec
1688 3649 1944 3711 agebantur,
1961 3647 2038 3695 sed
