2280 4004
220 302 250 333 a
281 288 329 334 C.
363 291 434 336 22.
792 287 959 333 LIBER
987 285 1078 331 111..
1122 285 1228 330 CAP.
1255 280 1451 330 Ξ67--69,
1955 286 2047 330 225

221 445 287 483 ne
323 430 433 498 quis
474 430 576 482 vita
614 429 893 497 probrosus
932 432 981 481 et
1015 432 1219 496 opertus
1269 426 1475 480 infamia
1523 424 1838 493 provinciam
1891 424 2049 477 sorti-

218 528 373 588 retur,
411 522 562 589 idque
583 523 819 589 princeps
853 521 1170 573 diiudicaret.
1219 521 1343 572 Nam
1368 519 1614 587 alegibus
1642 517 1825 569 delicta
1858 517 2048 583 puniri:

221 620 406 682 quanto
448 615 559 666 fore
594 616 760 665 mitius
797 614 849 663 in
887 614 1055 679 ipSOS,
1115 613 1293 664 melius
1331 613 1382 662 in
1420 611 1623 675 socios,
1673 608 1934 676 provideri
1983 606 2050 659 ne

219 705 555 774 peccaretur?
612 704 900 756 Adversum
951 719 1080 770 quae
1136 704 1376 755 disseruit
1426 703 1640 754 Caesar:
1699 715 1802 753 non
1849 699 2052 767 quidem

221 797 318 849 sibi
354 797 532 863 ignara
573 810 702 861 quae
740 794 802 845 de
840 794 1012 846 Silano
1052 794 1415 860 vulgabantur,
1470 793 1562 845 sed
1605 807 1709 844 non
1748 807 1813 844 ex
1846 802 2092 842 rumores

222 881 553 940 statuendum.
612 885 794 938 Multos
827 886 879 935 in
915 885 1193 951 provinciis
1230 890 1406 936 contra
1446 899 1593 951 quam
1629 899 1745 951 spes
1774 888 1858 935 aut
1892 888 2053 935 metus

224 978 287 1029 de
324 978 422 1029 illis
464 977 613 1028 fuerit
649 976 836 1043 egisse.
910 977 1134 1026 Excitari
1192 976 1437 1042 quosdam
1487 976 1551 1027 ad
1603 975 1814 1027 meliora
1852 975 2057 1042 magni·-

222 1069 395 1120 tudine
434 1083 629 1132 rerum,
671 1067 953 1119 hebescere
991 1067 1136 1118 alios.
1210 1068 1384 1133 Neque
1436 1082 1590 1132 posse
1637 1066 1917 1132 principem
1964 1079 2055 1117 sua

220 1159 432 1212 scientia
468 1164 646 1210 cuncta
682 1158 963 1227 complecti,
1002 1172 1166 1224 neque
1208 1157 1449 1223 expedire
1482 1163 1535 1208 ut
1575 1157 1849 1208 ambitione
1886 1156 2051 1208 aliena

220 1251 464 1302 trahatur.
539 1249 658 1301 Ideo
699 1249 843 1317 leges
882 1250 934 1299 in
976 1249 1108 1300 facta
1135 1249 1388 1314 constitui,
1430 1248 1546 1314 quia
1576 1248 1740 1299 futura
1775 1248 1827 1298 in
1855 1248 2052 1299 incerto
2071 1262 2119 1298 ιο

219 1342 338 1394 sint.
411 1341 495 1395 Sic
550 1357 578 1392 a
637 1340 913 1392 maioribus
961 1341 1236 1391 institutum
1294 1344 1374 1404 ut,
1438 1339 1481 1391 si
1546 1339 1792 1391 antissent
1850 1339 2054 1404 delicta,

221 1447 420 1499 poenae
439 1437 787 1498 sequerentur.
846 1432 921 1483 Ne
957 1437 1215 1484 verterent
1241 1432 1499 1497 sapienter
1533 1436 1734 1497 reperta
1774 1436 1823 1482 et
1856 1446 2059 1497 semper

223 1523 425 1590 placita.
484 1523 614 1577 Satis
643 1538 852 1574 onerum
883 1523 1213 1589 principibUS,
1252 1522 1375 1574 satis
1400 1523 1546 1574 etiam
1571 1524 1843 1589 potentiae.
1904 1523 2060 1574 Minui

226 1616 352 1681 iura,
394 1616 625 1682 quotiens
663 1616 847 1683 gliscat
878 1620 1130 1682 potestaS,
1168 1631 1264 1667 nec
1300 1615 1540 1666 utendum
1575 1616 1818 1682 imperiO,
1857 1615 1943 1666 ubi
1980 1614 2061 1666 le—

228 1707 375 1775 gibus
425 1707 508 1774 agi
557 1707 732 1773 possit.
809 1708 1006 1768 Quanto
1054 1707 1221 1758 rarior
1270 1707 1400 1773 apud
1441 1706 1692 1757 Tiberium
1729 1706 2124 1773 popularitaS,15

227 1803 366 1850 tanto
416 1797 711 1849 laetioribus
759 1798 940 1849 animis
993 1803 1218 1864 accepta.
1291 1798 1457 1863 Atque
1492 1798 1576 1849 ille
1616 1798 1840 1864 prudens
1878 1798 2063 1849 mode-

226 1889 393 1954 randi,
435 1890 478 1941 si
516 1890 719 1956 propria
755 1891 832 1940 ira
857 1904 961 1940 non
985 1889 1342 1955 impelleretur,
1378 1889 1574 1940 addidit
1599 1889 1812 1940 insulam
1841 1889 2060 1956 Gyarum

229 1981 470 2032 immitem
508 1985 557 2032 et
599 1982 710 2032 sine
746 1981 880 2031 cultu
915 1981 1170 2031 hominum
1208 1996 1359 2032 esse:
1414 1980 1594 2032 darent
1628 1981 1799 2032 Iuniae
1840 1981 2063 2032 familiae

235 2077 284 2125 et
318 2074 430 2125 viro
469 2071 721 2139 quondam
762 2072 958 2124 ordinis
1001 2072 1224 2124 eiusdem
1263 2076 1317 2122 ut
1353 2072 1620 2139 Cytheram
1658 2073 1824 2138 potius
1873 2087 2065 2124 conce-

353 2239 396 2283 8.
430 2239 660 2283 habescere
697 2239 752 2284 M.
847 2239 887 2284 9.
925 2247 1055 2283 cunta
1087 2242 1140 2284 M.
1206 2243 1273 2285 13.
1307 2243 1527 2284 minutum-a
1558 2241 1624 2284 M:
1659 2241 1849 2284 correxit
1877 2241 2063 2297 Lipsius.

239 2300 305 2342 15.
339 2307 440 2356 aput
470 2300 525 2343 M.
592 2301 659 2343 17.
691 2299 1011 2356 impellerentur
1044 2301 1102 2343 M.
1182 2301 1248 2344 19.
1285 2301 1515 2357 Cytheram
1545 2301 1813 2344 Beroaldus:
1846 2301 1885 2344 M
1918 2302 2065 2358 cythe-

235 2373 351 2412 num,
384 2359 556 2414 Lipsius
591 2360 706 2402 coni.
743 2360 967 2415 Cythnum.

236 2514 310 2558 ubi
343 2516 523 2572 primum
558 2515 710 2559 Gaium
750 2515 972 2571 Silanum,
1020 2522 1109 2558 tum

239 2583 436 2630 quaestor
454 2574 612 2629 Silani,
646 2576 746 2618 dein
775 2591 919 2619 servos
951 2591 1110 2632 quoque

238 2634 403 2686 Silani,
445 2647 547 2676 mox
589 2637 636 2677 in
667 2635 885 2689 Silanum,
935 2636 1107 2678 tandem

241 2697 303 2748 (c.
336 2694 415 2750 69)
449 2694 498 2735 de
530 2694 681 2736 Silano
716 2702 759 2738 et
790 2696 948 2737 Silani.
999 2695 1108 2737 Num

238 2753 497 2794 interturbat
539 2753 623 2796 hoc
664 2761 812 2796 nostro
846 2755 945 2797 loco
978 2768 1108 2810 prae-

240 2823 398 2853 nomen
422 2811 534 2853 Gai?
568 2812 663 2854 Non
691 2820 757 2855 est
776 2814 850 2866 ita,
876 2814 953 2855 sed
978 2814 1108 2868 paulo

240 2876 341 2912 ante
384 2883 481 2911 cum
523 2871 638 2912 filius
680 2872 815 2914 Silani
860 2873 947 2914 alio
980 2887 1110 2927 prac-

241 2931 416 2970 nomine
446 2931 691 2972 nominatus
722 2937 867 2984 esset,
912 2933 994 2973 iam
1036 2932 1110 2975 ubi

241 2999 383 3029 sermo
415 2987 469 3029 ad
499 2994 664 3042 patrem
696 2990 822 3043 redit,
855 2992 949 3032 eius
983 3004 1111 3046 prae-

243 3059 402 3088 nomen
419 3048 703 3101 repetendum
728 3055 832 3092 erat.
881 3050 974 3101 Quo
998 3063 1113 3093 novo

244 3106 449 3159 probatur
506 3114 761 3163 argumento
824 3110 953 3163 paulo
1015 3116 1115 3151 ante

244 3176 507 3217 praenomen
539 3166 618 3208 filii
651 3168 882 3210 excidisse.

335 3262 441 3303 quae
497 3250 547 3292 cle
595 3252 745 3294 Silano
800 3253 1115 3310 vulyabantur:

246 3306 358 3348 haec
397 3321 451 3349 ex
497 3315 644 3351 cetera
696 3315 893 3355 oratione
941 3313 1119 3367 obliqua

248 3367 369 3421 quasi
416 3374 650 3423 segregata
702 3377 823 3422 sunt,
873 3384 957 3426 quo
1006 3372 1117 3413 nihil

247 3425 362 3478 apud
414 3424 529 3467 hunc
584 3433 776 3468 nostrum
828 3429 1115 3484 frequentius.

248 3482 311 3524 Ea
340 3486 471 3526 venia
502 3498 620 3527 nunc
659 3486 758 3528 inde
792 3489 1117 3529 excusationem

251 3541 404 3596 babet,
438 3545 553 3599 quod
586 3546 854 3586 enuntiatum
887 3546 1119 3588 relativum

251 3598 350 3650 loco
381 3603 565 3646 subiecti
597 3606 784 3646 nominis
807 3610 887 3658 est,
905 3605 1119 3661 siquidem

254 3670 360 3716 quae
391 3661 440 3704 de
478 3662 629 3708 Silano
675 3663 961 3722 vulyabantur
1005 3664 1119 3708 idem

346 3756 495 3794 'racuus
518 3759 547 3796 1.

1196 2522 1263 2559 est
1293 2522 1423 2573 atque
1456 2516 1631 2573 vulyata
1663 2517 1712 2560 de
1747 2517 1915 2561 Silano.
1979 2518 2068 2561 Ce-

1194 2583 1334 2618 terum
1366 2583 1458 2618 tota
1487 2580 1626 2619 oratio
1647 2579 1846 2632 sapiente
1869 2579 2068 2633 principe

1194 2636 1351 2693 digna,
1385 2638 1428 2677 in
1462 2650 1547 2692 qua
1578 2637 1784 2678 imitanda
1817 2637 2071 2680 observavit

1194 2695 1366 2737 Tacitus
1399 2695 1508 2737 illud
1532 2696 1647 2752 quod
1669 2697 1727 2738 lv
1749 2698 1804 2739 31
1833 2696 2068 2738 de'riberio

1193 2755 1382 2797 rettulit:
1430 2756 1545 2810 ipse,
1592 2757 1843 2812 compositus
1888 2755 2001 2797 alias
2032 2763 2071 2797 et

1192 2814 1306 2856 velut
1331 2814 1605 2856 eluctantium
1628 2815 1866 2867 verborum,
1895 2814 2071 2857 solutius

1189 2875 1505 2929 promptiusque
1545 2874 1839 2929 eloquebatur,
1880 2875 2071 2928 quotiens

1193 2932 1448 2974 subveniret.

1292 3019 1543 3075 Cytheram:
1588 3021 1632 3061 in
1665 3021 1876 3074 scriptura
1909 3018 2072 3060 codicis

1197 3075 1440 3120 Florentini
1474 3079 1735 3135 (cythenum)
1769 3092 1797 3119 a
1827 3079 2070 3131 semiaper-

1198 3143 1288 3178 tum
1317 3151 1412 3179 cum
1435 3153 1463 3178 u
1480 3144 1522 3178 et
1542 3151 1570 3176 η
1594 3150 1690 3178 cum
1719 3151 1743 3177 r
1764 3141 2072 3177 commutatum

1201 3202 1281 3248 cst,
1315 3196 1430 3250 quod
1465 3202 1693 3249 utrumque
1720 3197 1762 3235 in
1781 3194 1933 3235 eodem
1959 3193 2070 3235 libro

1200 3267 1332 3307 saepe
1349 3253 1522 3295 accidit.
1566 3253 1657 3294 lloc
1681 3259 1823 3294 autem
1842 3266 1910 3293 me
1928 3252 2073 3294 iudice

1202 3312 1375 3353 facilius
1420 3313 1598 3353 evenire
1644 3314 1803 3365 potuit,
1852 3324 1978 3365 quain
2026 3317 2074 3351 ut

1202 3370 1348 3411 littera
1369 3370 1513 3411 aliena
1534 3385 1555 3410 c
1571 3370 1817 3422 accederet,
1839 3375 1885 3411 ut
1903 3369 2074 3424 Lipsius

1203 3430 1352 3470 statuit
1367 3429 1575 3483 Cythnum
1589 3427 1878 3471 coniiciendo.
1904 3427 2075 3482 Cythe-

1203 3500 1250 3529 ra
1281 3500 1387 3528 vero
1419 3489 1614 3543 quamvis
1636 3494 1757 3544 grata
1774 3494 1890 3530 esset
1917 3487 2074 3543 insula,

1205 3547 1307 3587 satis
1340 3553 1483 3588 tamen
1515 3559 1683 3600 poenae
1723 3546 1953 3589 videbatur
1991 3547 2076 3589 ho-

1203 3606 1364 3647 minem
1396 3605 1608 3650 illustrem
1641 3608 1780 3650 arceri
1813 3607 1865 3649 ab
1898 3605 2006 3649 urbe
2034 3612 2079 3648 et

1204 3663 1343 3709 Italia.

1699 3748 1759 3800 15
