2280 4004
276 282 335 334 84
1035 283 1328 328 ANNALIVM
1848 299 1888 330 a.
1916 292 1962 332 n.
1992 279 2098 333 8012

273 434 507 486 iuvenem
541 429 791 494 nobilem,
848 428 1093 498 dignitate
1130 428 1355 494 formae,
1415 427 1467 479 vi
1504 428 1687 481 mentis
1721 443 1782 481 ac
1816 429 2099 497 propinquo

275 524 555 587 consulatu,
594 521 838 572 maiorem
870 520 932 572 ad
962 535 1102 587 spem
1135 520 1363 588 accingi3
1397 535 1495 572 nec
1527 522 1662 573 enim
1698 520 1950 572 occultum
1980 520 2101 587 quid

271 621 388 683 post
423 613 525 665 tale
560 612 931 665 matrimonium
971 617 1278 679 superesset.
1354 613 1564 666 Subibat
1597 613 1709 665 sine
1749 612 1903 664 dubio
1938 617 2099 665 metus

270 710 562 772 reputantes
601 704 837 757 hebetem
876 704 1137 771 Claudium
1175 709 1224 756 et
1259 705 1406 756 uxori
1445 704 1763 770 devinctum,
1818 703 2100 771 multasque

233 801 462 848 amortes
498 796 639 848 iussu
665 795 970 850 Messalinae
998 778 1238 862 patratas
1311 797 1502 849 Rursus
1536 796 1647 862 ipsa
1682 795 1900 847 facilitas
1938 795 2102 862 impe-

269 889 456 940 ratoris
497 888 732 940 fiduciam
774 888 953 954 dabat,
1017 887 1060 939 si
1101 887 1366 939 atrocitate
1412 888 1640 939 criminis
1677 886 2098 954 praevaluissent,

181 1035 184 1039 Δ
267 995 423 1047 posse
475 981 688 1048 opprimi
745 980 1030 1031 damnatam
1071 984 1187 1031 ante
1224 995 1372 1046 quam
1418 995 1574 1032 ream.
1650 979 1750 1032 Sed
1795 979 1848 1030 in
1886 993 1948 1031 eo
1989 978 2101 1030 dis-

270 1072 462 1123 crimen
492 1072 651 1138 verti,
684 1071 729 1124 si
758 1071 990 1124 defensio
1026 1071 1311 1136 audiretur,
1344 1076 1497 1138 utque
1526 1070 1730 1123 clausae
1766 1084 1914 1123 aures
1947 1069 2098 1122 etiam

269 1163 528 1214 confitenti
562 1163 750 1215 forent.
825 1163 903 1214 Ac
938 1163 1100 1230 primo
1142 1162 1404 1227 Callistus,
1446 1163 1545 1213 iam
1583 1161 1704 1213 mihi
1744 1161 1882 1213 circa
1918 1162 2183 1214 necem29

203 1262 253 1300 ’θ
269 1255 362 1307 Gai
391 1255 627 1308 Caesaris
665 1260 916 1320 narratUS,
958 1260 1007 1307 et
1041 1255 1306 1321 Appianae
1354 1254 1527 1306 caedis
1568 1253 1773 1306 molitor
1807 1253 2095 1319 NarcissuS‚

264 1346 760 1414 flagrantissimaque
800 1362 862 1399 eo
903 1347 954 1397 in
994 1352 1222 1413 tempore
1260 1347 1425 1414 gratia
1461 1346 1622 1397 Pallas
1660 1346 1940 1413 agitavere,
1980 1358 2096 1397 num

264 1438 591 1490 Messalinam
631 1439 844 1490 secretis
881 1438 1030 1489 minis
1061 1438 1373 1504 depellerent
1405 1452 1578 1488 amore
1609 1437 1737 1502 Silii,
1779 1441 1960 1488 cuneta
1999 1435 2099 1488 alia

267 1529 663 1581 dissimulantes.
737 1530 867 1581 Dein
902 1533 1052 1594 metu,
1090 1544 1155 1581 ne
1195 1529 1257 1580 ad
1287 1529 1563 1594 perniciem
1593 1527 1724 1579 ultro
1760 1527 2097 1592 traherentur,

267 1620 535 1686 desistunt,
572 1620 735 1674 Pallas
772 1636 862 1686 per
898 1621 1172 1687 ignaviam,
1205 1620 1440 1672 Callistus
1478 1619 1662 1686 prioris
1687 1633 1887 1685 quoque
1921 1618 2101 1686 regiae

200 1723 248 1760 15
263 1712 471 1780 peritUS,
512 1717 561 1763 et
599 1712 873 1779 potentiam
915 1712 1074 1763 cautis
1113 1726 1260 1781 quam
1302 1711 1505 1763 acribus
1547 1710 1776 1762 consiliis
1813 1709 1965 1763 tutius
2003 1709 2101 1763 ha-

263 1802 375 1856 beri
395 1822 410 1868 3
447 1804 665 1870 perstitit
700 1805 1002 1870 NarcissuS,
1042 1810 1095 1855 ut
1136 1805 1298 1857 solum
1333 1805 1384 1856 id
1424 1805 1707 1870 immutans,
1746 1819 1813 1857 ne
1847 1817 1947 1871 quo
1983 1818 2100 1857 ser·-

387 1958 426 2000 1.
451 1959 596 2014 forma
628 1957 716 2001 Ma:
760 1959 952 2001 correxit
983 1958 1172 2014 Lipsius.
1295 1960 1337 2003 2.
1372 1958 1469 2000 ade.
1503 1956 1582 2001 Ma.
1706 1958 1750 2002 4.
1786 1959 1985 2002 devincta
2014 1954 2095 2001 Mst.

263 2018 306 2061 7.
338 2017 545 2060 damnata
576 2017 656 2061 Ma.
749 2019 792 2065 9.
829 2018 1030 2061 Callistus
1061 2017 1152 2061 Ma:
1189 2018 1363 2061 calistus
1394 2017 1441 2060 G.
1514 2019 1573 2060 mi
1593 2015 1673 2060 Ma.
1756 2019 1824 2064 10.
1861 2019 1945 2062 Gai
1974 2018 2100 2060 abest

262 2089 289 2118 a
323 2074 450 2118 GMe,
482 2078 749 2132 supplevere
780 2077 974 2120 Faernus
1007 2078 1187 2134 aliique.
1312 2079 1497 2135 appiane
1529 2077 1643 2120 cedis
1674 2075 1753 2119 Ma.
1879 2079 1948 2123 13.
1979 2077 2100 2121 ultra

261 2134 352 2178 Ma:
386 2136 500 2182 ultro
534 2136 582 2180 G.
709 2139 777 2180 15.
813 2137 972 2180 habere
1003 2151 1055 2193 pr
1085 2137 1172 2192 Ma,
1220 2144 1268 2179 ut
1298 2138 1486 2181 videtur.
1584 2136 1653 2180 16.
1690 2142 1737 2179 ut
1766 2137 1902 2181 solum
1931 2135 2026 2180 Mat·
2056 2139 2099 2180 et

262 2194 401 2238 solum
432 2195 480 2250 G,
512 2195 649 2240 solum
678 2196 732 2240 A.

352 2316 457 2372 Cap.
492 2319 563 2363 29.
607 2318 731 2360 circa
748 2332 896 2360 necem
920 2318 1003 2361 Gai
1023 2318 1139 2361 Cae-

259 2376 374 2420 saris
395 2384 629 2419 narratus:
661 2377 798 2420 Taciti
825 2379 1016 2420 narratio
1042 2392 1138 2420 cum

259 2437 372 2478 libro
419 2437 654 2479 Annalium
704 2444 861 2480 octavo
897 2438 1136 2480 intercidit.

262 2494 332 2538 Cf.
359 2495 537 2551 Ioseph.
557 2496 775 2552 Anti-quit.
811 2497 907 2539 XIX
942 2500 964 2540 1.
999 2499 1043 2550 δ.
1067 2498 1135 2541 1o.

258 2554 345 2596 Dio
378 2554 470 2596 LIX
504 2555 573 2599 19.
640 2556 810 2598 Seneca
840 2555 981 2611 Epist.
1014 2557 1087 2599 47.

347 2613 578 2669 Appianae
612 2614 756 2656 caedis
784 2615 983 2657 molitor.-
1022 2626 1137 2670 quo-

261 2671 393 2713 modo
425 2673 594 2727 Appius
627 2673 800 2716 Silanus
834 2673 987 2715 fraude
1024 2673 1136 2715 Nar-

259 2732 363 2773 cissi
407 2738 451 2773 et
496 2731 780 2786 Messalinae,
825 2732 1060 2775 timiditate
1094 2738 1138 2774 et

257 2795 439 2845 stupore
497 2789 668 2833 Claudii
727 2792 1028 2846 abutentium,
1083 2792 1136 2834 ad

256 2856 442 2892 mortem
474 2855 622 2904 raptus
665 2852 722 2892 sit
749 2865 789 2894 a.
823 2851 907 2905 42,
952 2852 1132 2895 Sueten.

259 2921 298 2950 c.
333 2910 388 2952 37
425 2915 468 2951 et
497 2907 581 2951 Dio
614 2909 688 2951 LX
723 2910 777 2954 14
807 2917 997 2953 narrant.
1047 2910 1132 2953 Ta-

259 2968 373 3010 citus
406 2981 498 3010 rem
531 2982 555 3010 a
588 2982 636 3011 se
667 2970 712 3011 in
743 2981 860 3012 nono
893 2970 1005 3012 libro
1038 2976 1131 3012 tra-

255 3025 389 3069 ditam
421 3028 618 3082 respicit.

339 3087 504 3142 prioris
547 3100 709 3142 quoquc
750 3088 899 3145 reqiae
939 3088 1128 3146 peritus.-

254 3155 298 3188 ν.
333 3144 417 3187 Dio
450 3145 542 3187 LIX
580 3147 647 3191 19.
697 3148 853 3191 Senec.
886 3147 1027 3204 Epist.
1058 3146 1130 3190 47.

254 3204 422 3247 Plinius
474 3205 656 3249 XXXIlI
704 3208 760 3250 47
816 3213 904 3249 tres
958 3205 1132 3249 Claudii

251 3262 446 3319 libertos*
470 3265 637 3306 divitiis
659 3266 1018 3321 opulentissimos
1045 3277 1131 3307 no-

252 3323 390 3365 minat
419 3323 686 3378 Pallantem,
731 3324 985 3380 Callistum,
1017 3325 1130 3368 Nar-

253 3382 428 3424 cissum.
496 3381 614 3424 Idem
675 3384 854 3427 XXXVI
903 3387 987 3428 12:
1051 3398 1130 3427 nos

251 3442 481 3496 ampliores
536 3443 717 3497 triqinta
769 3444 1021 3499 (columnas
1073 3458 1128 3486 ex

250 3499 425 3552 onyche
470 3501 632 3557 factas)
677 3503 858 3545 vidimus
897 3505 945 3545 in
991 3516 1126 3550 cena.-

249 3558 378 3610 tione,
397 3572 523 3618 quam
536 3559 741 3603 Callistus
761 3561 966 3605 Caesaris
989 3563 1125 3605 Clau-

247 3613 311 3654 dii
356 3615 607 3660 libertorum
647 3622 845 3677 potentia
884 3611 1028 3665 ηοιιιεῃ
1044 3621 1126 3665 sibi

246 3675 622 3731 exaedificaverat.

1322 2324 1396 2359 ut.-
1449 2316 1664 2372 particula
1709 2317 1799 2359 vim
1846 2312 2096 2373 explicandi

1225 2375 1381 2430 habet,
1432 2390 1483 2419 ac
1525 2383 1647 2419 recte
1688 2375 1940 2418 Waltherus
1973 2387 2096 2419 com-.-

1224 2443 1345 2490 parat
1376 2435 1435 2478 lv
1455 2438 1513 2480 33
1543 2443 1591 2478 ut
1624 2436 1752 2478 nimis
1784 2450 1838 2478 em
1855 2435 2095 2495 propinquo

1224 2496 1395 2538 diversa
1413 2509 1616 2552 arquens.
1650 2494 1769 2537 Inest
1792 2493 2094 2537 librisBmtR:

1224 2561 1276 2607 et,
1311 2569 1335 2597 a
1368 2556 1521 2597 codice
1540 2555 1573 2597 G
1591 2553 1799 2608 oblatum,
1833 2554 1887 2596 ad
1913 2553 2094 2596 verbum

1218 2614 1406 2670 perpulit
1429 2615 1558 2656 nimis
1583 2619 1796 2655 remotum
1814 2611 2092 2659 referendum

1223 2678 1355 2715 esset.

1311 2731 1415 2786 Cap.
1451 2732 1523 2775 30.
1586 2731 1699 2773 idem
1729 2732 1980 2789 opperiens:
2009 2743 2093 2787 op-

1221 2791 1474 2845 periebatur
1519 2795 1566 2832 ut
1598 2797 1817 2834 secretum
1850 2805 1875 2833 a
1907 2790 2092 2833 Claudio

1221 2852 1262 2892 ei
1281 2850 1469 2893 daretur.
1515 2850 1608 2891 Hoc
1631 2851 1771 2905 ipsum
1791 2855 1836 2893 et
1855 2849 2094 2905 Calpurnia

1220 2916 1263 2951 et
1301 2909 1537 2966 Cleopatr-a
1578 2911 1829 2964 petiverant
1871 2908 1925 2952 ad
1966 2909 2092 2952 dela-

1216 2970 1381 3011 tionem
1454 2969 1771 3025 exequendam.
1851 2968 2091 3012 Auctorem

1215 3041 1339 3070 suum
1374 3041 1463 3071 non
1493 3034 1615 3070 recte
1642 3034 1910 3083 acceperunt
1940 3030 2014 3085 qui
2045 3028 2093 3070 id

1212 3088 1348 3145 ipsum
1369 3088 1440 3131 vel
1457 3087 1504 3130 id
1521 3087 1850 3130 rescribendum
1869 3093 2089 3143 putarunt.

1313 3148 1375 3188 cis
1418 3147 1598 3199 Vettios,
1644 3148 1706 3190 cis
1738 3146 1929 3190 Plautios
1960 3147 2090 3190 dissi*-

1214 3205 1490 3248 mulavisset:
1532 3207 1641 3247 mira
1685 3205 1907 3249 brevitate
1938 3211 1984 3249 et
2017 3207 2090 3248 in-

1215 3265 1390 3307 vidiosa
1456 3265 1770 3319 deprecatione
1830 3267 2005 3309 veniam
2062 3277 2090 3307 a

1214 3326 1415 3380 principe
1447 3324 1675 3367 Narcissus
1707 3325 1842 3379 petit,
1892 3324 2008 3382 quod
2038 3323 2085 3365 ei

1213 3383 1475 3426 Messalinae
1520 3383 1736 3426 adulteria
1788 3397 1886 3429 cum
1938 3382 2086 3426 Vettio

1216 3443 1406 3485 Valente
1447 3449 1492 3486 et
1536 3442 1708 3485 Plautio
1760 3442 1974 3484 Laterano
2021 3443 2084 3496 (c.

1212 3503 1269 3544 35
1291 3508 1334 3544 et
1358 3503 1439 3560 36)
1475 3503 1705 3544 commissa
1729 3499 2083 3543 dissimulaverit.

1210 3561 1404 3604 Narcissi
1438 3561 1711 3603 conscientia
1742 3561 1804 3601 cis
1834 3571 1886 3601 ea
1918 3557 2085 3615 flagitia

1210 3620 1354 3662 adhuc
1383 3633 1432 3661 se
1465 3619 1698 3671 continuit,
1730 3630 1874 3674 neque
1893 3616 2013 3662 ultra
2029 3616 2084 3661 ad

1208 3678 1437 3723 Claudium
1466 3677 1677 3735 pervasit.
2064 3676 2071 3702 ³
