2222 4022
1009 290 1157 334 GArvr
1189 289 1263 335 28.
1911 281 2042 328 XLIII

221 435 356 487 mine
394 433 693 497 Quaestor-is
729 434 999 501 Pontificii,
1053 434 1214 501 qualis
1266 435 1319 484 in
1362 429 1738 500 magistratibus
1786 430 2044 482 Romanae

220 525 540 577 hierarchiae
573 526 736 577 nullus
772 532 863 591 est,
886 527 1158 579 Rhenanus
1197 524 1347 590 paulo
1377 522 1585 574 liberius
1614 521 1904 588 designavit
1933 536 2045 572 eum

225 618 308 683 qui
345 617 499 682 stipes
539 617 964 683 indulgentiarum
998 633 1025 668 a
1047 618 1216 668 Leone
1254 613 1601 666 aedificandae
1632 617 1682 663 et
1706 611 2047 678 perficiendae

223 708 475 758 ecclesiae
530 707 578 758 S.
617 708 747 758 Petri
790 708 990 773 publice
1036 707 1399 774 promissarum
1449 703 1685 772 collegit,
1752 703 1830 753 cui
1872 717 2048 753 verum

223 799 407 849 nomen
445 798 536 849 sed
573 798 735 850 minus
772 800 998 850 Latinum
1037 804 1145 850 erat
1183 795 1589 849 Commissarius.
1663 794 1744 846 Ad
1786 794 1835 845 id
1881 809 2051 862 nego-

222 889 342 939 tium
384 904 412 940 a
451 890 621 940 Leone
658 889 755 941 sibi
795 890 1147 941 demandatum
1185 887 1282 956 per
1309 890 1521 940 Daniam
1562 892 1611 939 et
1645 886 1876 939 Sueciam
1914 885 2053 937 acri-

223 983 301 1030 ter
345 979 590 1029 ‘incubuit
648 979 866 1029 Ioannes
931 979 1152 1044 Anqelus
1210 976 1571 1028 Arcemboldus
1635 976 2050 1041 MediolanensiS,

223 1070 346 1122 iuris
383 1071 644 1136 utriusque
684 1071 881 1135 doctor,
924 1071 1038 1121 dum
1067 1069 1308 1132 Tezelius,
1344 1064 1675 1119 Arcemboldi
1712 1069 1913 1119 adiutor
1943 1068 2053 1119 sive

223 1158 734 1227 Subcommissarius,
783 1178 874 1228 per
922 1162 1193 1214 Saxoni'am
1250 1160 1454 1212 casdem
1499 1159 1744 1226 pecunias
1804 1159 2045 1210 corradit.

224 1251 408 1303 Verum
446 1252 817 1305 Arcemboldus
856 1254 954 1304 hoc
994 1267 1170 1304 munus
1207 1252 1418 1318 primum
1456 1251 1581 1301 obiit
1627 1265 1721 1316 per
1758 1250 2048 1315 provincias

224 1343 556 1409 Batavorum,
597 1344 949 1412 Burgundiae,
987 1343 1257 1395 Rhenanas
1297 1357 1341 1392 a.
1382 1342 1544 1403 1515,
1592 1339 1655 1389 ad
1693 1338 1744 1388 id
1776 1337 2054 1392 destinatus

227 1438 274 1488 2.
317 1436 399 1488 die
434 1436 730 1488 Decembris
771 1451 816 1486 a.
861 1434 1019 1499 1514,
1073 1434 1192 1486 dein
1229 1449 1273 1484 a.
1323 1431 1455 1484 1516
1495 1430 1812 1484 Westfaliam
1851 1430 1973 1482 adiit
2010 1436 2059 1484 et

227 1527 546 1579 Germaniam
570 1527 1031 1594 septentrionalem,
1051 1542 1170 1578 mox
1203 1528 1473 1593 praecipue
1497 1524 1625 1593 apud
1654 1525 1827 1576 Danos
1854 1529 1903 1576 et
1929 1525 2060 1578 Sue-

229 1631 318 1667 cos
357 1617 442 1667 diu
486 1622 708 1668 moratus
751 1622 842 1668 est.
918 1617 991 1667 lbi
1046 1617 1211 1669 multis
1260 1617 1635 1668 difficultatibus
1687 1616 1954 1683 implicitus
2011 1620 2060 1667 et

226 1708 384 1758 variis
422 1707 574 1758 rebus
613 1712 715 1757 tum
756 1707 889 1758 inter
928 1707 1121 1760 Succos
1156 1712 1257 1758 tum
1294 1708 1426 1759 inter
1461 1708 1633 1759 Danos
1681 1707 1840 1774 gestis
1891 1710 2060 1757 teuta-

216 1792 425 1864 usque,
474 1799 610 1849 circa
654 1813 836 1849 annum
882 1799 1016 1850 1518
1052 1798 1134 1850 vel
1178 1798 1310 1849 1519
1345 1800 1554 1852 Romam
1605 1799 1786 1863 rediit,
1854 1812 2058 1849 causam

230 1888 360 1956 apud
397 1890 594 1941 iudices
634 1890 760 1941 dixit
801 1895 849 1941 et
887 1890 1143 1941 absolutus
1186 1895 1276 1941 est.
1353 1890 1427 1941 Cf.
1467 1888 1820 1958 Vollstiindige
1863 1889 2053 1942 Refor-

228 1982 606 2033 mations-Acta
643 1982 746 2033 und
772 1983 1101 2046 Documenta,
1141 1982 1477 2049 ausgefertigt
1511 1997 1612 2032 von
1651 1980 1876 2032 Valentia
1903 1979 2064 2030 Ernst

235 2071 469 2122 Lo'scher.
545 2073 774 2124 Dresdae
819 2074 968 2124 1720.
1020 2072 1068 2122 4.
1109 2074 1246 2123 Tom.
1291 2074 1310 2123 I
1347 2089 1396 2138 p.
1438 2071 1755 2124 375—379.
1831 2071 2061 2121 Danielis

236 2161 462 2212 Gerdesiz'
494 2163 715 2214 Historia
755 2163 1149 2214 Reformationis
1184 2168 1302 2213 tom.
1344 2164 1409 2214 III
1449 2178 1495 2228 p.
1539 2163 1832 2215 277-284.
1910 2160 2062 2228 Atqui

230 2254 470 2306 Beroaldi
531 2253 686 2305 editio
737 2253 970 2306 kalendis
1015 2255 1180 2307 Martii
1227 2255 1344 2304 anni
1400 2256 1532 2305 1515
1574 2256 1766 2307 Romae
1812 2254 2058 2320 impressa

231 2345 445 2412 prodiit,
505 2346 725 2412 ideoque
784 2345 950 2397 codex
1002 2346 1085 2397 ille
1139 2350 1222 2396 aut
1269 2359 1402 2396 anno
1460 2345 1594 2397 1514
1630 2351 1714 2397 aut
1754 2344 2063 2412 aliquamdiu

233 2441 348 2488 ante
385 2438 593 2489 Romam
630 2437 851 2503 perlatus
888 2437 985 2488 iam
1020 2442 1156 2500 erat,
1210 2437 1296 2488 diu
1344 2443 1460 2489 ante
1504 2453 1652 2504 quam
1687 2436 2062 2488 Arcomlmldus

233 2541 297 2580 ex
347 2527 520 2578 Dania
569 2527 768 2578 rediens
823 2529 1091 2580 Corbeiam
1147 2534 1197 2580 et
1248 2529 1300 2579 in
1346 2529 1537 2580 Italiam
1572 2529 1842 2595 pervenire
1883 2527 2058 2593 potuit,

234 2618 382 2670 etiam
436 2624 552 2670 ante
600 2634 747 2685 quam
809 2625 1048 2686 quaestor
1098 2619 1387 2670 Pontificius
1426 2619 1711 2670 declaratus
1749 2624 1912 2670 terras
1948 2618 2068 2669 lon-

232 2709 449 2777 ginquas
485 2710 792 2778 peragravit.
867 2710 1074 2763 Scilicet
1110 2711 1326 2776 spissum
1375 2710 1611 2762 volumen
1649 2710 1764 2761 dum
1802 2709 1933 2777 typis
1967 2725 2064 2762 ex-

232 2801 486 2866 primitur,
540 2802 655 2852 dum
693 2801 973 2852 Beroaldus
1015 2802 1065 2851 in
1103 2801 1276 2866 primis
1315 2816 1408 2852 sex
1447 2802 1720 2866 (quinque)
1770 2800 1913 2851 libris
1949 2799 2064 2866 plu-

231 2891 357 2942 rima
391 2892 513 2941 vitia
554 2892 768 2958 corrigit
805 2897 854 2942 et
892 2893 954 2942 de
988 2892 1310 2942 tentamentis
1350 2892 1454 2942 suis
1489 2891 1713 2942 virorum
1751 2891 2064 2943 eruditorum

234 2982 533 3034 sententiam
581 2987 696 3033 ante
736 2983 991 3049 explorat,
1051 2983 1226 3034 saltem
1275 2983 1454 3051 viginti
1500 2998 1702 3034 menses
1742 2983 2059 3034 effluxerunt.

234 3073 404 3139 Itaque
456 3073 621 3126 codex
671 3074 754 3125 ille
806 3090 870 3127 ex
906 3073 1174 3126 Germania
1211 3074 1386 3140 primis
1434 3074 1600 3126 statim
1637 3073 1821 3125 Leonis
1855 3072 2066 3123 Pontifi-

235 3169 397 3215 catum
450 3163 845 3216 administrantis
899 3165 1156 3216 mensibus
1209 3165 1443 3228 advenit,
1502 3165 1549 3214 h.
1594 3181 1637 3215 e.
1687 3179 1789 3214 non
1828 3163 1914 3214 diu
1949 3168 2064 3228 post

236 3268 458 3304 mensem
497 3255 725 3306 Martium
771 3255 888 3306 anni
932 3255 1080 3307 1513.
1157 3256 1327 3320 Itaque
1367 3270 1531 3320 neque
1554 3253 1926 3305 Arcemboldus
1968 3268 2066 3305 ne-

237 3359 333 3410 que
368 3343 497 3395 ullus
534 3344 661 3396 alius
711 3347 896 3397 Leonis
949 3351 1190 3411 quaestor
1243 3347 1295 3395 in
1335 3346 1654 3396 Germaniam
1704 3344 1887 3395 missus
1930 3343 2066 3395 illum

237 3436 466 3487 codicem
507 3453 571 3487 ex
609 3436 907 3488 corbeiensi
944 3438 1254 3488 monasterio
1305 3452 1477 3487 secum
1531 3435 1733 3487 abstulit
1783 3440 1867 3487 aut
1902 3437 2060 3488 Leoni

235 3527 440 3577 tradidit
474 3527 792 3594 insignemvc
826 3527 932 3578 eius
972 3528 1359 3577 munificentiam
1393 3531 1626 3592 expertus
1661 3531 1752 3578 est.
1796 3528 1936 3589 Quae
1963 3541 2060 3594 quo

235 3618 470 3682 tendant,
514 3618 706 3682 lector,
746 3619 842 3668 iam
883 3618 1151 3685 intelliges,
1227 3616 1497 3669 Rhenanus
1536 3632 1664 3684 quae
1703 3618 1959 3683 narravit,
2000 3635 2063 3670 ex
