2280 4004
969 275 1134 323 LIBER
1162 274 1279 321 xlv.
1955 273 2042 316 1⁸⁷1
2084 263 2088 275 ²

222 431 435 491 texerat,
461 425 672 478 mortuis
696 418 966 475 reumatibus
997 419 1046 473 et
1074 424 1348 472 arescente
1372 423 1556 470 trunco
1581 415 1886 468 deminutam
1918 428 2045 481 pro-
2087 406 2091 408 ’

224 519 349 588 digii
383 518 499 569 loco
535 516 756 568 habitum
795 519 888 579 est,
928 512 1094 564 donec
1124 512 1174 562 in
1209 525 1376 562 novos
1414 510 1545 562 fetus
1582 507 1938 560 reviresceret.
1973 581 1976 584 ‚

341 675 383 716 2.
415 671 620 727 habitum]
656 669 843 711 abditum
873 664 952 720 Ma,
987 679 1054 708 om
1089 665 1137 708 G.
1243 665 1530 707 reuiuesceret
1557 661 1636 705 Ma.
1702 643 1896 718 Explicit
1931 661 2045 705 Cor-

222 732 328 775 nelii
365 727 502 774 Taciti
529 730 636 772 liber
667 728 816 771 tertius
847 727 1044 768 decimus.
1109 723 1247 781 In'cip.
1289 727 1410 779 (cum
1445 723 1551 780 lin.)
1581 722 1736 767 XIIII.
1771 719 1850 764 Ma.

225 873 432 914 transisse
465 870 736 913 credebatur.
801 869 868 912 Gt.
899 868 1084 921 Dionys.
1171 879 1206 908 s.
1240 878 1282 907 v.
1317 864 1474 906 Navia.
1539 862 1712 905 Becker
1743 862 2051 906 Euchirid.A.*

223 932 277 974 A.
310 931 365 974 st..
392 930 411 973 1
442 931 512 975 79.
556 929 666 974 ΡΙίη.
701 929 779 973 XV
815 929 883 972 18.
930 927 1085 971 Festus
1173 926 1223 968 R.
1258 924 1276 965 Ι
1310 936 1351 978 p.
1384 923 1632 969 292—294.

644 1403 858 1506 LIBER
916 1441 1258 1519 QUARTvs
1321 1439 1658 1503 DECIMVS.

742 1753 1244 1814 BREVIARIVM
1297 1749 1520 1806 LIBRI.

404 1905 510 1962 Cap.
544 1905 703 1948 1—19.
774 1903 926 1947 Annus
957 1917 986 1946 a
1019 1902 1122 1946 cslzr.
1164 1902 1532 1959 quinquayesimus
1573 1913 1733 1954 nonus,
1781 1897 2054 1964 imperatoris

234 1980 420 2022 Neronis
450 1985 616 2032 sextus,
665 1979 737 2033 qui
768 1984 876 2021 totus
919 1984 1152 2034 occupatur
1178 1977 1391 2034 principis
1420 1976 1594 2032 {taqitiis
1627 1981 1666 2016 et
1692 1972 1840 2031 populi
1868 1973 2058 2016 Romani

229 2039 482 2110 patrumque
520 2053 719 2108 infamia.
783 2049 898 2094 Nero
932 2065 1077 2093 amore
1109 2051 1333 2108 Poppaeae
1378 2051 1426 2093 in
1470 2050 1557 2092 dies
1597 2048 1856 2106 flayrantior
1897 2046 2053 2089 matri-

231 2123 387 2170 cidium
427 2127 499 2168 diu
540 2126 784 2169 meditatum
831 2126 1010 2182 aqyredi
1051 2127 1217 2177 statuit,
1267 2125 1363 2166 dum
1404 2122 1648 2180 Ayrippina
1692 2122 1750 2164 ad
1788 2119 2058 2163 retinendam

229 2203 465 2258 potentiam
498 2206 687 2242 extrema
718 2206 900 2242 conatur
932 2200 1102 2258 (1—3).
1167 2198 1281 2240 Nero
1316 2211 1411 2239 cam
1441 2195 1576 2240 Baias
1608 2195 1736 2250 elicit,
1774 2195 1873 2237 inde
1897 2194 2056 2237 Baulos

231 2274 543 2330 reyredientem
583 2287 637 2315 ac
677 2275 800 2315 navis
842 2280 884 2315 et
922 2274 1056 2315 maris
1093 2269 1276 2314 insidias
1316 2272 1505 2328 elapsam
1531 2284 1612 2328 per
1643 2270 1868 2313 Anicetum
1903 2268 2058 2311 occidit

233 2346 403 2404 (4—9).
467 2345 506 2388 A
541 2345 731 2388 Caesare
768 2347 960 2402 perfecto
1004 2345 1168 2387 demum
1206 2344 1369 2386 scelere
1411 2343 1657 2400 maqnitudo
1707 2344 1796 2385 eius
1839 2341 2059 2384 intellecta

232 2428 305 2473 cst,
339 2418 413 2461 sed
443 2420 709 2463 tribunorum
741 2421 1115 2475 centurionumque
1148 2419 1399 2461 adulatione
1427 2419 1486 2460 ad
1515 2431 1629 2476 spem
1655 2419 1879 2473 firmatum
1927 2413 2061 2460 amici

233 2494 388 2536 dehinc
420 2499 460 2535 et
485 2493 687 2550 proxima
719 2493 985 2550 Campaniae·
1018 2493 1226 2536 laetitiam
1258 2496 1485 2534 ostentant.
1560 2491 1744 2534 Neronis
1777 2490 1835 2532 ad
1864 2497 2058 2532 senatum

232 2567 401 2610 litterae
431 2567 606 2623 facinus
638 2578 730 2608 cum
747 2567 970 2610 mendacio
995 2568 1219 2609 narrantis
1252 2572 1290 2608 et
1311 2566 1569 2619 excusantis,
1604 2573 1643 2608 et
1661 2565 1830 2607 Seneca
1862 2564 1917 2622 (is
1942 2577 2059 2606 com-

232 2642 454 2698 posuerat)
487 2637 664 2682 adverso
697 2654 871 2682 rumore
902 2641 1131 2699 (10-11).
1202 2640 1287 2682 Sed
1316 2641 1423 2682 miro
1457 2639 1692 2682 certamine
1719 2651 1949 2695 procerum
1981 2637 2058 2680 de.-

234 2721 469 2755 cernuntur
508 2715 839 2770 supplicationes
880 2721 919 2756 et
959 2714 1112 2770 foedae
1152 2715 1422 2757 adulationes
1458 2720 1750 2770 perayuntur,
1794 2714 1910 2756 inter
1947 2724 2055 2769 quae

239 2782 454 2829 Thraseae
485 2798 610 2828 verus
641 2788 808 2828 animus
840 2792 879 2828 et
910 2799 1020 2829 roera
1052 2786 1249 2840 libertas,
1297 2786 1372 2828 sed
1402 2786 1566 2829 inutilis
1598 2787 1711 2845 (12).
1773 2786 1955 2829 Romam
1983 2799 2059 2826 re·-

233 2874 403 2916 9ressus
439 2859 557 2901 laeta
592 2867 633 2901 et
659 2867 859 2916 prompta
891 2862 1034 2902 omnia
1064 2860 1203 2903 habet.
1266 2858 1380 2902 Hinc
1406 2861 1609 2917 superbus
1642 2867 1680 2902 et
1705 2858 1868 2916 public-i
1897 2859 2063 2902 servitii

233 2933 370 2974 victor
403 2932 450 2973 in
483 2945 625 2974 omnes
657 2931 853 2974 libidines
884 2947 928 2975 se
961 2933 1178 2990 effundere
1210 2934 1359 2990 coepit,
1381 2946 1484 2988 quas
1508 2931 1619 2974 male
1653 2933 1862 2974 coercitas
1895 2931 2059 2987 qualis-

236 3015 410 3060 cumque
450 3005 602 3047 matris
643 3007 886 3048 reverentia
929 3006 1192 3049 tardaverat.
1274 3006 1366 3049 Iam
1399 3005 1615 3048 curriculo
1648 3003 1956 3062 quadrigarum
1988 3004 2060 3045 in.-

234 3079 383 3120 sistere
415 3085 454 3120 et
488 3088 645 3120 canere
679 3079 851 3121 cithara
892 3078 1088 3122 intendit.
1151 3079 1275 3122 Prius
1308 3091 1554 3122 concessum
1583 3092 1611 3120 a
1642 3078 1812 3120 Seneca
1843 3085 1882 3120 et
1903 3079 2058 3130 Burro,

235 3162 289 3190 ne
325 3154 547 3205 utrumque
581 3151 873 3206 pervinceret,
921 3157 959 3193 et
1005 3151 1195 3194 clausum
1231 3150 1344 3193 valle
1392 3150 1600 3194 Vaticano
1645 3151 1842 3206 spatium,
1890 3151 1937 3191 in
1980 3163 2057 3204 quo

237 3230 364 3275 equos
394 3229 585 3277 uqa-et,
618 3223 734 3265 haud
762 3225 1001 3280 promiscuo
1033 3223 1292 3281 spectaculo.
1355 3223 1441 3265 Sed
1472 3237 1570 3264 moa·
1596 3222 1776 3279 populus
1806 3221 1918 3264 ultro
1953 3235 2060 3264 con-

237 3299 429 3346 vocatur,
464 3295 737 3353 laudibusque
767 3296 929 3338 extollit
947 3298 1158 3352 principis
1189 3310 1337 3338 curam
1356 3302 1393 3338 et
1426 3304 1562 3338 artem
1584 3297 1812 3352 (13—14).
1882 3297 1941 3337 Ne
1974 3297 2060 3337 iam

233 3365 403 3422 publico
427 3366 592 3408 theatro
626 3367 990 3420 dehonestaretur,
1024 3366 1142 3411 ludos
1167 3369 1431 3411 Iuvenalium
1459 3371 1641 3412 instituit
1665 3370 1844 3421 Caesar,
1878 3370 1922 3410 in
1960 3382 2061 3423 quos

234 3439 397 3495 passim
427 3439 603 3480 nomina
634 3437 737 3481 (lata
769 3454 797 3481 a
827 3441 931 3482 viris
962 3441 1170 3496 nobilibus
1204 3430 1244 3483 et
1282 3442 1529 3494 honoratis,
1580 3448 1618 3483 et
1657 3441 1745 3498 ipse
1782 3443 1954 3483 scenam
1984 3443 2051 3484 in..

238 3514 364 3554 cessit
385 3518 567 3554 cantans
589 3513 784 3565 cithara;
816 3515 1047 3570 conscripti
1067 3515 1310 3570 Auqustani
1333 3513 1626 3557 collaudantes
1646 3515 1857 3571 principis
1875 3516 2061 3570 sormam

241 3592 279 3627 et
309 3595 452 3628 vocem
471 3586 580 3644 (15).
647 3585 794 3628 Etiam
828 3587 1065 3629 carminum
1096 3587 1278 3630 studium
1307 3589 1484 3645 affectat
1512 3595 1551 3629 et
1581 3588 1786 3629 scientiae
1818 3588 2058 3631 doctoribus

241 3668 412 3714 operam
444 3658 645 3716 impendit
673 3665 770 3716 post
809 3659 953 3716 epulas
986 3660 1095 3717 (16).
1181 3660 1432 3702 Discat-diae
1472 3661 1584 3702 inter
1617 3659 1789 3702 colonos
1822 3661 2059 3705 Nucerinos
