2248 4016
221 270 279 315 Vl
1003 270 1110 314 PRO
1117 269 1273 313 OEMu

390 415 557 456 Tacitus
590 420 684 456 arte
717 413 871 455 critica
903 411 1188 453 restituendus
1213 418 1253 453 et
1285 412 1501 453 restitutus
1535 426 1571 453 c.
1596 412 1786 455 32-35.
1852 411 1935 465 Qui
1963 413 2048 456 sint

218 487 447 544 locupletes
481 489 528 529 in
557 487 791 529 maioribus
822 486 956 527 Taciti
986 485 1181 541 operibus
1213 491 1335 526 testes
1367 492 1406 526 et
1438 485 1640 540 quomodo
1673 483 1906 526 adhibendi
1935 486 2048 543 (32).

219 561 287 605 De
324 562 574 602 coniectura
607 561 762 602 critica
795 560 908 616 (33).
990 558 1215 599 Editiones
1257 558 1444 599 omnium
1480 558 1614 599 Taciti
1642 571 1817 614 operum
1847 558 2050 612 antiquae

221 641 261 676 et
304 635 564 676 recentiores
609 635 718 692 (34).
812 631 1012 673 Delectus
1060 630 1367 687 opusculorum
1406 645 1435 672 a
1477 632 1582 673 viris
1629 631 1762 672 doctis
1813 630 1863 672 de
1906 631 2048 672 Tacito

221 708 562 764 conscriptorum
613 709 723 763 (35).
817 705 965 761 Siylae
1016 706 1063 747 in
1116 705 1466 760 annotationibus
1516 705 1619 746 meis
1657 710 1891 760 usurpatae
1932 705 2046 762 (36).

222 781 507 837 Corriqenda.

361 911 473 961 Vita
520 908 745 961 Cornelii
781 907 940 959 Taciti
998 906 1275 973 composita
1331 922 1359 957 a
1410 911 1584 958 vetere
1641 911 1849 960 auctore
1882 921 2095 975 nequel

219 1002 398 1054 relicta
452 1000 602 1051 nobis
640 1005 761 1081 est,³
802 1014 968 1064 neque
1009 1002 1318 1050 memoratur
1362 996 1415 1047 in
1451 997 1803 1049 monumentis·
1828 998 2046 1064 antiquis

221 1094 306 1159 qui
368 1093 501 1143 facta
557 1092 665 1142 eius
735 1095 784 1142 et
848 1105 1017 1142 mores
1088 1090 1293 1141 tradere
1343 1089 1564 1155 posteris
1627 1105 1904 1157 aggressus
1965 1090 2047 1141 sit.

220 1185 492 1238 Suetonius
540 1182 856 1248 Tranquillus
910 1182 961 1231 in
1013 1196 1105 1232 suo
1166 1181 1230 1231 de
1274 1180 1397 1231 viris
1449 1179 1726 1231 illustribus
1777 1180 1908 1231 libro
1946 1196 2050 1232 non

218 1275 346 1325 ultra
398 1274 606 1324 Plinium
677 1273 921 1324 maiorem
982 1272 1184 1323 videtur
1242 1286 1550 1338 progressus
1619 1287 1759 1323 esse:
1825 1273 2047 1323 Tacitum

221 1364 483 1431 aequalem
538 1379 710 1428 suum,
777 1380 922 1430 quem
974 1364 1024 1414 in
1064 1363 1181 1413 vitis
1222 1363 1494 1414 Caesarum
1550 1363 1778 1414 studiose
1826 1363 2050 1429 respexit

220 1456 312 1508 sed
371 1471 623 1522 nunquam
678 1456 989 1519 nominavit,
1051 1460 1189 1506 certe
1238 1455 1290 1504 in
1343 1455 1429 1505 illo
1487 1469 1642 1520 opere
1698 1455 1894 1506 minore
1945 1469 2048 1506 non

222 1547 514 1612 complexus
557 1552 648 1598 est.
724 1547 837 1612 Ipse
873 1545 1006 1596 haud
1048 1546 1200 1596 dubie
1236 1546 1287 1595 in
1324 1546 1659 1596 Historiarum
1695 1550 1745 1597 et
1778 1545 2047 1597 Annalium

219 1638 434 1706 integris
476 1638 621 1688 libris
655 1637 795 1703 plura
840 1637 903 1688 de
932 1652 988 1687 se
1028 1637 1233 1701 rettulit,
1273 1652 1401 1702 quae
1436 1637 1552 1700 iam,
1596 1652 1707 1688 cnm
1742 1637 1905 1687 maior
1931 1652 2048 1703 pars

218 1728 551 1792 interciderit,
598 1728 769 1794 ignota
812 1727 961 1778 nobis
999 1733 1114 1778 sunt
1150 1729 1258 1779 fere
1301 1729 1500 1792 omnia,
1547 1728 1638 1779 sed
1677 1729 1805 1794 apud
1848 1729 2048 1794 priores

220 1819 393 1887 magni
435 1819 699 1885 scriptoris
738 1819 888 1869 vitam
933 1819 1306 1884 quodammodo
1360 1833 1692 1884 compensare
1726 1819 2045 1886 videbantur.

223 1910 542 1976 Quapropter
591 1924 725 1960 nunc
768 1910 875 1960 eius
915 1910 1067 1961 vitam
1110 1911 1373 1976 scripturis
1413 1925 1514 1961 non
1553 1911 1650 1961 nisi
1700 1910 1802 1961 loci
1842 1911 2044 1977 quidam

219 2001 407 2068 passim
447 2001 664 2066 dispersi
723 2005 1020 2066 suppetunt,
1084 2000 1137 2051 in
1189 2001 1368 2066 quibus
1408 2006 1491 2052 aut
1542 2002 1649 2067 ipse
1701 2001 1764 2053 de
1817 2017 1874 2053 se
1933 2001 2051 2053 data

223 2092 501 2143 occasione
531 2091 582 2141 in
621 2107 828 2157 operum
859 2092 1087 2158 reliquiis
1116 2092 1357 2143 nonnulla
1390 2093 1631 2158 narravit,
1669 2097 1754 2144 aut
1789 2092 1875 2144 alii
1915 2091 2050 2144 aliud

221 2187 431 2248 agentes
469 2182 775 2233 mentionem
821 2183 928 2233 eius
964 2183 1262 2233 iniecerunt.
1339 2183 1399 2233 Hi
1440 2183 1539 2233 loci
1586 2198 1820 2251 magnam
1856 2188 2047 2249 partem

218 2273 318 2323 iam
352 2272 546 2338 pridem
591 2273 789 2324 collecti
829 2279 945 2331 sunt
985 2288 1012 2323 a
1053 2274 1177 2324 viris
1229 2274 1440 2325 eruditis
1497 2279 1545 2325 et
1595 2274 1658 2325 ad
1697 2275 1848 2325 vitam
1887 2274 2045 2330 Taciti

221 2377 422 2428 quoquo
475 2362 628 2413 modo
678 2363 1073 2415 adumbrandam
1128 2364 1367 2429 adhibiti,
1428 2364 1582 2415 veluti
1633 2380 1659 2415 a
1699 2364 1834 2415 lusto
1876 2365 2046 2431 Lipsio

223 2453 306 2518 qui
359 2452 411 2502 in
463 2450 635 2504 limine
690 2468 895 2518 operum
938 2454 1096 2505 Taciti
1152 2455 1356 2520 saepius
1406 2471 1433 2506 a
1478 2470 1535 2506 se
1591 2455 1840 2506 editorum
1894 2455 2046 2507 vitam

220 2543 444 2594 auctoris
496 2543 722 2595 breviter
769 2545 1023 2609 narravit,
1086 2562 1112 2596 a
1157 2546 1272 2597 Ger.
1316 2547 1505 2597 Ioanne
1544 2547 1730 2597 Vossio
1784 2547 1836 2596 in
1883 2547 2046 2613 primo

221 2638 293 2696 (c.
334 2634 428 2699 30)
463 2634 706 2685 librorum
749 2635 812 2687 de
853 2636 1122 2688 Historicis
1160 2638 1350 2689 Latinis
1390 2638 1667 2700 editorum,
1718 2653 1745 2688 a
1782 2638 1956 2689 Baelio
1995 2638 2047 2688 in

218 2723 536 2775 Dictionario
581 2725 758 2776 critico
803 2731 851 2776 et
887 2726 1150 2791 historiam
1194 2745 1220 2779 a
1252 2728 1486 2779 Gabriele
1520 2728 1752 2779 Broterio
1792 2728 2046 2794 (Brotier)

222 2814 306 2879 qui
342 2828 466 2865 suae
504 2815 714 2865 editioni
749 2820 809 2877 (t.
851 2817 870 2866 I
910 2832 957 2882 p.
995 2818 1204 2883 I—XV)
1249 2819 1723 2870 commentationem
1761 2818 1821 2868 de
1856 2818 1963 2869 vita
2000 2823 2050 2869 et

219 2903 428 2967 scriptis
454 2905 673 2955 Cornelii
704 2905 863 2955 Taciti
889 2909 1163 2971 praemisit.
1240 2909 1378 2969 Quos
1407 2915 1579 2960 nostra
1613 2910 1855 2960 memoria
1885 2910 2046 2961 secuti

220 2999 336 3045 sunt
376 2999 424 3044 et
460 2995 612 3044 Wilh.
645 2995 963 3059 Boetticher,
1009 2997 1161 3046 lexic-i
1208 2997 1396 3047 Tacitei
1433 2999 1694 3063 conditor,
1734 3005 1783 3050 et
1819 3001 2045 3051 nonnulli

220 3083 380 3135 Taciti
420 3084 660 3148 editoreS,
701 3090 755 3134 ut
797 3087 852 3138 G.
894 3086 1040 3137 Alex.
1082 3089 1306 3154 Ruperti,
1349 3089 1404 3139 G.
1443 3090 1597 3139 Henr.
1639 3089 1900 3154 Walther,
1942 3090 2043 3142 alii.

378 3174 572 3225 Gaius¹
623 3175 889 3227 Cornelius
946 3177 1177 3241 Tacitus,
1258 3179 1336 3227 cui
1406 3178 1455 3227 in
1510 3179 1764 3229 nonnullis
1826 3180 2094 3246 antiquis2

310 3300 347 3339 1.
394 3299 595 3341 Sidonius
638 3301 906 3355 Apollinaris
942 3303 1081 3357 Epist.
1171 3304 1315 3344 retulit
1373 3304 1548 3345 dicens.-
1619 3306 1727 3348 ‘cum
1782 3309 2042 3364 Vespasiano

215 3356 274 3397 lv
343 3359 396 3399 14
458 3358 651 3400 Polemio
717 3373 796 3401 suo
862 3363 1084 3404 scribens:
1170 3363 1275 3404 mihi
1298 3370 1414 3404 vetus
1438 3365 1643 3417 amicitia,
1679 3374 1717 3408 et
1738 3366 1836 3409 dum
1851 3370 2046 3423 privatus

220 3415 268 3457 0.
309 3415 498 3467 Tacitus,
530 3432 639 3459 unus
670 3434 690 3459 e
726 3421 958 3462 maioribus
989 3424 1085 3472 tuis,
1173 3429 1291 3474 esset,
1326 3424 1455 3463 antici
1488 3424 1758 3466 vocabamur‘
1794 3427 1929 3480 (apud
1958 3427 2042 3469 Τα-

223 3472 505 3529 Ulpianorum
546 3483 777 3532 temporum
829 3480 1085 3532 consularis,
1173 3482 1332 3522 citum:
1388 3496 1493 3537 erya
1565 3483 1870 3538 Vespasianum
1929 3494 2044 3528 vetus

215 3532 290 3573 sub
347 3534 487 3575 verbis
555 3537 791 3592 cuiuspiam
839 3539 1089 3580 Germanici
1170 3540 1276 3581 mihi
1305 3540 1603 3593 observantia3
1647 3550 1686 3583 et
1730 3557 1823 3584 cum
1849 3546 2044 3598 privatus

217 3589 336 3633 ducis
376 3593 424 3633 in
473 3593 656 3635 historia
698 3609 779 3636 sua
825 3595 900 3650 (fl.
938 3599 974 3639 V
1004 3598 1085 3652 26)
1172 3606 1292 3651 esset,
1326 3600 1458 3641 amici
1479 3600 1776 3656 vocabamur).
1838 3601 1955 3645 Idem
1982 3603 2043 3647 lv
