2280 4004
228 270 290 322 44
999 274 1071 319 AN
1077 272 1290 320 NALIVM

1805 289 1847 322 a.
1877 284 1923 322 u.
1953 275 2057 323 ⁷67.

230 417 598 474 intumescente
646 423 783 471 motu
831 419 1079 487 profugus
1134 423 1500 485 repertusque,
1556 422 1821 487 postquam
1868 421 2059 478 intutae

228 512 481 578 latebrae,
543 511 852 578 praesidium
895 511 957 562 ab
1007 511 1221 564 audacia
1256 515 1536 564 mutuatur:
1592 525 1696 562 non
1747 511 2058 578 praefectum

229 602 293 655 ab
332 603 424 668 iis,
489 603 582 655 sed
624 602 977 655 Germanicum
1018 602 1224 666 ducem,
1284 601 1378 653 sed
1413 601 1668 654 Tiberium
1703 602 2059 669 imperatorem
2115 594 2120 599 ’

228 693 427 749 violari.

502 693 657 747 Simul
697 693 951 745 exterritis
994 693 1076 759 qui
1104 693 1441 763 &obstiteranss
1480 699 1676 760 raptum
1714 694 1954 749 vexillum
1993 693 2090 748 ad*

190 786 388 852 sripam
421 786 588 851 vertit,
631 790 681 836 et
709 785 751 838 si
791 785 902 851 quis
925 767 1143 853 agmine
1166 784 1492 850 decessisset,
1522 799 1615 851 pro
1642 785 1908 839 desertore
1943 785 2057 842 fore

228 876 519 941 clamitanS,
566 876 769 929 reduxit
804 876 856 927 in
892 875 1105 930 hiberna
1141 875 1377 928 turbidos>
1411 881 1460 928 et
1494 876 1618 927 nihil
1662 891 1833 930 ausos·

365 969 563 1020 Interea
601 967 755 1035 legati
795 968 856 1019 ab
896 972 1074 1020 senatu
1097 982 1389 1036 regressum
1429 968 1529 1019 iam
1563 967 1695 1034 apud
1731 983 1869 1020 aram
1896 967 2143 1037 [mist-39

224 1076 334 1115 rum
368 1059 721 1112 Germanicum
764 1060 967 1112 adeunt.

1059 1060 1201 1112 Duae
1250 1060 1322 1118 ibi
1370 1060 1636 1127 legioneS,
1691 1059 1854 1126 prima
1907 1063 2058 1126 atque

225 1152 500 1218 vicesima,
562 1152 895 1218 veteranique
950 1167 1111 1218 nuper
1165 1151 1307 1204 missi
1360 1152 1454 1204 sub
1505 1151 1693 1204 vexillo
1750 1151 2056 1205 hiemabant.

163 1257 210 1297 ιο
225 1244 442 1296 Pavidos
478 1249 527 1295 et
564 1244 879 1295 conscientia
913 1243 1169 1295 vecordes
1207 1243 1360 1294 intrat
1400 1248 1580 1308 metuS,
1619 1243 1826 1295 venisse
1859 1247 2054 1309 patrum

225 1336 366 1389 iussu
418 1336 502 1403 qui
550 1335 702 1386 inrita
743 1335 972 1386 facerent
1010 1350 1139 1400 quae
1188 1350 1280 1400 per
1318 1334 1622 1387 seditionem
1678 1339 2053 1401 expresserant.

225 1428 386 1493 thue
438 1441 548 1478 mos
607 1426 762 1493 vulgo
812 1426 1041 1492 quamvis
1089 1425 1231 1477 falsis
1276 1438 1418 1476 reum
1474 1425 1724 1491 subdere,
1782 1425 2056 1479 Munatium

222 1519 461 1573 Plancum
509 1518 774 1571 consulatu
817 1518 1068 1582 sunctum,
1124 1517 1405 1583 principem
1442 1517 1742 1584 legationis,
1798 1522 2057 1571 auctorem

224 1614 430 1662 senatus
464 1609 683 1661 consulti
715 1610 949 1660 incusant
960 1627 973 1673 3
1014 1613 1062 1660 et
1086 1613 1237 1673 nocte
1268 1608 1519 1681 concubia
1542 1608 1784 1659 vexillum
1817 1594 1870 1659 in
1905 1608 2058 1660 domo

161 1714 208 1752 1⁵
225 1701 514 1754 Germanici
554 1701 701 1752 situm
740 1700 972 1768 flagitare
1011 1699 1295 1765 occipiunt,
1361 1713 1714 1765 concursuque
1757 1697 1822 1750 ad
1857 1699 2059 1754 ianuam

222 1793 360 1846 facto
415 1792 688 1844 moliuntur
743 1792 913 1857 fores,
983 1796 1263 1843 extractum
1322 1790 1475 1841 cubili
1526 1790 1798 1842 Caesarem
1854 1790 2057 1844 tradere

220 1886 459 1938 vexillum
495 1885 689 1936 intento
727 1884 904 1935 mortis
942 1889 1078 1936 metu
1128 1882 1385 1950 subigunt.

1458 1883 1578 1934 Mox
1626 1882 1747 1950 vagi
1797 1897 1891 1949 per
1943 1882 2056 1935 vias

222 1978 403 2030 obvios
434 1977 661 2029 habuere
700 1976 917 2043 legatOS,
961 1975 1130 2026 audita
1156 1973 1570 2025 consternatione
1610 1974 1675 2025 ad
1703 1973 2058 2026 Germanicum

223 2069 507 2121 tendentes,

338 2278 379 2320 4.
416 2280 647 2331 exterritis,
680 2290 767 2320 non
801 2278 1030 2332 deterritis,
1061 2279 1117 2321 M.

577 2338 618 2383 9.
655 2339 891 2380 vicensima
922 2342 975 2395 (n
1006 2343 1171 2394 puncto
1204 2342 1404 2395 notatur)
1438 2337 1493 2378 M.

219 2338 260 2382 7.
295 2343 397 2395 aput
428 2337 483 2380 M.

293 2503 464 2552 raptum
481 2496 681 2538 vexillum
701 2496 759 2538 ad
780 2498 920 2554 ripam
940 2497 1065 2539 vertit
1078 2511 1092 2538 .-

219 2570 274 2598 ne
306 2569 463 2612 agmen
495 2557 756 2599 subsisteret
795 2557 1094 2612 seditionique

218 2621 419 2668 vacaret,
470 2616 683 2658 vexillum
716 2616 934 2671 signifero
964 2616 1096 2657 dere-

217 2681 337 2730 ptum
370 2674 645 2717 occidentem
677 2687 831 2717 versus
871 2676 924 2718 ad
956 2676 1094 2729 ripam

217 2734 361 2777 Rheni
385 2736 534 2776 vertit.
644 2736 692 2776 in
716 2734 923 2777 hiberna.-
956 2735 1094 2777 intel-

218 2793 311 2850 lige
345 2801 486 2836 castra
526 2794 706 2850 quintae
750 2800 881 2849 atque
915 2794 1094 2836 unetvi-

219 2854 411 2895 cesimae
441 2854 666 2910 legionum
688 2854 922 2896 Veteribus
943 2853 1096 2896 hiber-

217 2914 415 2953 nantium
457 2916 521 2967 (c.
561 2913 659 2968 45).
763 2913 868 2954 Nam
917 2927 971 2955 ex
1012 2913 1097 2954 hoc

219 2971 405 3025 oppidO,
451 2984 538 3012 non
573 2985 627 3012 ex
660 2985 734 3013 ara
768 2971 1002 3023 Ubiorum,
1048 2974 1090 3012 in

218 3029 419 3072 Chaucos
462 3030 647 3084 profecti
692 3038 814 3071 erant
854 3031 1092 3083 vexillarii,

216 3091 304 3131 situ
323 3090 551 3146 regionum
572 3086 621 3131 id
642 3089 855 3132 suadente
890 3097 933 3131 et
965 3102 1092 3130 mon-

212 3155 398 3191 strante.

308 3206 413 3263 Cap.
436 3207 507 3250 39.
571 3206 686 3263 apud
718 3221 844 3249 aram
866 3206 1090 3248 Ubiorum.-

217 3268 292 3310 ubi
325 3267 498 3310 Tacitus
532 3265 644 3307 hanc
661 3279 776 3308 aram
807 3267 991 3321 positam
1013 3277 1093 3306 co-

219 3329 450 3383 gitaverit,
492 3326 536 3366 in
570 3327 738 3366 incerto
781 3339 878 3367 esse
922 3325 1091 3380 nequit,

221 3388 416 3440 quamvis
457 3399 480 3426 a
521 3386 627 3426 viris
678 3385 818 3426 doctis
860 3398 911 3426 ea
951 3383 1005 3424 de
1048 3398 1095 3426 re

219 3447 342 3485 varie
363 3446 606 3485 dubitatum
627 3446 696 3486 sit.
762 3444 942 3486 Scilicet
963 3444 1094 3496 paulo

221 3508 324 3544 ante
360 3508 422 3557 (c,
456 3504 536 3556 37)
581 3504 765 3545 eundem
801 3504 917 3544 hunc
952 3502 1095 3544 locum

224 3563 438 3603 civitatem
491 3560 690 3602 Ubiorum
733 3563 842 3603 dixit
885 3568 927 3604 et
969 3576 1006 3604 c.
1040 3563 1097 3605 36

227 3621 424 3677 oppidum
473 3619 695 3671 Ubiorum,
760 3621 942 3664 hiberna
1009 3627 1097 3663 tum

222 3682 387 3739 primae
451 3685 494 3721 et
556 3679 793 3721 vicesimae
855 3680 1096 3735 legionum,

583 2069 828 2136 Ingerunt
859 2066 1210 2131 contumelias,
1253 2065 1464 2117 caedem
1498 2069 1694 2132 parant,
1725 2065 1912 2117 Planco
1947 2080 2061 2117 ma-

1243 2279 1501 2320 obsisterant
1537 2277 1592 2318 M.
1705 2275 1747 2318 6.
1782 2275 1973 2333 tumidos
2001 2274 2057 2319 M.

1577 2336 1644 2379 10.
1678 2335 1911 2377 vaecordes
1940 2333 1996 2376 M.

1181 2509 1293 2552 quae
1326 2496 1411 2536 iam
1434 2494 1548 2550 apud
1571 2506 1697 2535 aram
1724 2491 1926 2534 Ubiorum
1957 2490 2058 2533 hie-

1179 2569 1297 2597 mare
1317 2554 1537 2596 dicuntur.
1596 2552 1715 2594 Idem
1736 2556 1882 2593 autem
1902 2550 1958 2593 da
1976 2549 2059 2593 hac

1181 2616 1352 2656 civitate
1387 2615 1483 2656 sive
1517 2611 1669 2669 oppido
1714 2612 1758 2652 in
1791 2610 1923 2652 rebus
1954 2611 2057 2652 anni

1180 2675 1237 2717 50
1277 2679 1375 2728 post
1408 2671 1510 2714 Chr.
1556 2677 1703 2713 narrat
1742 2669 1819 2711 ΧΠ
1850 2670 1931 2713 27:
1985 2669 2083 2717 secli.

1179 2732 1424 2789 Agrippina
1457 2730 1653 2788 (Claudii
1688 2729 1890 2771 Caesaris
1922 2719 2081 2785 uxor)'

1180 2817 1236 2824 --
1276 2793 1323 2833 in
1364 2792 1560 2848 oppidum
1611 2789 1836 2840 Ubiorum,
1881 2788 1929 2830 in
1978 2802 2058 2842 quo

1179 2852 1328 2907 qenita
1362 2858 1471 2904 erat,
1503 2857 1730 2892 veteranos
1763 2847 2059 2902 coloniamque

1182 2910 1335 2953 deduci
1354 2911 1568 2966 impetrat,
1601 2909 1671 2951 cui
1695 2921 1851 2950 nomen
1878 2906 2060 2948 inditum

1183 2985 1204 3012 e
1235 2970 1441 3012 vocabulo
1473 2970 1618 3026 ipsius.
1695 2965 1823 3009 Conf.
1857 2965 1954 3007 Xlll
1985 2966 2057 3018 57,

1182 3029 1254 3070 ubi
1315 3030 1465 3070 civitas
1514 3028 1715 3070 Ubiorum
1767 3032 1813 3068 et
1860 3025 2088 3069 conditae}

1181 3102 1319 3142 nuper
1350 3087 1547 3129 coloniae
1590 3085 1774 3126 moenia.
1838 3085 1958 3126 Haec
1990 3071 2087 3145 est}

1181 3146 1354 3188 colonia
1388 3145 1718 3202 Agrippinensis
1762 3143 1859 3184 sive
1893 3141 2057 3198 Aqrip..

1176 3206 1422 3262 pinensium
1454 3205 1530 3259 (li.
1564 3202 1582 3244 I
1616 3202 1695 3255 56,
1728 3200 1789 3242 IV
1821 3201 1879 3245 20
1911 3201 1968 3244 25
2001 3202 2058 3244 28

1181 3265 1237 3307 56
1269 3265 1338 3307 79.
1373 3263 1420 3305 G.
1446 3263 1544 3320 28),
1577 3262 1681 3303 olim
1711 3274 1796 3302 ara
1827 3259 1901 3302 vel
1933 3260 2058 3316 oppi-

1181 3324 1278 3365 dum
1315 3323 1541 3374 Ubiorum,
1581 3322 1682 3363 dein
1717 3319 1920 3370 colonia,
1970 3319 2055 3360 iam

1182 3383 1372 3423 omnium
1396 3382 1567 3422 urbium
1586 3393 1698 3436 quae
1720 3380 1763 3420 in
1779 3376 2054 3420 relieiRheni
2080 3400 2085 3434 Ι

1181 3444 1276 3495 ripa
1308 3447 1408 3482 sunt
1441 3447 1484 3483 et
1508 3441 1768 3496 antiquitate
1789 3436 1975 3491 insignis
2009 3442 2081 3477 et

1182 3502 1350 3543 divitiis
1411 3501 1692 3557 negotiisque
1754 3495 2053 3550 celeberrima.

1186 3561 1348 3602 Vetera
1373 3560 1474 3602 inde
1497 3559 1726 3613 sexaginta
1750 3552 1928 3594 milibus
1952 3565 2056 3606 pas-

1183 3633 1308 3661 suum
1355 3621 1436 3674 (12
1478 3617 1676 3660 miliariis
1717 3611 2053 3669 geographicis)

1185 3678 1424 3720 distabant:
1457 3675 1565 3719 145.
1630 3673 1727 3729 Ipsa
1754 3682 1829 3713 ara
1860 3670 1914 3712 ab
1934 3670 2054 3716 Ubiis
