2280 4004
174 1262 232 1299 ἐπι)

243 282 306 327 80
1010 283 1318 328 ‚ANNALIVM
1818 302 1858 333 a.
1891 296 1935 334 u.
1967 285 2070 334 768.

243 426 611 481 Resistentibus
648 426 833 478 aerarii
867 428 1188 492 praetoribus
1222 427 1457 480 subvenit
1499 428 1722 495 Caesar,
1756 428 2072 499 pretiumque

244 518 444 570 aedium
492 518 702 570 Aurelio
763 517 961 583 tribuit,
1040 519 1335 606 erogandae
1402 534 1495 608 per
1559 518 1794 572 honesta
1822 523 2071 588 pecuniae

245 610 483 681 cupiens3
537 624 684 675 quam
723 609 955 660 virtutem
1007 609 1092 660 diu
1107 600 1365 672 retinuit,
1423 626 1534 663 cum
1595 610 1793 664 ceteras
1836 618 2069 665 exueret.

241 701 502 766 Propertio
543 700 707 752 Celeri
751 699 1043 766 praetoriO,
1104 701 1308 775 {reniam
1357 702 1551 755 ordinis
1609 703 1674 754 ob
1726 708 2072 770 paupertatem

205 791 450 857 metenti,
482 791 655 842 decies
704 792 990 843 sestertium
1027 791 1240 859 largitus
1267 784 1360 857 est,
1400 793 1524 845 satis
1552 799 1811 860 comperto
1835 799 2071 861 paternas

222 884 291 934 -ei
327 883 587 950 angustias
635 898 767 935 esse.
842 884 1148 950 Temptantis
1197 884 1376 936 eadem
1429 884 1579 937 alios
1607 885 1853 951 probare
1867 889 2101 961 causam

96 955 107 964 ’
175 953 193 981 '
195 974 439 1057 senatui
475 974 651 1039 iussit,
711 974 947 1041 cupidine
984 975 1273 1027 severitatis
1311 976 1364 1026 in
1399 976 1463 1027 iis
1501 975 1656 1028 etiam
1687 991 1829 1043 quae
1850 960 1971 1028 rite
1987 957 2074 1028 Ia*

179 1036 383 1155 sceret
430 1066 664 1117 acerbus.
756 1066 901 1118 Unde
951 1067 1108 1118 ceteri
1159 1067 1435 1119 silentium
1467 1072 1516 1118 et
1562 1072 1906 1134 paupertatem
1942 1081 2075 1120 con-

196 1154 457 1210 sessioni
498 1162 546 1209 et
587 1157 838 1209 beneficio
875 1173 1921 1225 praeposuere..

383 1249 579 1301 Eodem
631 1265 764 1301 anno
826 1250 1077 1302 continuis
1145 1251 1390 1303 imbribus
1447 1256 1622 1304 auctus
1671 1203 1868 1302 Tiberis
1923 1250 2072 1317 plana
2089 1251 2159 1302 ⁷6

243 1339 384 1391 urbis
425 1344 779 1408 stagnaverat,
837 1339 1149 1392 relabentem
1184 1345 1358 1392 secuta
1396 1346 1475 1394 est
1510 1340 1856 1393 aedificiorum
1894 1345 1944 1392 et
1975 1339 2077 1390 ho-

244 1431 430 1482 minum
468 1436 685 1499 strages.
760 1432 918 1498 Igitur
959 1431 1156 1483 censuit
1194 1431 1403 1483 Asinius
1444 1431 1614 1483 Gallus
1654 1437 1713 1483 ut
1743 1431 1862 1483 libri
1902 1430 2076 1498 Sibyl-

243 1522 332 1573 lini
370 1523 645 1591 adirentur.
719 1523 903 1576 Renuit
939 1523 1199 1587 Tiberius,
1261 1523 1476 1588 perinde
1533 1522 1707 1576 divina
1758 1523 2074 1588 humanaque

246 1615 512 1681 obtegens.
587 1613 687 1667 Sed
741 1614 1022 1666 remedium
1077 1614 1352 1665 coercendi
1399 1614 1618 1666 fluminis
1651 1613 2075 1680 Ateio-Capitoni

182 1720 228 1756 15
245 1711 294 1758 et
320 1706 476 1757 Lucio
508 1705 752 1757 Arruntio
791 1705 1095 1757 mandatum.
1158 1705 1406 1757 Achaiam
1443 1722 1502 1757 ac
1529 1705 1881 1759 Macedoniam
1916 1719 2073 1757 onera

245 1797 564 1863 deprecantis
603 1797 763 1849 levari
800 1797 851 1847 in
891 1812 1135 1863 praesens
1182 1797 1540 1863 proconsulari
1578 1796 1791 1862 imperio
1841 1795 2075 1862 tradique

244 1887 451 1940 Caesari
483 1888 687 1954 placuit.
761 1888 986 1939 Edendis
1012 1888 1427 1954 gladiatoribus,
1472 1902 1598 1954 quos
1637 1886 1927 1942 Germanioi
1969 1886 2078 1939 sra-

244 1980 334 2031 tris
374 1996 435 2031 ac
471 1995 563 2032 suo
606 1979 811 2030 nomine
854 1979 1131 2044 obtulerat,
1188 1980 1381 2031 Drusus
1428 1978 1716 2046 praesedit,
1776 1977 2074 2044 quamquam

241 2071 329 2122 vili
368 2071 618 2138 sanguine
657 2071 806 2122 nimis
844 2070 1074 2138 gaudens
1095 2087 1109 2133 3
1166 2070 1301 2136 quod
1347 2071 1399 2120 in
1443 2069 1626 2138 vulgus
1666 2068 2073 2134 formidolosum,

360 2223 396 2263 1.
438 2221 733 2277 praetiumque
766 2221 820 2262 M.
909 2221 951 2263 3.
987 2227 1183 2262 exsueret
1212 2219 1267 2262 M.
1332 2218 1373 2263 6.
1410 2234 1543 2262 causa
1575 2218 1630 2262 Μ.
1724 2219 1764 2263 7.
1798 2218 1990 2276 cupidioe
2020 2217 2075 2262 M.

240 2279 293 2322 iis
320 2281 374 2322 Μ.
409 2293 496 2321 non
530 2281 610 2322 his.
684 2282 750 2324 12.
785 2279 976 2335 sybillini
1000 2280 1053 2321 M.
1124 2281 1191 2322 13.
1226 2281 1400 2320 rennuit
1434 2281 1577 2334 (prius
1606 2294 1635 2319 n
1657 2285 1822 2333 puncto
1856 2282 2075 2335 notatum)

242 2340 296 2382 M.
364 2325 432 2382 15.
470 2341 519 2381 L.
555 2340 608 2381 M.
671 2339 900 2381 acchaiam
935 2339 1079 2393 (prius
1115 2354 1137 2380 c
1169 2345 1331 2392 puncto
1364 2342 1583 2394 notatum)
1619 2338 1673 2380 M.
1753 2338 1822 2381 16.
1858 2339 2078 2395 depcantis

240 2412 337 2440 eum
371 2398 449 2441 lin.
483 2411 616 2454 super
640 2413 670 2454 p
706 2399 773 2454 (id
807 2404 873 2440 est
906 2398 1230 2455 depraecantis)
1263 2398 1318 2439 M.
1386 2398 1454 2440 18.
1486 2397 1705 2453 praesedit
1736 2396 2005 2440 Beroaldus.
2037 2394 2078 2439 M

234 2459 460 2516 praesidit.
558 2458 626 2504 19.
649 2459 696 2499 in
720 2457 869 2514 vulqus
900 2471 988 2514 mg.
1014 2458 1052 2500 M
1077 2457 1174 2514 (ubi
1198 2458 1433 2511 ascriptum
1468 2462 1534 2498 est
1563 2458 1611 2498 in
1630 2456 1898 2514 dumtaxat):
1929 2454 2080 2515 vulqus

240 2519 402 2560 omisso
435 2519 482 2559 in
514 2517 568 2560 M.

1205 2660 1334 2702 etiam
1352 2659 1508 2716 quibus
1531 2666 1738 2717 quaestor
1762 2660 1950 2715 eiusque
1964 2658 2080 2701 ecri-

1203 2720 1285 2761 bae
1325 2720 1597 2763 sustentandi
1646 2725 1789 2772 erant,
1846 2731 1897 2760 ea
1936 2718 2081 2760 omnia

1203 2781 1431 2834 provincia
1485 2779 1637 2821 debuit
1688 2790 1887 2835 erogare.
1957 2775 2081 2819 Nunc

1203 2852 1337 2892 vero,
1371 2852 1467 2880 cum
1497 2839 1666 2881 Achaia
1699 2838 1768 2894 (h.
1802 2850 1842 2878 e.
1875 2835 2078 2893 Graecia)

329 2663 498 2704 aerarii
547 2663 821 2719 praetoribus
843 2677 856 2704 .-
921 2661 1006 2704 duo
1064 2675 1118 2704 ex

241 2727 488 2776 praetorum
522 2735 704 2764 numero
739 2722 820 2764 hac
862 2727 1006 2763 aetate
1039 2735 1118 2763 ae-

240 2783 343 2823 rarii
365 2795 509 2823 curam
535 2782 763 2838 gerebant.
816 2780 914 2823 Vid.
936 2779 1030 2822 XIII
1046 2781 1116 2824 29.

238 2841 424 2884 vSueton.
449 2842 563 2897 Aug.
598 2842 670 2884 36.
705 2841 790 2883 Dio
822 2839 959 2887 L1112
982 2847 1025 2883 et
1044 2842 1116 2884 32.

329 2915 455 2954 quam
475 2902 670 2942 virtutem
695 2901 766 2941 diu
786 2901 961 2942 retinuit
978 2916 988 2941 :
1009 2900 1118 2942 Vel-

242 2958 355 3000 leius
388 2972 468 3001 suo
503 2972 622 3001 more
647 2959 812 3002 11129:
846 2968 1117 3001 senatorum-

229 3029 318 3073 'que
352 3032 537 3070 censum,
573 3033 666 3059 cum
698 3019 743 3059 id
770 3026 921 3059 senatu
942 3027 1117 3060 auctore

238 3080 387 3134 facere
417 3079 567 3134 potuit,
602 3091 727 3131 quam
758 3076 940 3118 libenter
969 3077 1117 3133 euple-

239 3144 326 3190 va,
374 3145 419 3179 ut
461 3151 596 3192 neque
634 3136 855 3179 ⁴luatur-iam
898 3138 1116 3189 invitaret,

240 3210 376 3251 neque
415 3197 636 3238 honestam
664 3202 962 3253 paupertatem
988 3203 1117 3252 pate-

238 3264 360 3298 retur
392 3256 599 3313 diynitate
633 3256 830 3298 destitui!

330 3314 435 3370 Cap.
471 3316 541 3358 76.
596 3316 740 3357 eodem
771 3329 909 3356 amco:
944 3313 1116 3356 accedit

240 3374 293 3414 ad
327 3375 456 3416 finem
488 3374 656 3416 annalis
692 3374 932 3427 curriculi3
976 3387 1018 3415 v.
1061 3373 1112 3414 ad

242 3445 337 3486 cap.
373 3434 443 3476 53.

329 3491 467 3533 levari
498 3495 544 3533 in
573 3507 780 3549 praesens
809 3490 1116 3548 proconsulari

239 3551 444 3606 imperio.-
490 3552 545 3592 ef.
588 3552 670 3592 Dio
704 3552 835 3593 LVIII
868 3553 938 3595 25.
1004 3549 1114 3602 Qui-

239 3609 321 3650 bus
335 3623 443 3664 opus
459 3616 550 3651 erat
563 3612 813 3664 proconsuli
840 3623 1113 3666 magnaeque

242 3670 542 3713 comitantium
594 3669 746 3712 turbae
789 3671 884 3713 sive
927 3670 1113 3722 cohorti,

1205 2905 1249 2940 et
1278 2898 1536 2941 Macedonia
1570 2897 1843 2953 propraetori
1888 2895 2081 2939 Moesiae

1203 2957 1477 3000 traderentur
1511 2960 1574 3012 (c.
1607 2957 1706 3015 80),
1743 2962 1785 2998 et
1818 2953 2081 3009 proconsule

1206 3023 1249 3058 et
1292 3023 1524 3072 quaestore
1565 3017 1694 3058 simul
1739 3015 1910 3058 levatae
1964 3019 2078 3056 sunt.

1205 3075 1440 3130 Utramque
1464 3077 1734 3128 provinciam
1748 3073 1956 3116 Claudius
1970 3087 2008 3114 a.
2024 3074 2083 3115 44

1203 3135 1377 3177 senatui
1419 3135 1625 3175 restituit.
1694 3133 1744 3174 V.
1779 3132 1863 3174 Dio
1902 3131 1975 3174 LX
2005 3133 2078 3174 24.

1205 3195 1384 3236 Sueton.
1404 3191 1556 3235 Claud.
1570 3193 1650 3236 25:
1670 3192 1919 3248 provincias
1928 3189 2082 3233 Acha-

1203 3255 1290 3294 iam
1323 3260 1362 3294 et
1394 3252 1718 3303 Macedoniam,
1752 3264 1857 3305 quas
1894 3249 2082 3292 Tiberius

1203 3313 1260 3354 ad
1292 3325 1441 3353 curam
1469 3326 1590 3353 suam
1621 3310 1916 3363 transtulerat,
1948 3320 2080 3351 sena-

1200 3373 1260 3413 tui
1292 3371 1489 3413 reddidit.

1287 3432 1413 3472 nimis
1436 3430 1656 3486 qaudens:
1689 3441 1731 3470 v.
1763 3441 1801 3469 c.
1819 3426 1903 3470 29:
1929 3437 2080 3481 prom·-

1195 3498 1312 3546 ptum
1343 3490 1400 3532 ad
1433 3491 1658 3545 asperiora
1687 3487 1904 3542 ingenium
1935 3483 2078 3524 Druso

1200 3557 1308 3592 erat.
1367 3549 1502 3591 Paulo
1535 3554 1636 3590 ante
1669 3547 1707 3586 si
1743 3545 1838 3599 quis
1868 3542 2079 3598 praes-‘dit

1200 3623 1295 3650 cum
1331 3609 1483 3650 codice
1498 3608 1537 3649 M
1562 3604 1754 3647 scribere
1778 3601 2077 3654 inclinaverit,

1197 3668 1330 3713 talem
1361 3670 1567 3724 impetum
1592 3661 1816 3706 cohibebit
1837 3659 2075 3707 admonitio
