2280 4004
138 1421 208 1471 42

219 266 254 321 ι’
276 266 325 314 o:
357 270 459 316 582

800 268 963 312 LIBER
995 267 1107 311 XIII.
1170 267 1277 312 Cn.
1309 267 1499 313 40—42.

1953 261 2041 317 15³

219 415 513 479 coopertum
553 410 935 478 fulguribusque
975 408 1247 461 discretum
1283 412 1375 474 est,
1402 412 1456 459 ut
1493 406 1635 475 quasi
1671 406 2042 464 infensantibus

221 504 331 556 deis
371 503 525 556 exitio
562 503 694 555 tradi
731 502 1041 554 crederetur.

1116 500 1192 553 Ob
1220 500 1349 551 haec
1387 499 1731 552 consalutatus
1767 499 2042 566 imperator-

220 596 386 659 Nero,
429 599 477 646 et
515 598 719 646 senatus
757 593 986 645 consulto
1027 591 1420 659 supplicationes
1458 591 1690 655 habitae3
1746 595 2043 657 statuaeque

223 692 272 739 et
310 701 458 738 arcus
498 690 547 738 et
585 685 811 736 continui
853 683 1145 737 consulatus
1193 683 1439 750 principi,
1496 687 1649 749 utque
1705 683 1836 734 inter
1885 681 2044 734 festos

221 779 500 830 referretur
537 777 646 829 dies
685 791 782 844 quo
822 781 1016 843 patrata
1052 775 1298 841 victoria,
1339 789 1437 842 quo
1473 775 1733 839 nuntiata,
1772 788 1870 840 quo
1906 773 2085 826 mla-⁸

222 873 323 920 tum
360 868 423 920 dc
461 884 520 919 ea
559 871 726 932 esset,
791 867 989 933 aliaque
1045 867 1098 918 in
1150 865 1362 918 eandem
1415 866 1629 917 formam
1684 865 2042 930 decernuntur,

226 957 356 1012 adeo
394 958 597 1010 modum
647 974 859 1026 egressa
909 964 964 1009 ut
1002 957 1155 1010 Gaius
1195 957 1401 1010 Cassius
1439 958 1503 1010 de
1543 957 1727 1009 ceteris
1765 956 2045 1011 honoribus

222 1051 497 1114 adsensuS‚
552 1049 598 1101 si
644 1064 734 1115 pro
779 1049 1094 1116 benignitate
1144 1049 1378 1100 fortunae
1431 1048 1510 1099 dis
1544 1052 1718 1115 grates
1754 1051 2045 1114 agerentur,

154 1149 160 1152 '
222 1157 287 1194 ne
317 1146 473 1192 totum
493 1140 706 1206 -quidem
744 1155 928 1192 annum
969 1139 1421 1206 supplicationibus
1458 1139 1694 1191 sufficere
1730 1138 2044 1204 disseruerit,

221 1247 385 1298 eoque
419 1237 656 1298 oportere
691 1231 849 1282 dividi
885 1246 1063 1283 sacros
1104 1235 1154 1282 et
1194 1230 1496 1298 negotiosos
1535 1229 1670 1295 dieS,
1727 1230 1839 1296 quis
1874 1228 2046 1282 divina
2064 1244 2114 1283 m

224 1323 450 1376 colerent
485 1328 534 1374 et
570 1323 788 1374 humana
824 1337 928 1374 non
969 1322 1287 1389 impedirent.

364 1414 532 1466 Variis
573 1414 759 1467 deinde
798 1414 1000 1466 casibus
1038 1414 1252 1465 iactatus
1291 1418 1340 1465 et
1376 1413 1643 1465 multorum
1684 1411 1801 1464 odia
1838 1411 2047 1464 meritus

223 1519 341 1558 reus
353 1543 366 1570 ‚

422 1505 556 1556 haud
609 1510 776 1557 tamen
831 1506 944 1557 sine
999 1505 1191 1557 invidia
1231 1505 1460 1558 Senecae
1510 1504 1789 1556 damnatur.

1865 1503 1912 1556 Is
1956 1503 2051 1555 fuit

222 1595 424 1648 Publius
461 1593 691 1661 Suillius,
744 1596 1062 1663 imperitante
1098 1595 1308 1648 Claudio
1346 1595 1588 1647 terribilis
1621 1611 1682 1646 ac
1719 1593 1946 1659 venaliS‚
1998 1598 2050 1647 et

222 1686 496 1739 mutatione
534 1692 811 1754 temporum
848 1703 951 1739 non
991 1692 1227 1755 quantum
1265 1687 1457 1738 inimici
1498 1691 1740 1754 cuperent
1777 1686 2114 1751 demissuS,15

223 1778 407 1845 quique
443 1794 501 1830 se
538 1785 807 1832 nocentem
838 1780 1003 1832 videri
1041 1794 1188 1846 quam
1226 1779 1501 1846 supplicem
1536 1778 1720 1830 mallet.

1795 1778 1917 1830 Eius
1954 1792 2050 1844 op-

220 1870 470 1938 primendi
500 1871 664 1938 gratia
692 1871 956 1938 repetitum
984 1871 1288 1923 credebatur
1311 1874 1518 1922 senatus
1547 1870 1828 1922 consultum
1854 1884 2053 1937 poena-

226 1977 322 2030 que
361 1963 567 2016 Cinciae
602 1962 735 2029 legis
771 1962 1042 2015 adversum
1078 1977 1168 2015 eos
1208 1962 1290 2028 qui
1327 1961 1490 2028 pretio
1533 1976 1713 2014 causas
1746 1961 2049 2014 oravissent.

346 2138 383 2179 1.
417 2136 734 2192 sul902·ibusque
765 2134 845 2178 Ma.

930 2136 1246 2191 infensantibus
1279 2136 1420 2179 dedeis
1454 2134 1535 2177 Ma.

1621 2137 1663 2180 2.
1700 2134 1940 2177 consolatus
1971 2134 2052 2189 Ma,

225 2195 469 2238 consulatus
496 2195 544 2248 G,
579 2195 840 2237 consultatus
872 2195 1044 2237 corrG:
1076 2198 1210 2238 tacite
1243 2195 1493 2237 emendavit
1508 2195 1761 2238 Rhenanus.
1823 2195 1923 2250 imp.
1957 2208 2053 2236 cum

225 2256 301 2297 lin.
338 2253 416 2297 Ma.

224 2317 488 2370 refereretur
526 2312 607 2356 Ma.

225 2374 309 2417 SC.
347 2387 444 2416 cum
476 2373 553 2415 lin.
585 2371 666 2415 Ma.

531 2256 572 2297 3.
611 2255 696 2297 Sc.
726 2268 823 2297 cum
854 2255 932 2297 lin.
966 2253 1048 2298 Ma.

701 2315 741 2358 7.
789 2314 838 2356 G.
872 2312 953 2356 Ma.

226 2556 313 2586 non
335 2547 517 2598 possunt
537 2540 760 2596 explicare
785 2544 968 2598 primum
985 2556 1100 2601 quo-

229 2602 355 2645 modo
389 2616 443 2645 ex
472 2609 593 2644 tenus
615 2601 778 2644 factum
797 2604 854 2645 sit
877 2604 1098 2656 hactenus,

225 2668 315 2704 tum
349 2675 426 2704 cur
457 2660 627 2705 Tacitus
669 2661 862 2705 adiicere
907 2663 1101 2706 voluerit

227 2722 340 2764 idem
393 2722 507 2776 quod
549 2722 693 2763 statim
740 2722 949 2778 subsequi
993 2723 1100 2764 fecit

229 2780 340 2836 quod
379 2781 594 2822 moenibus
645 2781 909 2836 cinqebatur.
975 2781 1100 2834 Quod

227 2841 343 2881 inest
378 2841 422 2880 in
454 2839 520 2880 Ma
551 2846 727 2881 actenus
770 2840 882 2882 nihil
916 2847 981 2882 est
1012 2842 1097 2881 nisi

228 2898 435 2939 hactenus
466 2898 672 2954 neglecta
704 2900 985 2952 aspiratione.
1031 2899 1097 2940 Ex

228 2958 427 3013 margine
461 2956 570 2998 haec
601 2957 838 2999 admonitio
870 2960 912 2999 in
933 2958 1097 3002 verbo-

230 3029 321 3056 rum
356 3021 607 3057 contextum
652 3021 696 3057 et
726 3017 874 3059 sedem
911 3018 1099 3060 alienam

231 3074 450 3130 migravit.
503 3074 566 3116 lbi
602 3080 648 3116 ut
681 3082 914 3130 constaret,
950 3090 1099 3119 corre-

234 3140 377 3174 ctores
398 3132 973 3189 libroruminterpolatorum
990 3149 1100 3192 quos

232 3195 275 3234 in
289 3193 514 3245 superiore
534 3195 815 3235 annotatione
831 3197 1099 3247 enumeravi,

233 3251 444 3293 dederunt
476 3258 588 3292 tecta
618 3251 849 3305 hactenus‚·
882 3255 947 3295 sic
975 3267 1100 3295 casus

232 3311 363 3365 priori
386 3322 426 3351 v.
449 3317 605 3351 cuncta
621 3312 927 3354 conveniebat.
989 3312 1101 3363 Quid

229 3370 499 3411 recentiores
519 3369 659 3411 critici
686 3372 953 3411 tentaverint
979 3374 1099 3425 (nam

232 3428 387 3470 inutile
442 3430 483 3469 in
543 3441 590 3469 rc
642 3428 873 3471 manifesta
931 3442 1099 3471 errores

233 3489 496 3544 exagitare),
531 3500 583 3528 ex
617 3488 721 3541 ipsis
744 3487 995 3529 discendum
1027 3502 1099 3529 rc-

233 3547 400 3602 anuO.

318 3607 638 3662 siclqteribusque
682 3608 928 3649 discretum:
976 3606 1017 3648 h.
1059 3620 1097 3648 e.

236 3675 260 3704 a
291 3671 436 3714 cetera
467 3667 649 3722 regione
689 3666 952 3710 distinctum.
1016 3664 1099 3713 Er,-

1162 2255 1304 2297 habite
1335 2255 1414 2297 Ma.

1046 2314 1088 2357 8.
1121 2317 1295 2370 fortune
1326 2313 1406 2356 Ma.

754 2387 951 2430 penuque
984 2374 1121 2416 cincie
1154 2372 1236 2417 Ma.

1525 2262 1692 2297 statuae
1725 2268 1802 2309 que
1834 2253 1915 2296 Ma.
2007 2255 2049 2297 5.

1516 2316 1582 2358 13.
1617 2328 1768 2356 senece
1801 2312 1880 2356 Ma.
1982 2314 2050 2359 17.

1345 2373 1413 2416 18.
1454 2373 1547 2432 pcto
1580 2372 1661 2416 Ma.

1185 2545 1352 2586 nestius
1386 2556 1473 2585 non
1504 2545 1619 2586 bene
1661 2547 1930 2599 comparavit
1961 2547 2054 2588 Ho..

1184 2605 1286 2645 ratii
1318 2602 1459 2646 Carm.
1495 2602 1513 2644 I
1545 2604 1684 2660 345:
1721 2604 1939 2661 Diespiter
1964 2606 2058 2661 iqni

1185 2677 1362 2705 corusco
1394 2663 1544 2704 nubila
1583 2663 1787 2705 dividens.
1854 2664 2056 2721 Fulyori-

1185 2723 1258 2764 bus
1292 2736 1346 2764 ex
1388 2721 1487 2765 GMa
1523 2728 1742 2764 enotatum
1780 2724 1847 2778 (in
1889 2723 1923 2766 G
1956 2738 1978 2765 o
2012 2725 2056 2768 in

1183 2786 1354 2838 rasura)
1390 2781 1491 2824 leve
1523 2782 1678 2823 vitium
1724 2782 1888 2824 librarii
1927 2783 2057 2826 vide..

1183 2847 1253 2882 tur
1285 2854 1398 2883 esse.

1269 2907 1464 2956 oportere
1498 2900 1630 2942 dividi
1659 2914 1807 2942 sacros
1855 2908 1893 2943 et
1922 2915 2058 2958 neqo-

1182 2960 1309 3002 tiosos
1341 2960 1457 3001 diest
1493 2960 1706 3002 eiusmodi
1731 2959 1824 3002 dies
1842 2961 2058 3017 intelligit

1184 3031 1291 3074 quos
1334 3025 1461 3062 vetus
1494 3025 1614 3060 aetas
1647 3019 1888 3073 appellavit
1916 3021 2056 3061 inter-

1185 3079 1318 3131 cisos3
1365 3079 1451 3120 vid.
1494 3078 1631 3119 Varro
1667 3078 1720 3119 de
1752 3078 1799 3119 L.
1834 3078 1880 3119 L.
1919 3078 1975 3119 VI
2010 3081 2053 3130 ς.

1184 3138 1268 3180 31:
1320 3137 1514 3178 intercisi
1566 3137 1654 3178 dies
1693 3144 1789 3178 sunt
1830 3150 1911 3191 per
1955 3150 2056 3191 quos

1185 3209 1310 3236 mane
1359 3203 1397 3237 et
1440 3196 1607 3251 vesperi
1656 3202 1715 3236 est
1759 3198 1883 3250 nefas
1933 3195 2055 3251 (lege

1186 3258 1355 3311 agere),
1384 3254 1518 3295 medio
1544 3260 1727 3309 tempore
1745 3254 1860 3295 inter
1875 3254 2057 3296 hostiam

1187 3326 1358 3353 caesam
1401 3320 1440 3353 et
1471 3319 1571 3353 exta
1596 3319 1801 3368 porrecta
1835 3315 1919 3368 fas.
1986 3313 2053 3355 Cf.

1186 3371 1374 3413 Macrob.
1408 3372 1578 3414 Saturn.
1612 3371 1629 3411 1
1664 3371 1731 3414 16.

1275 3430 1379 3484 Cap.
1406 3432 1478 3472 42.
1523 3444 1744 3486 poenaque
1778 3429 1957 3471 Cinciae
1988 3430 2052 3483 te-

1183 3491 1248 3544 9is
1282 3516 1334 3521 —
1369 3503 1522 3531 causas
1562 3491 1823 3531 oravissent.-
1865 3489 1930 3530 his
1973 3490 2052 3530 ad-

1186 3550 1312 3589 iectis
1345 3554 1520 3590 senatus
1539 3548 1784 3590 consultum
1808 3561 1895 3589 non
1915 3549 2051 3591 multo

1186 3614 1285 3650 ante
1321 3608 1480 3651 factum
1514 3611 1579 3664 (v.
1618 3621 1712 3664 cap.
1747 3609 1796 3665 5)
1845 3607 2052 3668 designa-

1188 3672 1268 3709 tur.
