2280 4004
212 279 304 322 300
975 277 1266 321 ANNALIVM
1787 291 1827 320 a.
1860 291 1904 322 u.
1935 276 2038 324 818.

209 422 342 475 vitae
379 437 502 475 suae
540 423 829 488 relinquere
863 426 1105 487 testatur,
1160 422 1303 474 cuius
1333 422 1377 474 si
1410 437 1661 475 memores
1701 427 1900 488 essent,
1941 423 2043 475 bo-

209 529 385 566 narum
423 514 600 565 artium
638 513 838 577 famam,
874 517 976 563 tum
1017 514 1294 564 constantis
1336 514 1589 566 amicitiae
1615 514 1824 566 laturos.
1877 513 2033 567 Simul

209 606 446 656 lacrimas
509 619 684 655 eorum
744 604 894 655 modo
949 619 1217 669 sermone,
1272 605 1425 656 modo
1467 605 1711 657 intentior
1749 606 1801 655 in
1838 605 2041 658 modum

211 695 527 760 coercentis,
583 695 646 746 ad
694 695 1050 748 firmitudinem
1083 702 1325 761 revocat,
1379 698 1610 764 rogitans
1643 697 1730 748 ubi
1765 700 2036 763 praecepta

171 786 517 852 ⁵sapientiae,
555 786 640 837 ubi
678 791 751 837 tot
787 802 878 852 per
912 802 1072 839 annos
1095 779 1351 839 *meditata
1389 788 1519 839 ratio
1559 789 1829 840 adversum
1868 787 2039 839 immi·
2097 836 2106 839 ,

207 878 379 930 nentia
395 882 422 929 ‘l
483 878 573 930 Cui
608 879 740 931 enim
778 879 1008 946 ignaram
1051 879 1210 931 fuisse
1247 880 1510 932 saevitiam
1545 879 1807 932 Neronis?
1865 880 2042 945 Neque

208 970 342 1022 aliud
381 986 652 1037 superesse
689 976 802 1037 post
838 976 1047 1023 matrem
1094 972 1401 1038 fratremque
1452 972 1751 1023 interfectos
1787 985 1935 1037 quam
1980 975 2035 1021 ut

211 1063 502 1114 educatoris
556 1063 1006 1129 praeceptorisque
1051 1078 1228 1115 necem
1275 1063 1518 1114 adiceret.
1590 1062 1683 1114 Ubi
1721 1062 1850 1114 haec
1886 1066 2037 1128 atque
2059 1065 2131 1113 63

207 1153 326 1204 talia
361 1154 497 1205 velut
531 1154 582 1204 in
610 1169 876 1205 commune
901 1154 1156 1218 disseruit,
1200 1154 1551 1220 complectitur
1573 1168 1804 1218 uxorem,
1842 1157 1892 1204 et
1916 1167 2045 1219 pau-

148 1261 195 1297 ιο
208 1245 359 1296 lulum
399 1245 645 1298 adversus
672 1252 991 1312 praesentem
1019 1246 1361 1297 fortitudinem
1385 1245 1602 1297 mollitus
1627 1249 1779 1312 rogat
1801 1248 2033 1311 oratque,

208 1342 514 1403 temperaret
556 1337 788 1388 dolorem
816 1343 1076 1389 aeternum
1100 1339 1379 1403 suscipere,
1419 1337 1512 1388 sed
1538 1337 1589 1386 in
1614 1335 2046 1401 contemplatione

207 1427 343 1479 vitae
380 1443 472 1494 per
504 1428 739 1479 virtutem
788 1434 933 1479 actae
989 1428 1298 1478 desiderium
1356 1427 1522 1478 mariti
1571 1426 1768 1478 solatiis
1817 1425 2045 1478 honestis

208 1518 466 1571 toleraret.
525 1519 612 1570 Illa
649 1524 825 1570 contra
863 1519 960 1570 sibi
1000 1534 1200 1585 quoque
1238 1519 1540 1571 destinatam
1579 1523 1792 1570 mortem
1825 1517 2048 1569 adseve-

207 1615 315 1675 rat,
371 1625 672 1677 manumque
722 1611 1044 1677 percussoris
1098 1611 1344 1677 exposcit.
1421 1610 1542 1660 Tum
1588 1609 1784 1662 Seneca
1838 1608 2039 1677 gloriae

149 1714 193 1750 ¹5
209 1702 316 1754 eius
354 1717 459 1753 non
492 1702 767 1767 adversuS,
818 1703 969 1754 simul
1006 1717 1210 1767 amore,
1261 1718 1326 1753 ne
1363 1701 1461 1754 sibi
1499 1701 1651 1753 unice
1703 1700 1940 1752 dilectam
1980 1699 2045 1751 ad

209 1794 419 1845 iniurias
455 1793 795 1860 relinqueret,
844 1791 1011 1845 ‘vitae’
1054 1794 1214 1860 inquit
1247 1791 1608 1844 ‘delenimenta
1641 1797 2048 1843 monstraveram

185 1885 327 1949 tibi,
387 1889 439 1935 tu
501 1885 676 1936 mortis
729 1885 884 1937 decus
932 1885 1108 1936 mavis.
1183 1885 1296 1936 Non
1348 1883 1588 1935 invidebo
1641 1882 1887 1948 exemplo.
1965 1881 2043 1936 Sit

207 1976 354 2028 huius
391 1981 491 2027 tam
522 1976 667 2027 fortis
701 1977 863 2028 exitus
904 1976 1188 2028 constantia
1212 1990 1370 2041 penes
1405 1980 1649 2041 utrosque
1685 1988 1793 2040 par,
1834 1972 2046 2025 claritu-

207 2068 340 2119 dinis
379 2068 488 2134 plus
524 2068 576 2118 in
613 2073 697 2119 tuo
735 2067 868 2119 fine.‘
937 2068 1055 2119 Post
1096 2082 1225 2133 quae
1262 2067 1444 2118 eodem
1497 2067 1600 2118 ictu
1652 2065 1864 2117 brachia
1902 2064 2041 2116 ferro

146 2182 194 2216 20
209 2160 462 2211 exolvunt.
532 2160 754 2224 Seneca,
796 2160 1033 2226 quoniam
1072 2159 1234 2211 senile
1283 2174 1465 2225 corpus
1505 2163 1553 2210 et
1587 2172 1744 2224 parco
1781 2157 1919 2207 victu
1956 2161 2039 2208 te-

209 2257 410 2303 nuatum
466 2252 600 2303 lenta
650 2240 839 2318 effugia
877 2251 1116 2318 sanguini
1155 2251 1460 2317 praebebat,
1503 2264 1703 2300 crurum
1750 2262 1950 2314 quoque
1989 2251 2040 2298 et

209 2343 449 2411 poplitum
488 2358 646 2395 venas
685 2343 947 2409 abrumpit.
1024 2343 1303 2409 Saevisque
1342 2341 1651 2393 cruciatibus
1681 2339 1932 2404 defessuS,
1974 2353 2039 2390 ne

1675 2496 1716 2538 3.
1753 2496 1930 2537 intetior
1968 2492 2048 2536 Ma.

1662 2555 1703 2599 9.
1737 2555 1849 2597 velut
1878 2555 1926 2596 in
1955 2553 2049 2596 Ma:

327 2499 370 2541 2.
416 2505 502 2539 tam
546 2497 668 2545 Giufi:
716 2511 947 2540 correxere
990 2498 1183 2540 Muretus
1227 2503 1269 2539 et
1313 2495 1553 2538 Acidalius.

211 2558 252 2599 5.
287 2557 556 2599 imminentia
588 2557 668 2600 Ma.
762 2560 802 2601 7.
838 2558 946 2599 aliut
978 2556 1057 2599 Ma.
1148 2564 1243 2612 post
1277 2556 1336 2598 G:
1370 2555 1435 2597 Ma
1468 2560 1567 2610 qud.

209 2617 256 2657 in
288 2615 376 2668 BR,
409 2617 521 2658 ultro
554 2619 601 2658 in
634 2617 667 2658 G
700 2623 743 2658 et
775 2617 891 2658 Harl.
989 2619 1056 2659 10.
1089 2617 1387 2670 fortitudinem
1419 2614 1510 2656 Ma:
1556 2614 1833 2669 formidinem
1861 2611 1975 2655 ABG
2005 2617 2050 2654 et

210 2674 329 2717 Harl.
367 2675 451 2718 les.
579 2678 645 2718 11.
679 2678 912 2730 susciperet
944 2674 1035 2717 Ma:
1071 2675 1260 2716 correxit
1300 2675 1333 2716 1.
1370 2673 1438 2715 Fr.
1480 2673 1740 2715 Gronovius.
1808 2672 1962 2725 dolori,
1995 2685 2049 2712 ne

217 2741 440 2776 aeternum
475 2738 708 2791 susciperet
739 2735 812 2776 AB
848 2741 890 2776 et
923 2734 957 2776 G
989 2735 1062 2790 qui
1095 2741 1238 2776 tamen
1273 2732 1476 2775 dolorem.
1570 2735 1638 2775 12.
1672 2739 1767 2773 acte
1799 2730 1880 2774 Ma.
1973 2744 2049 2772 so-

212 2793 338 2836 laciis
370 2793 450 2837 Ma.
542 2797 613 2839 20.
652 2808 788 2850 parco
829 2795 944 2836 victu
992 2792 1083 2835 Ma:
1124 2807 1260 2850 parvo
1293 2794 1382 2834 ictu
1414 2805 1438 2834 a
1470 2791 1663 2833 secunda
1696 2804 1826 2833 manu
1857 2790 2049 2846 antiquis

214 2853 373 2895 litteris
407 2854 630 2895 inductum
665 2868 762 2896 esse
792 2856 837 2895 in
860 2853 924 2895 Ma
958 2860 1131 2894 narrant
1163 2852 1358 2906 Ryckius
1394 2858 1438 2893 et
1467 2852 1552 2893 lac.
1580 2850 1842 2903 Gronovius,
1875 2849 1991 2891 unde
2011 2849 2051 2892 A

208 2927 343 2970 parvo
376 2915 464 2955 ictu
497 2921 715 2967 tentatum,
738 2913 809 2956 BG
826 2927 962 2970 parvo
996 2914 1123 2955 victu.
1189 2914 1260 2956 21.
1297 2912 1476 2968 effuqias
1508 2909 1586 2953 Ma.
1650 2912 1722 2954 22.
1754 2911 1946 2965 senisque
1967 2906 2048 2951 Ma.

324 3025 428 3082 Cap.
477 3027 550 3070 63.
609 3027 834 3084 paululum
884 3028 1088 3069 adversus

209 3094 478 3144 praesentem
533 3088 827 3142 fortitudinem
882 3087 1090 3129 mollitus:

214 3148 375 3189 frustra
417 3147 669 3188 waltherus
711 3148 922 3188 Senecam
963 3147 1090 3187 nimis

216 3213 259 3248 et
290 3219 421 3260 snpra
452 3219 623 3248 omnem
669 3207 762 3249 fere
797 3206 968 3247 modum
1004 3205 1090 3247 hu-

214 3279 387 3308 manum
434 3265 591 3308 fortem
647 3272 871 3308 asseverat
924 3266 1089 3318 dicens,

215 3326 363 3366 uxoris
415 3338 544 3366 causa
599 3333 755 3379 sponte
807 3327 994 3366 animum
1049 3331 1091 3366 et

214 3397 460 3426 sermonem
485 3385 745 3427 mollivisse.
804 3384 937 3426 Aliud
956 3384 1092 3426 verba

215 3444 349 3486 Taciti
383 3445 640 3495 continent:
692 3445 853 3499 quippe
895 3457 941 3485 re
987 3457 1090 3485 vcra

217 3503 411 3545 mollitus
446 3509 511 3544 est
536 3505 703 3545 Seneca
736 3503 813 3545 sed
848 3503 1088 3557 paululum,

218 3568 261 3602 ct
294 3563 592 3604 fortitudinem
616 3565 745 3604 etiam
775 3569 862 3603 tum
884 3563 1092 3603 sustinuit

219 3622 414 3676 quamvis
447 3621 722 3676 aliquatenus
752 3622 1005 3663 relaxatam.

305 3677 383 3720 illa
415 3686 567 3721 contra
607 3707 659 3715 ——
694 3679 943 3723 adseverat.-
984 3679 1090 3721 mira

1177 3033 1220 3068 et
1251 3025 1528 3068 incredibilia
1562 3038 1615 3066 ex
1634 3023 1777 3066 Dione
1797 3021 2050 3077 Xiphilinus

1176 3085 1289 3127 LXlI
1343 3086 1400 3129 25
1448 3083 1639 3139 profert,
1695 3084 1818 3139 quasi
1882 3082 2051 3125 Seneca

1177 3147 1411 3200 coniugem
1455 3144 1508 3186 ad
1554 3156 1826 3185 communem
1867 3147 2049 3183 mortem

1175 3204 1434 3259 impulisset.
1500 3202 1732 3244 Percussor
1779 3201 1855 3257 qui
1890 3201 2048 3246 istatim

1176 3263 1445 3318 appellatur,
1492 3268 1557 3303 est
1591 3261 1780 3303 Medicus
1819 3274 1844 3302 a
1874 3259 2050 3302 Nerone

1177 3324 1227 3365 ad
1263 3336 1396 3365 venas
1439 3321 1693 3364 incidendas
1734 3321 1913 3372 missus3
1958 3318 2048 3361 vid.

1177 3383 1289 3424 infra
1322 3382 1374 3423 ad
1407 3395 1443 3423 c.
1477 3381 1548 3424 69.
1671 3380 1815 3421 eodem
1839 3375 1966 3420 ictu.-
2003 3377 2046 3419 h.

1177 3456 1216 3484 e.
1252 3443 1377 3483 venis
1412 3441 1564 3482 eodem
1599 3441 1804 3494 temporis
1828 3442 2047 3480 momento

1177 3502 1407 3555 perruptis.
2057 3498 2063 3503 ’

1260 3575 1395 3616 parco
1432 3561 1572 3601 victu:
1607 3557 1724 3599 conf.
1763 3570 1800 3598 c.
1833 3556 1914 3598 45:
1951 3554 2047 3595 dum

1171 3619 1435 3675 persimplici
1464 3619 1577 3660 victu
1616 3642 1670 3648 -—
1711 3616 1842 3657 vitam
1876 3611 2044 3654 tolerat.

1262 3678 1543 3720 intervertere
1586 3672 1860 3732 supersedeo:
1880 3695 1884 3698 -
1903 3668 2051 3716 discas·
