2280 4004
230 325 272 366 α’
291 317 341 367 G.
372 320 445 367 62.
465 342 481 345 ·’
811 323 979 369 LIBER
1009 323 1122 370 XIV.
1187 323 1294 369 CAr.
1328 324 1518 370 54-57.
1966 328 2057 372 229

148 462 438 522 sosoi-tuna
481 463 761 518 antecellis.
836 464 1020 515 Verum
1070 467 1120 513 et
1157 463 1248 514 tibi
1284 463 1452 516 valida
1490 467 1659 529 aeta·S‚
1717 464 1974 531 rebusque
2010 470 2059 517 et

231 557 417 612 fructui
451 568 620 609 rerum
660 555 948 619 sufficiens,
1009 558 1058 606 et
1096 568 1189 605 nos
1244 554 1406 620 prima
1442 555 1638 621 imperii
1675 556 1835 622 spatia
1878 556 2059 623 ingre-

231 647 424 712 dimur,
483 647 582 699 nisi
622 647 754 698 forte
793 650 878 696 aut
914 650 965 697 te
1003 645 1206 697 Vitellio
1249 650 1328 696 ter
1365 645 1566 718 consuli
1604 651 1689 698 aut
1725 660 1805 698 me
1844 646 2054 700 Claudio

228 737 517 806 postponiS,
575 741 625 788 et
673 741 909 803 quantum
950 734 1160 787 Volusio
1213 735 1368 803 longa
1430 737 1740 802 parsimonia
1775 737 2054 804 quaesivit,

221 832 418 881 ⁴tantum
457 828 510 880 in
543 832 592 880 te
627 842 739 879 mea
777 825 1056 877 liberalitas
1093 825 1298 892 explere
1335 840 1438 877 non
1466 831 1660 893 potest:
1698 828 1835 894 quin,
1873 828 2096 894 siquas

227 919 282 972 in
330 923 473 986 parte
519 917 766 971 lubricum
817 917 1197 969 adolescentiae
1244 921 1452 968 nostrae
1504 917 1758 983 declinat,
1819 932 2054 983 revocaS,

228 1005 560 1077 ornatumque
599 1010 759 1061 robur
794 1007 1022 1060 subsidio
1068 1007 1344 1074 impensius
1378 1008 1536 1076 regis.
1610 1009 1724 1062 Non
1758 1013 1843 1061 tua
1875 1009 2057 1061 mode-

225 1101 384 1168 ratiO,
420 1101 465 1153 si
503 1099 795 1153 reddideris
834 1098 1128 1166 pecuniam,
1169 1113 1268 1151 nec
1301 1099 1476 1164 quieS,
1528 1099 1572 1151 si
1610 1099 1880 1166 reliqueris
1914 1100 2058 1167 prin-

227 1192 417 1259 cipem,
480 1190 574 1243 sed
620 1205 733 1242 mea
784 1189 1023 1253 avaritia,
1082 1203 1227 1240 meae
1288 1188 1601 1241 crudelitatis
1653 1195 1814 1242 metus
1862 1190 1916 1241 in
1967 1205 2058 1244 ore

226 1283 448 1336 omnium
483 1279 786 1334 versabitur.
861 1278 1057 1342 Quodsi
1089 1279 1307 1331 maxime
1339 1280 1650 1332 continentia
1686 1286 1769 1334 tua
1805 1281 2054 1347 laudetur,
2075 1306 2123 1342 ιο

225 1389 330 1428 non
366 1380 534 1426 tamen
566 1370 782 1438 sapienti
809 1372 922 1422 viro
958 1370 1201 1422 decorum
1235 1370 1404 1436 fuerit,
1432 1371 1569 1422 unde
1598 1371 1762 1423 amico
1798 1372 2057 1424 infamiam

224 1470 396 1534 paret,
448 1464 568 1516 inde
604 1462 823 1531 gloriam
860 1462 959 1514 sibi
996 1460 1263 1528 recipere.’
1335 1462 1424 1515 His
1464 1462 1620 1514 adicit
1656 1463 1970 1529 complexum
2009 1468 2058 1514 et

227 1556 420 1622 oscula,
460 1555 623 1608 faetus
661 1558 838 1605 natura
877 1558 926 1605 et
963 1553 1332 1605 consuetudine
1373 1553 1630 1605 exercitus
1668 1553 1843 1606 velare
1883 1553 2055 1605 odium

226 1646 491 1702 fallacibus
518 1645 795 1698 blanditiis.
869 1645 1083 1709 Seneca,
1115 1644 1199 1710 qui
1230 1643 1342 1696 finis
1371 1645 1593 1696 omnium
1622 1660 1733 1696 cum
1761 1644 2053 1696 dominante

225 1753 549 1802 sermonum,
602 1741 774 1805 grates
814 1735 943 1803 agit:
993 1735 1086 1787 sed
1124 1735 1348 1787 instituta
1386 1736 1574 1802 prioris
1611 1736 1868 1802 potentiae
1911 1750 2120 1789 com-¹⁵

226 1834 409 1896 mutat,
466 1828 703 1896 prohibet
740 1832 916 1880 coetus
968 1826 1316 1892 salutantium,
1371 1827 1498 1878 vitat
1540 1827 1856 1892 comitantis,
1907 1842 2054 1879 rarus

223 1938 317 1990 per
360 1921 564 1985 urbem,
629 1920 772 1986 quasi
818 1917 1110 1971 valetudine
1162 1918 1363 1971 infensa
1414 1923 1498 1970 aut
1548 1917 1829 1985 sapientiae
1871 1918 2051 1970 studiis

229 2013 366 2067 domi
401 2011 713 2064 attineretur.

140 2112 212 2164 57
365 2102 603 2156 Perculso
632 2102 827 2156 Seneca
854 2106 1134 2168 promptum
1161 2101 1254 2152 fuit
1279 2101 1461 2154 Rufum
1487 2101 1725 2153 Faenium
1759 2100 2056 2153 imminuere

346 2259 389 2302 2.
411 2258 499 2312 inp.
533 2255 613 2299 Ma.
677 2256 720 2299 4.
747 2263 786 2298 et
817 2255 1004 2298 Kritzius
1026 2261 1069 2297 et
1092 2254 1378 2297 Boetticher:
1413 2254 1589 2298 codices
1614 2255 1702 2308 secl,
1737 2258 1780 2297 et
1809 2256 1871 2297 ita
1902 2254 2055 2311 vulgo,

224 2322 387 2373 puncto
418 2317 561 2371 posito
594 2321 693 2371 post
721 2329 763 2358 v.
795 2316 1028 2371 postponis.
1136 2316 1314 2370 quesiuit
1345 2313 1425 2357 Ma.
1518 2316 1559 2358 5.
1593 2318 1651 2372 te]
1683 2329 1748 2356 me
1776 2313 1868 2357 Ma:
1904 2327 2056 2356 emen-

225 2378 371 2419 datum
403 2377 447 2417 in
470 2376 517 2418 G.
610 2375 850 2417 liberalitas
882 2374 941 2417 G:
975 2374 1150 2416 libertas
1169 2373 1250 2417 Ma.
1345 2375 1385 2417 7.
1420 2382 1699 2429 ornatumque
1729 2373 1795 2416 Ma
1827 2374 1971 2416 addita
2003 2373 2056 2414 ab

226 2436 314 2478 alia
342 2448 471 2476 manu
504 2435 589 2478 litt.
620 2436 638 2477 i
668 2447 764 2476 cum
796 2434 892 2487 lin.,
924 2434 1252 2489 inornatumque
1288 2433 1361 2475 BG
1395 2440 1438 2476 et
1470 2433 1759 2476 Oxonienses.
1851 2435 1940 2490 inp.
1972 2431 2053 2475 Ma.

225 2495 269 2538 8.
303 2495 492 2551 pecunia
525 2493 603 2536 Ma.
709 2493 777 2536 16.
823 2499 968 2535 caetus
993 2493 1073 2536 Ma.
1167 2493 1409 2536 comitantis
1438 2492 1519 2546 Ma,
1555 2493 1804 2535 comitantes
1837 2493 1885 2535 G.
1985 2493 2053 2535 17.

226 2553 469 2656 caletussiiipe
503 2551 593 2607 Ma,
629 2553 749 2596 valit.
785 2551 832 2596 G.
899 2552 966 2596 18.
1000 2552 1087 2596 adt.
1121 2551 1200 2595 Ma.
1270 2553 1338 2598 19.
1376 2553 1553 2596 Fenium
1582 2551 1674 2595 Ma:
1714 2551 1770 2597 ef.
1805 2552 1858 2595 ad
1894 2552 1947 2595 13
1978 2552 2051 2596 22.

226 2627 331 2656 mm.
435 2646 445 2655 .

229 2777 340 2821 sium
370 2779 583 2816 memorat
614 2778 662 2815 ut
693 2773 806 2816 nihil
837 2774 1097 2817 offensionis

230 2848 327 2878 esse
354 2834 571 2886 ostendat,
603 2835 640 2875 si
673 2834 870 2887 privatus
892 2834 1096 2890 ingentes

229 2907 336 2949 opes
356 2899 581 2935 assecutus
601 2894 671 2945 sit,
687 2892 798 2933 alius
816 2894 1095 2947 parsimonia,

229 2953 343 2996 alius
376 2951 529 2994 favore
551 2951 775 3006 principis.
841 2952 881 2994 ls
913 2957 1096 2993 senten..

228 3014 318 3054 tiae
357 3024 495 3054 nexus
542 3010 798 3053 obscuratur
830 3013 874 3055 in
915 3011 1097 3068 vulgata

225 3071 458 3129 postponis.
500 3070 588 3112 Sed
611 3077 827 3125 quantum.
863 3068 1094 3125 Corruptio

230 3130 392 3185 prodiit
414 3142 468 3171 ex
493 3130 791 3185 geminatione
817 3130 997 3172 ultimae
1018 3129 1096 3170 lit-

230 3196 352 3231 terae
407 3188 530 3230 verbi
577 3190 830 3243 postponis,
886 3194 933 3229 ut
979 3193 1096 3231 esset

232 3253 294 3291 set
325 3259 402 3302 pro
437 3254 489 3288 et.

322 3306 423 3361 quin
455 3331 510 3338 —
542 3307 769 3362 impensius
801 3307 939 3362 repis:
986 3306 1096 3347 haec

232 3366 383 3408 adiicit
441 3365 685 3418 respiciens
735 3366 880 3420 priora
929 3371 967 3406 et
1018 3379 1096 3406 nos

229 3426 372 3482 prima
422 3424 594 3480 imperii
634 3426 776 3479 spatia
815 3423 1095 3480 inyredimur.

230 3486 381 3540 ltaque
416 3495 491 3538 pro
524 3485 672 3537 puncti
690 3484 816 3540 signo
843 3484 967 3539 posui
1003 3495 1095 3524 eam

235 3544 577 3594 distinctionem,
597 3555 682 3597 qua
709 3542 924 3584 indicatur
942 3542 1097 3584 deesse

235 3604 446 3646 sermonis
472 3602 706 3643 membrum
735 3615 819 3658 quo
843 3614 1096 3657 praegressa

235 3663 350 3703 iuste
383 3661 704 3705 confirmentur.
763 3659 970 3703 ‘Ceterum
1002 3666 1098 3715 post

239 3720 339 3778 quin
369 3718 625 3777 particulam
658 3721 700 3762 in
725 3718 1098 3762 adhortationibus

1183 2787 1280 2817 cum
1343 2774 1582 2816 indicativo
1645 2773 1782 2816 verbo
1843 2774 2052 2828 iunctam,

1172 2830 1439 2888 'praesertim
1472 2834 1516 2874 in
1550 2834 1604 2874 iis
1639 2846 1751 2889 quae
1784 2839 1885 2874 sunt
1919 2834 2049 2888 paulo

1182 2893 1433 2950 longioreS‚
1482 2894 1655 2948 signum
1690 2893 2049 2950 interrogationis

1181 2965 1326 3008 neque
1386 2951 1471 2993 hoe
1521 2952 1621 2994 loco
1663 2965 1807 3008 neque
1858 2952 1903 2993 in
1951 2952 2049 2995 aliis

1180 3024 1346 3066 ponere
1387 3011 1536 3054 velim.
1600 3010 1707 3053 Nam
1748 3011 1816 3053 his
1848 3011 2047 3054 formulis

1181 3083 1439 3127 quamquam
1483 3071 1536 3112 ab
1583 3071 1710 3111 initio
1752 3071 2051 3127 interrogandi

1180 3131 1247 3171 vis
1280 3131 1443 3181 inerat,
1493 3143 1544 3170 ea
1585 3134 1729 3171 tamen
1774 3143 1855 3170 usu
1900 3130 2050 3185 quoti-

1181 3188 1309 3230 diano
1329 3190 1388 3229 ita
1416 3187 1666 3229 oblitterata
1699 3192 1779 3239 est,
1812 3175 2049 3229 ut'exhor-

1182 3247 1300 3288 tandi
1338 3250 1533 3300 potestas
1566 3248 1696 3287 unice
1730 3246 1914 3288 valeret.

1270 3305 1374 3359 Cap.
1410 3306 1479 3348 57.
1543 3307 1704 3360 Rufum
1730 3305 1934 3347 Faenium
1964 3307 2046 3346 im-

1179 3365 1395 3406 minuere:
1443 3364 1527 3404 hoe
1570 3365 1653 3405 iam
1698 3366 1873 3406 tertium
1907 3364 2048 3405 doen..

1181 3430 1372 3464 mentum
1403 3428 1468 3464 est
1495 3424 1588 3464 eius
1619 3424 1698 3475 rei,
1729 3436 1854 3478 quam
1875 3424 2047 3465 Tacitus

1182 3488 1282 3524 ante
1317 3486 1378 3537 (c.
1405 3482 1483 3539 51)
1520 3482 1719 3523 elocutus
1751 3488 1844 3534 est,
1889 3497 2047 3538 grave-

1183 3541 1392 3583 scentibus
1412 3542 1458 3582 in
1490 3540 1576 3582 dies
1595 3540 1774 3597 publicis
1797 3541 1923 3583 malis
1946 3542 2047 3584 sub-

1183 3601 1294 3642 sidia
1315 3600 1613 3642 minuebantur
1630 3614 1643 3640 .·
1679 3602 1859 3653 primum
1884 3603 2046 3657 quippe

1185 3659 1388 3702 attulerat
1437 3658 1561 3700 Burri
1612 3661 1802 3711 exitum,
1861 3659 2043 3711 alterum

1183 3718 1362 3767 fractam
1395 3717 1591 3762 Senecae
1623 3712 1877 3774 potentiam.
