2280 4004
2 47 126 120 pos».
183 53 324 134 (Δία.
339 91 380 118 ...3
462 40 515 102 ἕξ
1110 40 1157 100 ᾗ.
1239 36 1343 102 sfff}
1359 47 1434 99 ἶ»
1465 42 1524 97 θ’)...
1572 90 1582 99 ,,

566 70 636 110 {³²:⁹7
655 60 775 109 1232.st
815 80 870 111 bys
896 76 1035 103 first-⁴134„

578 115 592 135 ‘l
1018 116 1027 133 j

256 299 291 332 a·
314 284 362 331 C.
400 287 467 342 16.
846 282 1010 327 LIBER
1040 281 1093 326 11.
1157 280 1263 325 CAP.
1297 278 1489 325 36—38.
1990 274 2075 320 121

234 428 613 500 'concilianda-e
647 425 1039 496 ‘misericordiae
1092 422 1283 492 refero,
1366 419 1726 484 Adsequentur
1761 415 1975 467 florente
2009 416 2076 478 te,

258 500 464 585 Caesar,
487 500 631 585 *quos
672 518 877 569 dederis
916 517 1171 568 honores:
1211 511 1412 563 interim
1449 508 1619 572 Quinti
1657 505 1917 559 Hortensii
1951 519 2078 571 pro-

171 615 484 678 38nepotes,
522 610 626 660 divi
645 609 862 675 Augusti
901 608 1129 658 alumnos
1168 605 1230 656 ab
1270 603 1441 668 inopia
1481 597 1730 652 defende’.
1807 596 2074 649 Inclinatio

257 707 461 756 senatus
492 699 867 750 incitamentum
893 697 1095 748 Tiberio
1133 695 1225 746 fuit
1259 708 1357 760 quo
1388 691 1664 758 promptius
1695 688 2073 751 adversaretur,

255 793 334 846 his
379 792 537 842 ferme
571 789 743 840 verbis
781 802 930 839 usus:
969 783 1034 838 ‘si
1070 790 1307 852 quantum
1343 797 1617 850 pauperum
1655 784 1731 832 est
1769 779 1947 830 venire
1980 777 2118 833 hucs

257 890 306 937 et
349 882 522 949 liberis
575 880 679 932 suis
728 885 902 944 petere
946 878 1188 944 pecunias
1242 876 1536 941 coeperint,
1592 870 1778 939 singuli
1827 883 2078 935 nunquam

255 973 634 1035 exatiabuntur,
690 985 774 1021 res
807 969 1007 1036 publica
1049 968 1264 1019 deficiet.
1339 966 1446 1018 Nec
1482 980 1606 1015 sane
1646 963 1763 1014 ideo
1802 978 1830 1013 a
1868 960 2082 1012 maiori-

255 1059 348 1119 bus
389 1077 690 1115 concessum
725 1066 801 1113 est
837 1060 1016 1127 egredi
1064 1057 1335 1124 aliquando
1377 1055 1677 1124 relationem
1713 1058 1786 1117 et,
1843 1051 1977 1118 quod
2030 1051 2082 1102 in
2132 1052 2280 1130 “ms

255 1170 518 1209 commune
546 1153 813 1216 conducat,
840 1151 957 1202 loco
983 1150 1265 1201 sententiae
1295 1146 1545 1212 proferre,
1580 1149 1634 1194 ut
1655 1143 1851 1210 privata
1873 1141 2082 1208 negotia
2100 1155 2203 1210 gs..
2224 1135 2243 1146 “’
2263 1152 2280 1188 f

255 1251 304 1299 et
342 1259 426 1297 res
465 1243 739 1295 familiares
776 1246 979 1293 nostras
1016 1240 1100 1290 hic
1139 1250 1442 1306 augeamus,
1497 1250 1608 1286 cum
1644 1233 1835 1284 invidia
1873 1235 2079 1283 senatus
2100 1234 2280 1286 102³&u<

255 1332 320 1390 et'
352 1335 661 1402 principum,
724 1333 835 1385 sive
882 1331 1199 1382 indulserunt
1247 1329 1572 1396 largitionem
1624 1325 1733 1377 sive
1782 1323 2080 1374 abnuerunt.

253 1427 367 1480 Non
405 1426 537 1477 enim
581 1439 763 1491 preces
808 1428 924 1476 sunt
972 1421 1143 1486 istud,
1200 1420 1292 1472 sed
1342 1416 1676 1485 efflagitatio,
1733 1413 2085 1480 intempestiva

257 1517 457 1583 quidem
498 1521 547 1567 et
582 1515 870 1582 inprovisa,
936 1528 1046 1564 cum
1083 1512 1195 1563 aliis
1234 1511 1297 1561 de
1336 1510 1489 1561 rebus
1526 1505 1859 1559 convenerint
1895 1509 2083 1570 patreS‚

259 1621 573 1674 consurgere
624 1610 673 1657 et
723 1619 933 1656 numero
982 1608 1133 1669 atque
1180 1606 1344 1653 aetate
1392 1600 1605 1650 liberum
1652 1611 1858 1649 suorum
1897 1608 2086 1661 urgere

259 1697 559 1749 modestiam
600 1700 824 1759 senatuS,
865 1694 1078 1746 eandem
1113 1692 1215 1743 vim
1249 1693 1302 1741 in
1339 1707 1419 1742 me
1453 1688 1811 1751 transmittere,
1849 1701 1911 1737 ac
1947 1684 2152 1741 velutrs

256 1787 575 1854 perfringere
614 1786 892 1849 aerarium,
946 1783 1081 1850 quod
1131 1783 1176 1834 si
1215 1781 1490 1833 ambitione
1530 1777 1942 1839 exhauserimuS,
1995 1789 2088 1841 per

257 1878 455 1930 scelera
498 1875 827 1943 supplendum
867 1875 978 1926 erit.
1051 1874 1202 1925 Dedit
1238 1873 1345 1936 tihi,
1385 1871 1610 1935 Hortale,
1653 1869 1798 1921 divus
1827 1869 2087 1935 Augustus

258 1970 549 2035 pecuniam,
598 1967 690 2019 sed
725 1981 828 2018 non
870 1965 1229 2031 compellatus,
1284 1979 1381 2014 nec
1419 1978 1479 2013 ea
1517 1961 1633 2028 lege
1670 1965 1724 2011 ut
1762 1974 1962 2025 semper
1995 1958 2092 2009 da-

259 2064 413 2110 retur.
485 2060 805 2125 Languescet
841 2057 1029 2122 alioqui
1070 2055 1345 2118 industria,
1401 2053 1690 2128 intendetur
1738 2050 2007 2113 socordia,
2044 2048 2088 2100 si

260 2150 422 2202 nullus
460 2165 524 2201 ex
555 2164 612 2199 se
650 2153 810 2199 metus
847 2152 931 2198 aut
964 2161 1108 2213 spes3
1145 2150 1195 2197 et
1235 2144 1401 2196 securi
1442 2158 1618 2195 omnes
1657 2142 1822 2193 aliena
1862 2139 2150 2199 subsidiaaq

384 2305 420 2344 1.
455 2303 735 2357 absequentur
769 2302 823 2343 M.
916 2302 958 2343 2.
991 2301 1216 2356 interimq3
1249 2299 1474 2353 hortensq3
1508 2298 1574 2339 M:
1609 2297 1800 2339 correxit
1830 2294 2087 2337 Beroaldus.

260 2363 302 2405 4.
345 2361 493 2403 tiberio
542 2361 652 2415 quod
682 2363 872 2416 (comp.)
906 2362 990 2416 fuit
1022 2372 1072 2413 pr
1103 2359 1158 2401 M.
1276 2359 1493 2414 promcius
1524 2357 1579 2398 M.
1695 2356 1737 2399 6.
1767 2355 2003 2412 peccunias
2034 2354 2089 2396 M.

259 2434 484 2475 numquam
515 2421 570 2463 Μ.
634 2421 674 2462 7.
709 2435 795 2461 eoes.
829 2418 900 2461 Or.
962 2419 1005 2461 8.
1040 2418 1216 2474 egrencli
1247 2419 1302 2460 M.
1366 2418 1407 2460 9.
1442 2418 1615 2471 neyotia
1647 2423 1686 2457 et
1716 2429 1785 2456 res
1821 2415 1888 2457 M:
1921 2414 2094 2469 neqotia

260 2495 328 2521 res
369 2481 501 2521 tacite
534 2479 721 2533 LipsiuS.
847 2479 915 2520 11.
950 2478 1220 2519 indulserunt
1258 2477 1427 2519 editor:
1475 2475 1611 2531 vulgo
1648 2474 1922 2515 indulserint.
2011 2473 2091 2513 ab-

260 2545 445 2580 nuerunt
477 2541 528 2592 (u
559 2540 603 2579 in
627 2542 798 2593 rasura)
832 2537 887 2578 M.
955 2538 1021 2580 12.
1055 2538 1156 2578 istut
1185 2537 1239 2588 M,
1275 2535 1491 2590 quomodo
1525 2533 1646 2586 aliut,
1682 2533 1847 2588 aliquit,
1881 2538 1983 2587 aput
2006 2538 2091 2573 cet.

266 2598 331 2640 15.
366 2597 620 2639 transmerei
639 2597 706 2639 M:
739 2597 928 2638 correxit
948 2595 1181 2650 Gryphius.
1266 2591 1333 2637 16.
1368 2594 1639 2636 ambitionem
1661 2593 1716 2634 M.
1783 2591 1850 2634 18.
1886 2605 2009 2646 conp.
2038 2591 2092 2633 M.

262 2730 453 2771 virorum
498 2729 655 2771 litteris
709 2735 838 2786 atque
880 2729 1133 2786 eloquentia

263 2790 603 2842 praestantium:
639 2788 694 2831 cf.
730 2803 767 2830 c.
799 2788 857 2831 83
888 2794 931 2830 et
964 2789 1017 2830 de
1047 2789 1133 2830 Pa-

1218 2743 1256 2770 a.
1291 2728 1403 2781 646,
1453 2729 1498 2769 in
1533 2728 1655 2769 cuius
1688 2725 1832 2767 locum
1876 2729 1974 2779 post
2016 2725 2095 2765 da-

1217 2789 1482 2829 mnationem
1524 2787 1738 2828 successit
1769 2785 1823 2827 M.
1887 2783 2095 2825 Aurelius

263 2846 425 2888 latinae
491 2846 641 2887 domus
710 2846 982 2889 bibliotheca
1045 2853 1132 2888 tam

266 2904 427 2945 Graeca
460 2917 585 2959 quam
615 2904 764 2946 Latina
798 2905 977 2947 Sueton.
1016 2906 1130 2961 Aug.

265 2963 335 3006 29.
369 2961 452 3003 Dio
478 2962 565 3003 L111
587 2964 625 3004 1.
658 2962 828 3004 Becker
852 2963 1130 3006 inEnchirid.

265 3021 316 3062 Α.
351 3021 400 3062 R.
435 3026 464 3062 t.
498 3020 514 3061 l
547 3034 587 3075 p.
621 3021 722 3064 426.

353 3086 410 3120 tot
446 3080 724 3121 dictatorum.-
760 3078 1015 3136 ‘vaniloqua
1051 3082 1133 3123 ho-

266 3139 392 3178 minis
440 3139 579 3179 oratio
622 3144 665 3180 et
711 3138 836 3181 falsa.
902 3140 978 3182 Ubi
1019 3142 1132 3182 enim

267 3197 337 3236 isti
393 3203 455 3237 tot
506 3197 708 3239 consules
754 3204 818 3239 tot
862 3198 1136 3240 dictatores?

269 3253 397 3295 Certe
422 3268 505 3310 ego
530 3256 573 3295 in
595 3255 827 3298 Hortensia
854 3264 986 3312 gente
1004 3271 1135 3298 unum

268 3312 520 3353 dictatorem
580 3315 752 3366 reperio
818 3321 860 3355 et
913 3315 1136 3357 consulem

268 3383 423 3422 unum,
475 3370 730 3412 dictatorem
777 3385 816 3414 a.
851 3385 894 3415 u.
936 3374 1019 3416 467
1063 3386 1136 3413 se-

269 3431 471 3470 cessione
505 3429 661 3483 plebis,
699 3431 922 3472 consulem
952 3431 1001 3482 Q.
1024 3432 1136 3472 Hor-

267 3489 469 3539 tensium,
493 3487 620 3529 huius
638 3501 779 3530 avum.
815 3488 898 3529 Sed
917 3489 1138 3544 intellegit

268 3547 453 3589 fortasse
508 3548 693 3589 maiores
754 3559 856 3588 suos
909 3549 1038 3589 etiam
1085 3560 1137 3589 ex

269 3611 402 3662 gente
432 3606 652 3649 materna'.
712 3606 903 3648 stms.
967 3606 1137 3650 Oblitus

271 3671 335 3707 est
351 3664 522 3720 Lipsius
538 3664 585 3708 L.
601 3665 876 3708 Hortensium
913 3665 1136 3709 consulem

1219 2846 1422 2889 Scaurus.

1307 2902 1412 2959 Cap.
1431 2905 1503 2948 38.
1549 2905 1636 2946 sive
1655 2903 1926 2945 indulserunt
1957 2902 2097 2957 larqi-

1217 2965 1372 3005 tionem
1388 2965 1474 3006 sive
1496 2964 1735 3005 abnuerunt
1748 2977 1761 3003 .·
1786 2963 1829 3003 in
1843 2961 2097 3016 posterioris

1218 3023 1340 3064 verbi
1382 3023 1521 3064 forma
1572 3027 1749 3065 secutus
1802 3035 1895 3063 sum
1939 3021 2096 3062 librum

1219 3082 1476 3134 Medicam,
1504 3083 1547 3123 in
1568 3082 1706 3123 altero
1732 3080 1773 3122 id
1795 3080 1899 3121 mihi
1914 3081 2093 3133 sumpsi,

1220 3147 1265 3180 ut
1294 3154 1370 3194 pro
1396 3140 1652 3182 indulserint
1685 3139 1920 3180 scriberem
1949 3137 2095 3178 indul-

1219 3207 1380 3240 serunt.
1446 3198 1590 3254 Vulgo
1613 3200 1698 3239 sive
1719 3197 1975 3238 indulserint
2000 3195 2096 3236 lar-

1220 3259 1422 3311 qitionem
1463 3258 1549 3297 sive
1592 3256 1837 3297 abnuerint.
1906 3254 2027 3305 Quae
2060 3256 2095 3295 si

1222 3327 1299 3368 pro
1325 3315 1508 3369 perfecti
1536 3315 1743 3367 temporis
1763 3319 1805 3353 et
1828 3312 2094 3354 subiunctivi

1228 3373 1377 3413 formis
1388 3374 1594 3426 accipias,
1608 3385 1710 3413 usus
1725 3371 1902 3412 Latinae
1917 3371 2096 3427 linguae

1224 3438 1268 3471 et
1309 3431 1442 3472 Taciti
1487 3437 1702 3486 repugnat
1771 3430 1911 3485 (conf.
1967 3430 1984 3471 1
2025 3431 2094 3482 79,

1227 3488 1282 3530 VI
1313 3489 1341 3532 9
1374 3495 1416 3530 et
1452 3492 1528 3542 12,
1563 3489 1638 3530 ΧΠ
1669 3489 1753 3542 26,
1797 3488 1893 3532 XIV
1927 3489 1997 3532 59.
2042 3488 2093 3530 Π.

1224 3547 1345 3590 1178.
1370 3547 1417 3590 G.
1438 3549 1535 3606 34),
1569 3549 1637 3590 sin
1670 3548 1860 3590 futurum
1894 3553 2094 3589 exactum

1224 3619 1322 3650 esse
1339 3613 1592 3660 statuamus,
1614 3607 1728 3650 iusta
1745 3608 1953 3664 temporis
1974 3605 2094 3650 illius

1223 3667 1334 3710 ratio
1367 3665 1651 3710 desideratur.
