<?xml version="1.0" encoding="UTF-8"?>
<!DOCTYPE html PUBLIC "-//W3C//DTD XHTML 1.0 Transitional//EN"
    "http://www.w3.org/TR/xhtml1/DTD/xhtml1-transitional.dtd">
<html xmlns="http://www.w3.org/1999/xhtml" xml:lang="en" lang="en">
 <head>
  <title>
</title>
<meta http-equiv="Content-Type" content="text/html;charset=utf-8" />
  <meta name='ocr-system' content='tesseract 3.04.00' />
  <meta name='ocr-capabilities' content='ocr_page ocr_carea ocr_par ocr_line ocrx_word'/>
</head>
<body>
  <div class='ocr_page' id='page_1' title='image "./operaadcodicesan01taciuoft_0093.png"; bbox 0 0 2280 4004; ppageno 0'>
   <div class='ocr_carea' id='block_1_1' title="bbox 206 295 426 341">
    <p class='ocr_par' dir='ltr' id='par_1_1' title="bbox 206 295 426 341">
     <span class='ocr_line' id='line_1_1' title="bbox 206 295 426 341; baseline 0.005 -2"><span class='ocrx_word' id='word_1_1' title='bbox 206 306 238 339; x_wconf 79' lang='lat' dir='ltr'><strong>a</strong></span> <span class='ocrx_word' id='word_1_2' title='bbox 267 295 320 340; x_wconf 81' lang='grc' dir='ltr'><strong>Ο.</strong></span> <span class='ocrx_word' id='word_1_3' title='bbox 357 298 426 341; x_wconf 81' lang='grc'><strong>14.</strong></span> 
     </span>
    </p>
   </div>
   <div class='ocr_carea' id='block_1_2' title="bbox 837 293 2033 341">
    <p class='ocr_par' dir='ltr' id='par_1_2' title="bbox 837 293 2033 341">
     <span class='ocr_line' id='line_1_2' title="bbox 837 293 2033 341; baseline -0.003 -1"><span class='ocrx_word' id='word_1_4' title='bbox 837 296 1000 341; x_wconf 79' lang='lat' dir='ltr'><strong>LIBER</strong></span> <span class='ocrx_word' id='word_1_5' title='bbox 1029 295 1063 340; x_wconf 87' lang='lat'><strong>1.</strong></span> <span class='ocrx_word' id='word_1_6' title='bbox 1124 295 1232 339; x_wconf 58' lang='lat' dir='ltr'><strong>Car.</strong></span> <span class='ocrx_word' id='word_1_7' title='bbox 1266 295 1397 339; x_wconf 87' lang='lat'><strong>8—9.</strong></span> <span class='ocrx_word' id='word_1_8' title='bbox 1972 293 2033 338; x_wconf 73' lang='lat'><strong>15</strong></span> 
     </span>
    </p>
   </div>
   <div class='ocr_carea' id='block_1_3' title="bbox 162 437 2040 783">
    <p class='ocr_par' dir='ltr' id='par_1_3' title="bbox 162 437 2040 783">
     <span class='ocr_line' id='line_1_3' title="bbox 210 437 2035 507; baseline -0.004 -12"><span class='ocrx_word' id='word_1_9' title='bbox 210 442 399 496; x_wconf 85' lang='lat' dir='ltr'><strong>auxilio</strong></span> <span class='ocrx_word' id='word_1_10' title='bbox 437 442 636 495; x_wconf 87' lang='lat' dir='ltr'><strong>scilieet</strong></span> <span class='ocrx_word' id='word_1_11' title='bbox 660 439 863 495; x_wconf 86' lang='lat' dir='ltr'><strong>militari</strong></span> <span class='ocrx_word' id='word_1_12' title='bbox 899 440 1153 506; x_wconf 88' lang='lat' dir='ltr'><strong>tuendum,</strong></span> <span class='ocrx_word' id='word_1_13' title='bbox 1190 445 1245 491; x_wconf 91' lang='lat' dir='ltr'><strong>ut</strong></span> <span class='ocrx_word' id='word_1_14' title='bbox 1276 440 1530 507; x_wconf 74' lang='lat' dir='ltr'><strong>sepultura</strong></span> <span class='ocrx_word' id='word_1_15' title='bbox 1562 438 1669 491; x_wconf 92' lang='lat' dir='ltr'><strong>eius</strong></span> <span class='ocrx_word' id='word_1_16' title='bbox 1694 438 1861 505; x_wconf 85' lang='lat' dir='ltr'><strong>quieta</strong></span> <span class='ocrx_word' id='word_1_17' title='bbox 1886 437 2035 489; x_wconf 85' lang='lat' dir='ltr'><strong>foret.</strong></span> 
     </span>
     <span class='ocr_line' id='line_1_4' title="bbox 162 530 2039 602; baseline -0.005 -14"><span class='ocrx_word' id='word_1_18' title='bbox 162 535 396 588; x_wconf 82' lang='lat' dir='ltr'><strong>9Multus</strong></span> <span class='ocrx_word' id='word_1_19' title='bbox 433 535 551 586; x_wconf 89' lang='lat' dir='ltr'><strong>hinc</strong></span> <span class='ocrx_word' id='word_1_20' title='bbox 595 535 707 601; x_wconf 87' lang='lat' dir='ltr'><strong>ipso</strong></span> <span class='ocrx_word' id='word_1_21' title='bbox 746 534 810 585; x_wconf 91' lang='lat' dir='ltr'><strong>de</strong></span> <span class='ocrx_word' id='word_1_22' title='bbox 848 534 1079 602; x_wconf 82' lang='lat' dir='ltr'><strong>Augusto</strong></span> <span class='ocrx_word' id='word_1_23' title='bbox 1123 547 1323 597; x_wconf 86' lang='lat' dir='ltr'><strong>serm0,</strong></span> <span class='ocrx_word' id='word_1_24' title='bbox 1377 532 1634 600; x_wconf 82' lang='lat' dir='ltr'><strong>plerisque</strong></span> <span class='ocrx_word' id='word_1_25' title='bbox 1678 545 1809 582; x_wconf 85' lang='lat' dir='ltr'><strong>vana</strong></span> <span class='ocrx_word' id='word_1_26' title='bbox 1844 530 2039 581; x_wconf 87' lang='lat' dir='ltr'><strong>miran-</strong></span> 
     </span>
     <span class='ocr_line' id='line_1_5' title="bbox 215 622 2040 698; baseline -0.003 -20"><span class='ocrx_word' id='word_1_27' title='bbox 215 627 373 698; x_wconf 75' lang='lat' dir='ltr'><strong>tibus,</strong></span> <span class='ocrx_word' id='word_1_28' title='bbox 423 626 558 692; x_wconf 83' lang='lat' dir='ltr'><strong>quod</strong></span> <span class='ocrx_word' id='word_1_29' title='bbox 607 626 741 677; x_wconf 90' lang='lat' dir='ltr'><strong>idem</strong></span> <span class='ocrx_word' id='word_1_30' title='bbox 792 625 902 678; x_wconf 89' lang='lat' dir='ltr'><strong>dies</strong></span> <span class='ocrx_word' id='word_1_31' title='bbox 940 626 1133 691; x_wconf 86' lang='lat' dir='ltr'><strong>accepti</strong></span> <span class='ocrx_word' id='word_1_32' title='bbox 1174 625 1427 691; x_wconf 86' lang='lat' dir='ltr'><strong>quondam</strong></span> <span class='ocrx_word' id='word_1_33' title='bbox 1476 622 1671 691; x_wconf 88' lang='lat' dir='ltr'><strong>imperii</strong></span> <span class='ocrx_word' id='word_1_34' title='bbox 1707 622 1944 689; x_wconf 89' lang='lat' dir='ltr'><strong>princeps</strong></span> <span class='ocrx_word' id='word_1_35' title='bbox 1989 625 2040 693; x_wconf 83' lang='lat' dir='ltr'><strong>ct</strong></span> 
     </span>
     <span class='ocr_line' id='line_1_6' title="bbox 215 714 2036 783; baseline -0.004 -13"><span class='ocrx_word' id='word_1_36' title='bbox 215 719 351 770; x_wconf 84' lang='lat' dir='ltr'><strong>vitae</strong></span> <span class='ocrx_word' id='word_1_37' title='bbox 388 731 684 783; x_wconf 83' lang='lat' dir='ltr'><strong>supremus3</strong></span> <span class='ocrx_word' id='word_1_38' title='bbox 744 717 879 783; x_wconf 88' lang='lat' dir='ltr'><strong>quod</strong></span> <span class='ocrx_word' id='word_1_39' title='bbox 914 717 1074 770; x_wconf 89' lang='lat' dir='ltr'><strong>Nolae</strong></span> <span class='ocrx_word' id='word_1_40' title='bbox 1129 718 1181 767; x_wconf 86' lang='lat' dir='ltr'><strong>in</strong></span> <span class='ocrx_word' id='word_1_41' title='bbox 1233 717 1383 768; x_wconf 88' lang='lat' dir='ltr'><strong>domo</strong></span> <span class='ocrx_word' id='word_1_42' title='bbox 1438 721 1488 768; x_wconf 86' lang='lat' dir='ltr'><strong>et</strong></span> <span class='ocrx_word' id='word_1_43' title='bbox 1539 715 1772 766; x_wconf 87' lang='lat' dir='ltr'><strong>cubiculo</strong></span> <span class='ocrx_word' id='word_1_44' title='bbox 1831 714 1882 764; x_wconf 92' lang='lat' dir='ltr'><strong>in</strong></span> <span class='ocrx_word' id='word_1_45' title='bbox 1939 726 2036 779; x_wconf 87' lang='lat' dir='ltr'><strong>quo</strong></span> 
     </span>
    </p>
   </div>
   <div class='ocr_carea' id='block_1_4' title="bbox 217 806 1301 875">
    <p class='ocr_par' dir='ltr' id='par_1_4' title="bbox 217 806 1301 875">
     <span class='ocr_line' id='line_1_7' title="bbox 217 806 1301 875; baseline -0.001 -16"><span class='ocrx_word' id='word_1_46' title='bbox 217 813 364 875; x_wconf 73' lang='lat' dir='ltr'><strong>puter</strong></span> <span class='ocrx_word' id='word_1_47' title='bbox 399 808 507 859; x_wconf 88' lang='lat' dir='ltr'><strong>eius</strong></span> <span class='ocrx_word' id='word_1_48' title='bbox 547 806 787 860; x_wconf 81' lang='lat' dir='ltr'><strong>Octavius</strong></span> <span class='ocrx_word' id='word_1_49' title='bbox 835 808 989 859; x_wconf 85' lang='lat' dir='ltr'><strong>vitam</strong></span> <span class='ocrx_word' id='word_1_50' title='bbox 1038 807 1301 860; x_wconf 79' lang='lat' dir='ltr'><strong>linivisset.</strong></span> 
     </span>
    </p>
   </div>
   <div class='ocr_carea' id='block_1_5' title="bbox 1374 807 2079 859">
    <p class='ocr_par' dir='ltr' id='par_1_5' title="bbox 1374 807 2079 859">
     <span class='ocr_line' id='line_1_8' title="bbox 1374 807 2079 859; baseline -0.001 0"><span class='ocrx_word' id='word_1_51' title='bbox 1374 809 1620 859; x_wconf 82' lang='lat' dir='ltr'><strong>Numerus</strong></span> <span class='ocrx_word' id='word_1_52' title='bbox 1662 807 1811 858; x_wconf 87' lang='lat' dir='ltr'><strong>etiam</strong></span> <span class='ocrx_word' id='word_1_53' title='bbox 1847 816 2079 858; x_wconf 79' lang='lat' dir='ltr'><strong>consu-⁵</strong></span> 
     </span>
    </p>
   </div>
   <div class='ocr_carea' id='block_1_6' title="bbox 210 897 2044 1148">
    <p class='ocr_par' dir='ltr' id='par_1_6' title="bbox 210 897 2044 1148">
     <span class='ocr_line' id='line_1_9' title="bbox 225 897 2042 965; baseline -0.002 -15"><span class='ocrx_word' id='word_1_54' title='bbox 225 898 413 950; x_wconf 61' lang='lat' dir='ltr'><strong>{nauum</strong></span> <span class='ocrx_word' id='word_1_55' title='bbox 452 897 818 965; x_wconf 78' lang='lat' dir='ltr'>celebrabatur,</span> <span class='ocrx_word' id='word_1_56' title='bbox 859 913 956 965; x_wconf 89' lang='lat' dir='ltr'><strong>quo</strong></span> <span class='ocrx_word' id='word_1_57' title='bbox 993 898 1252 952; x_wconf 85' lang='lat' dir='ltr'><strong>Valerium</strong></span> <span class='ocrx_word' id='word_1_58' title='bbox 1284 898 1503 951; x_wconf 90' lang='lat' dir='ltr'><strong>Corvum</strong></span> <span class='ocrx_word' id='word_1_59' title='bbox 1542 903 1591 951; x_wconf 89' lang='lat' dir='ltr'><strong>et</strong></span> <span class='ocrx_word' id='word_1_60' title='bbox 1631 898 1806 950; x_wconf 87' lang='lat' dir='ltr'><strong>Gaium</strong></span> <span class='ocrx_word' id='word_1_61' title='bbox 1831 897 2042 950; x_wconf 87' lang='lat' dir='ltr'><strong>Marium</strong></span> 
     </span>
     <span class='ocr_line' id='line_1_10' title="bbox 210 989 2042 1058; baseline -0.002 -16"><span class='ocrx_word' id='word_1_62' title='bbox 210 989 365 1042; x_wconf 63' lang='lat' dir='ltr'><strong>‘simul</strong></span> <span class='ocrx_word' id='word_1_63' title='bbox 401 994 734 1056; x_wconf 78' lang='lat' dir='ltr'><strong>aequaverat3</strong></span> <span class='ocrx_word' id='word_1_64' title='bbox 787 991 1080 1042; x_wconf 88' lang='lat' dir='ltr'><strong>continuata</strong></span> <span class='ocrx_word' id='word_1_65' title='bbox 1130 1006 1222 1058; x_wconf 87' lang='lat' dir='ltr'><strong>per</strong></span> <span class='ocrx_word' id='word_1_66' title='bbox 1268 995 1462 1057; x_wconf 83' lang='lat' dir='ltr'><strong>septem</strong></span> <span class='ocrx_word' id='word_1_67' title='bbox 1519 994 1569 1042; x_wconf 90' lang='lat' dir='ltr'><strong>et</strong></span> <span class='ocrx_word' id='word_1_68' title='bbox 1615 990 1823 1057; x_wconf 83' lang='lat' dir='ltr'><strong>triginta</strong></span> <span class='ocrx_word' id='word_1_69' title='bbox 1881 1002 2042 1040; x_wconf 88' lang='lat' dir='ltr'><strong>annos</strong></span> 
     </span>
     <span class='ocr_line' id='line_1_11' title="bbox 217 1067 2044 1148; baseline -0.003 -13"><span class='ocrx_word' id='word_1_70' title='bbox 217 1081 486 1135; x_wconf 73' lang='lat' dir='ltr'><strong>tribunicia</strong></span> <span class='ocrx_word' id='word_1_71' title='bbox 536 1086 796 1148; x_wconf 81' lang='lat' dir='ltr'><strong>potestaS,</strong></span> <span class='ocrx_word' id='word_1_72' title='bbox 854 1067 1041 1134; x_wconf 83' lang='lat' dir='ltr'><strong>nomen</strong></span> <span class='ocrx_word' id='word_1_73' title='bbox 1093 1082 1414 1148; x_wconf 86' lang='lat' dir='ltr'><strong>imperatoris</strong></span> <span class='ocrx_word' id='word_1_74' title='bbox 1470 1081 1628 1133; x_wconf 89' lang='lat' dir='ltr'><strong>semel</strong></span> <span class='ocrx_word' id='word_1_75' title='bbox 1680 1086 1829 1147; x_wconf 86' lang='lat' dir='ltr'><strong>atque</strong></span> <span class='ocrx_word' id='word_1_76' title='bbox 1883 1079 2044 1130; x_wconf 86' lang='lat' dir='ltr'><strong>vicies</strong></span> 
     </span>
    </p>
   </div>
   <div class='ocr_carea' id='block_1_7' title="bbox 212 1171 1764 1332">
    <p class='ocr_par' dir='ltr' id='par_1_7' title="bbox 212 1171 1764 1332">
     <span class='ocr_line' id='line_1_12' title="bbox 212 1171 1708 1239; baseline 0 -16"><span class='ocrx_word' id='word_1_77' title='bbox 212 1177 437 1239; x_wconf 60' lang='lat' dir='ltr'><strong>fantum,</strong></span> <span class='ocrx_word' id='word_1_78' title='bbox 495 1171 696 1239; x_wconf 85' lang='lat' dir='ltr'><strong>aliaque</strong></span> <span class='ocrx_word' id='word_1_79' title='bbox 746 1171 996 1223; x_wconf 86' lang='lat' dir='ltr'><strong>honorum</strong></span> <span class='ocrx_word' id='word_1_80' title='bbox 1043 1171 1369 1238; x_wconf 86' lang='lat' dir='ltr'><strong>multiplicata</strong></span> <span class='ocrx_word' id='word_1_81' title='bbox 1424 1177 1508 1223; x_wconf 88' lang='lat' dir='ltr'><strong>aut</strong></span> <span class='ocrx_word' id='word_1_82' title='bbox 1555 1187 1708 1223; x_wconf 89' lang='lat' dir='ltr'><strong>nova.</strong></span> 
     </span>
     <span class='ocr_line' id='line_1_13' title="bbox 214 1263 1764 1332; baseline -0.002 -16"><span class='ocrx_word' id='word_1_83' title='bbox 214 1264 492 1331; x_wconf 71' lang='lat' dir='ltr'><strong>prudentes</strong></span> <span class='ocrx_word' id='word_1_84' title='bbox 527 1264 631 1315; x_wconf 89' lang='lat' dir='ltr'><strong>vita</strong></span> <span class='ocrx_word' id='word_1_85' title='bbox 666 1263 776 1316; x_wconf 81' lang='lat' dir='ltr'><strong>eius</strong></span> <span class='ocrx_word' id='word_1_86' title='bbox 813 1265 958 1316; x_wconf 85' lang='lat' dir='ltr'><strong>varie</strong></span> <span class='ocrx_word' id='word_1_87' title='bbox 1006 1263 1343 1316; x_wconf 79' lang='lat' dir='ltr'><strong>extollebatur</strong></span> <span class='ocrx_word' id='word_1_88' title='bbox 1377 1264 1764 1332; x_wconf 84' lang='lat' dir='ltr'><strong>arguebaturve.</strong></span> 
     </span>
    </p>
   </div>
   <div class='ocr_carea' id='block_1_8' title="bbox 1798 1169 2111 1329">
    <p class='ocr_par' dir='ltr' id='par_1_8' title="bbox 1798 1169 2111 1329">
     <span class='ocr_line' id='line_1_14' title="bbox 1798 1169 2044 1237; baseline -0.008 -15"><span class='ocrx_word' id='word_1_89' title='bbox 1798 1171 1865 1222; x_wconf 86' lang='lat' dir='ltr'><strong>At.</strong></span> <span class='ocrx_word' id='word_1_90' title='bbox 1912 1169 2044 1237; x_wconf 85' lang='lat' dir='ltr'><strong>apud</strong></span> 
     </span>
     <span class='ocr_line' id='line_1_15' title="bbox 1837 1263 2111 1329; baseline -0.015 -15"><span class='ocrx_word' id='word_1_91' title='bbox 1837 1264 1899 1314; x_wconf 90' lang='lat' dir='ltr'><strong>Hi</strong></span> <span class='ocrx_word' id='word_1_92' title='bbox 1933 1263 2111 1329; x_wconf 76' lang='lat' dir='ltr'><strong>pie-10</strong></span> 
     </span>
    </p>
   </div>
   <div class='ocr_carea' id='block_1_9' title="bbox 213 1355 2048 1514">
    <p class='ocr_par' dir='ltr' id='par_1_9' title="bbox 213 1355 2048 1514">
     <span class='ocr_line' id='line_1_16' title="bbox 213 1355 2046 1423; baseline -0.001 -16"><span class='ocrx_word' id='word_1_93' title='bbox 213 1355 318 1407; x_wconf 72' lang='lat' dir='ltr'><strong>tate</strong></span> <span class='ocrx_word' id='word_1_94' title='bbox 353 1369 479 1423; x_wconf 80' lang='lat' dir='ltr'><strong>erga</strong></span> <span class='ocrx_word' id='word_1_95' title='bbox 501 1360 761 1422; x_wconf 80' lang='lat' dir='ltr'><strong>parentem</strong></span> <span class='ocrx_word' id='word_1_96' title='bbox 796 1361 847 1408; x_wconf 86' lang='lat' dir='ltr'><strong>et</strong></span> <span class='ocrx_word' id='word_1_97' title='bbox 873 1356 1254 1408; x_wconf 87' lang='lat' dir='ltr'><strong>necessitudine</strong></span> <span class='ocrx_word' id='word_1_98' title='bbox 1278 1356 1354 1407; x_wconf 88' lang='lat' dir='ltr'><strong>rei</strong></span> <span class='ocrx_word' id='word_1_99' title='bbox 1381 1356 1631 1422; x_wconf 88' lang='lat' dir='ltr'><strong>publicae,</strong></span> <span class='ocrx_word' id='word_1_100' title='bbox 1673 1356 1724 1406; x_wconf 89' lang='lat' dir='ltr'><strong>in</strong></span> <span class='ocrx_word' id='word_1_101' title='bbox 1760 1370 1855 1422; x_wconf 87' lang='lat' dir='ltr'><strong>qua</strong></span> <span class='ocrx_word' id='word_1_102' title='bbox 1882 1355 2046 1406; x_wconf 88' lang='lat' dir='ltr'><strong>nullus</strong></span> 
     </span>
     <span class='ocr_line' id='line_1_17' title="bbox 216 1446 2048 1514; baseline 0.001 -17"><span class='ocrx_word' id='word_1_103' title='bbox 216 1451 335 1498; x_wconf 78' lang='lat' dir='ltr'><strong>tunc</strong></span> <span class='ocrx_word' id='word_1_104' title='bbox 370 1446 570 1514; x_wconf 70' lang='lat' dir='ltr'><strong>legibus</strong></span> <span class='ocrx_word' id='word_1_105' title='bbox 607 1446 769 1513; x_wconf 85' lang='lat' dir='ltr'><strong>locus,</strong></span> <span class='ocrx_word' id='word_1_106' title='bbox 807 1447 874 1499; x_wconf 89' lang='lat' dir='ltr'><strong>ad</strong></span> <span class='ocrx_word' id='word_1_107' title='bbox 912 1464 1051 1499; x_wconf 87' lang='lat' dir='ltr'><strong>arma</strong></span> <span class='ocrx_word' id='word_1_108' title='bbox 1087 1447 1255 1499; x_wconf 91' lang='lat' dir='ltr'><strong>civilia</strong></span> <span class='ocrx_word' id='word_1_109' title='bbox 1283 1452 1466 1513; x_wconf 87' lang='lat' dir='ltr'><strong>actum,</strong></span> <span class='ocrx_word' id='word_1_110' title='bbox 1508 1461 1637 1514; x_wconf 87' lang='lat' dir='ltr'><strong>quae</strong></span> <span class='ocrx_word' id='word_1_111' title='bbox 1675 1461 1840 1514; x_wconf 81' lang='lat' dir='ltr'><strong>neque</strong></span> <span class='ocrx_word' id='word_1_112' title='bbox 1876 1446 2048 1514; x_wconf 88' lang='lat' dir='ltr'><strong>parari</strong></span> 
     </span>
    </p>
   </div>
   <div class='ocr_carea' id='block_1_10' title="bbox 213 1538 1365 1605">
    <p class='ocr_par' dir='ltr' id='par_1_10' title="bbox 213 1538 1365 1605">
     <span class='ocr_line' id='line_1_18' title="bbox 213 1538 1365 1605; baseline -0.001 -15"><span class='ocrx_word' id='word_1_113' title='bbox 213 1543 425 1605; x_wconf 76' lang='lat' dir='ltr'><strong>possent</strong></span> <span class='ocrx_word' id='word_1_114' title='bbox 463 1551 630 1605; x_wconf 81' lang='lat' dir='ltr'><strong>neque</strong></span> <span class='ocrx_word' id='word_1_115' title='bbox 666 1538 845 1590; x_wconf 83' lang='lat' dir='ltr'><strong>haberi</strong></span> <span class='ocrx_word' id='word_1_116' title='bbox 880 1554 974 1605; x_wconf 92' lang='lat' dir='ltr'><strong>per</strong></span> <span class='ocrx_word' id='word_1_117' title='bbox 1007 1539 1172 1591; x_wconf 88' lang='lat' dir='ltr'><strong>bonas</strong></span> <span class='ocrx_word' id='word_1_118' title='bbox 1213 1543 1365 1590; x_wconf 88' lang='lat' dir='ltr'><strong>artes.</strong></span> 
     </span>
    </p>
   </div>
   <div class='ocr_carea' id='block_1_11' title="bbox 1436 1537 2046 1604">
    <p class='ocr_par' dir='ltr' id='par_1_11' title="bbox 1436 1537 2046 1604">
     <span class='ocr_line' id='line_1_19' title="bbox 1436 1537 2046 1604; baseline -0.003 -13"><span class='ocrx_word' id='word_1_119' title='bbox 1436 1537 1589 1591; x_wconf 84' lang='lat' dir='ltr'><strong>Multa</strong></span> <span class='ocrx_word' id='word_1_120' title='bbox 1626 1539 1885 1604; x_wconf 88' lang='lat' dir='ltr'><strong>Antonio,</strong></span> <span class='ocrx_word' id='word_1_121' title='bbox 1930 1538 2046 1589; x_wconf 89' lang='lat' dir='ltr'><strong>dum</strong></span> 
     </span>
    </p>
   </div>
   <div class='ocr_carea' id='block_1_12' title="bbox 213 1630 2112 1977">
    <p class='ocr_par' dir='ltr' id='par_1_12' title="bbox 213 1630 2112 1977">
     <span class='ocr_line' id='line_1_20' title="bbox 215 1630 2043 1697; baseline 0.001 -17"><span class='ocrx_word' id='word_1_122' title='bbox 215 1630 575 1683; x_wconf 79' lang='lat' dir='ltr'><strong>interfectores</strong></span> <span class='ocrx_word' id='word_1_123' title='bbox 631 1630 791 1697; x_wconf 87' lang='lat' dir='ltr'><strong>patris</strong></span> <span class='ocrx_word' id='word_1_124' title='bbox 845 1631 1208 1696; x_wconf 89' lang='lat' dir='ltr'><strong>ulcisceretur,</strong></span> <span class='ocrx_word' id='word_1_125' title='bbox 1259 1630 1412 1681; x_wconf 83' lang='lat' dir='ltr'><strong>multa</strong></span> <span class='ocrx_word' id='word_1_126' title='bbox 1454 1630 1645 1697; x_wconf 89' lang='lat' dir='ltr'><strong>Lepido</strong></span> <span class='ocrx_word' id='word_1_127' title='bbox 1705 1631 2043 1682; x_wconf 86' lang='lat' dir='ltr'><strong>concessisse.</strong></span> 
     </span>
     <span class='ocr_line' id='line_1_21' title="bbox 215 1720 2112 1788; baseline 0.001 -16"><span class='ocrx_word' id='word_1_128' title='bbox 215 1720 483 1787; x_wconf 68' lang='lat' dir='ltr'><strong>Postqmm</strong></span> <span class='ocrx_word' id='word_1_129' title='bbox 534 1721 618 1772; x_wconf 62' lang='lat' dir='ltr'><strong>haic</strong></span> <span class='ocrx_word' id='word_1_130' title='bbox 661 1721 903 1774; x_wconf 88' lang='lat' dir='ltr'><strong>socordia</strong></span> <span class='ocrx_word' id='word_1_131' title='bbox 957 1722 1212 1787; x_wconf 89' lang='lat' dir='ltr'><strong>senuerit,</strong></span> <span class='ocrx_word' id='word_1_132' title='bbox 1272 1722 1358 1773; x_wconf 91' lang='lat' dir='ltr'><strong>ille</strong></span> <span class='ocrx_word' id='word_1_133' title='bbox 1407 1737 1500 1788; x_wconf 87' lang='lat' dir='ltr'><strong>per</strong></span> <span class='ocrx_word' id='word_1_134' title='bbox 1551 1721 1790 1774; x_wconf 86' lang='lat' dir='ltr'><strong>libidines</strong></span> <span class='ocrx_word' id='word_1_135' title='bbox 1840 1737 2112 1788; x_wconf 58' lang='lat' dir='ltr'><strong>pessumis</strong></span> 
     </span>
     <span class='ocr_line' id='line_1_22' title="bbox 218 1812 2043 1880; baseline 0.002 -17"><span class='ocrx_word' id='word_1_136' title='bbox 218 1812 362 1864; x_wconf 88' lang='lat' dir='ltr'><strong>datus</strong></span> <span class='ocrx_word' id='word_1_137' title='bbox 393 1812 474 1877; x_wconf 91' lang='lat' dir='ltr'><strong>sit,</strong></span> <span class='ocrx_word' id='word_1_138' title='bbox 510 1827 614 1864; x_wconf 90' lang='lat' dir='ltr'><strong>non</strong></span> <span class='ocrx_word' id='word_1_139' title='bbox 641 1813 775 1864; x_wconf 90' lang='lat' dir='ltr'><strong>aliud</strong></span> <span class='ocrx_word' id='word_1_140' title='bbox 798 1813 1139 1866; x_wconf 89' lang='lat' dir='ltr'><strong>discordantis</strong></span> <span class='ocrx_word' id='word_1_141' title='bbox 1166 1813 1360 1880; x_wconf 82' lang='lat' dir='ltr'><strong>patriae</strong></span> <span class='ocrx_word' id='word_1_142' title='bbox 1385 1813 1664 1865; x_wconf 88' lang='lat' dir='ltr'><strong>remedium</strong></span> <span class='ocrx_word' id='word_1_143' title='bbox 1702 1813 1860 1865; x_wconf 84' lang='lat' dir='ltr'><strong>fuisse</strong></span> <span class='ocrx_word' id='word_1_144' title='bbox 1896 1826 2043 1879; x_wconf 81' lang='lat' dir='ltr'><strong>quam</strong></span> 
     </span>
     <span class='ocr_line' id='line_1_23' title="bbox 213 1899 2046 1977; baseline 0.001 -24"><span class='ocrx_word' id='word_1_145' title='bbox 213 1899 268 1954; x_wconf 86' lang='lat' dir='ltr'><strong>ut</strong></span> <span class='ocrx_word' id='word_1_146' title='bbox 309 1902 370 1953; x_wconf 88' lang='lat' dir='ltr'><strong>ab</strong></span> <span class='ocrx_word' id='word_1_147' title='bbox 405 1914 507 1955; x_wconf 89' lang='lat' dir='ltr'><strong>uno</strong></span> <span class='ocrx_word' id='word_1_148' title='bbox 543 1909 828 1971; x_wconf 86' lang='lat' dir='ltr'><strong>regeretur.</strong></span> <span class='ocrx_word' id='word_1_149' title='bbox 903 1900 1017 1956; x_wconf 89' lang='lat' dir='ltr'><strong>Non</strong></span> <span class='ocrx_word' id='word_1_150' title='bbox 1057 1909 1413 1977; x_wconf 65' lang='lat' dir='ltr'><strong>regnotamen</strong></span> <span class='ocrx_word' id='word_1_151' title='bbox 1446 1919 1612 1976; x_wconf 85' lang='lat' dir='ltr'><strong>neque</strong></span> <span class='ocrx_word' id='word_1_152' title='bbox 1651 1904 2046 1973; x_wconf 60' lang='lat' dir='ltr'><strong>dictatura„sed</strong></span> 
     </span>
    </p>
   </div>
   <div class='ocr_carea' id='block_1_13' title="bbox 1012 1968 1115 1980">
    <p class='ocr_par' dir='ltr' id='par_1_13' title="bbox 1012 1968 1115 1980">
     <span class='ocr_line' id='line_1_24' title="bbox 1012 1968 1115 1980; baseline 0 0"><span class='ocrx_word' id='word_1_153' title='bbox 1012 1968 1115 1980; x_wconf 42' lang='grc' dir='ltr'><strong>νάῃ-ἶ</strong></span> 
     </span>
    </p>
   </div>
   <div class='ocr_carea' id='block_1_14' title="bbox 213 1977 2048 2155">
    <p class='ocr_par' dir='ltr' id='par_1_14' title="bbox 213 1977 2048 2155">
     <span class='ocr_line' id='line_1_25' title="bbox 213 1977 2048 2074; baseline 0.005 -14"><span class='ocrx_word' id='word_1_154' title='bbox 213 1994 702 2074; x_wconf 50' lang='grc' dir='ltr'><strong>ρείᾳςξῐρέἕ..,.ῃριῑιῐμθ</strong></span> <span class='ocrx_word' id='word_1_155' title='bbox 742 1977 1062 2069; x_wconf 47' lang='lat' dir='ltr'><strong>centanam</strong></span> <span class='ocrx_word' id='word_1_156' title='bbox 1100 2012 1207 2067; x_wconf 68' lang='lat' dir='ltr'><strong>rem</strong></span> <span class='ocrx_word' id='word_1_157' title='bbox 1230 1996 1521 2070; x_wconf 39' lang='lat' dir='ltr'><strong>publiea&amp;</strong></span> <span class='ocrx_word' id='word_1_158' title='bbox 1559 1996 1686 2047; x_wconf 68' lang='lat' dir='ltr'><strong>mari</strong></span> <span class='ocrx_word' id='word_1_159' title='bbox 1718 1997 1924 2048; x_wconf 66' lang='lat' dir='ltr'><strong>Oceano</strong></span> <span class='ocrx_word' id='word_1_160' title='bbox 1963 2000 2048 2046; x_wconf 67' lang='lat' dir='ltr'><strong>aut</strong></span> 
     </span>
     <span class='ocr_line' id='line_1_26' title="bbox 215 2070 2044 2155; baseline 0.001 -18"><span class='ocrx_word' id='word_1_161' title='bbox 215 2071 448 2137; x_wconf 66' lang='lat' dir='ltr'><strong>amnibus</strong></span> <span class='ocrx_word' id='word_1_162' title='bbox 503 2070 796 2153; x_wconf 60' lang='lat' dir='ltr'><strong>longini-iuis</strong></span> <span class='ocrx_word' id='word_1_163' title='bbox 840 2091 1066 2154; x_wconf 87' lang='lat' dir='ltr'><strong>saeptum</strong></span> <span class='ocrx_word' id='word_1_164' title='bbox 1121 2088 1385 2154; x_wconf 86' lang='lat' dir='ltr'><strong>imperium</strong></span> <span class='ocrx_word' id='word_1_165' title='bbox 1399 2106 1412 2152; x_wconf 81' lang='lat'><em>3</em></span> <span class='ocrx_word' id='word_1_166' title='bbox 1472 2087 1704 2155; x_wconf 80' lang='lat' dir='ltr'><strong>legiones</strong></span> <span class='ocrx_word' id='word_1_167' title='bbox 1752 2088 2044 2153; x_wconf 80' lang='lat' dir='ltr'><strong>provincias</strong></span> 
     </span>
    </p>
   </div>
   <div class='ocr_carea' id='block_1_15' title="bbox 330 2180 2044 2268">
    <p class='ocr_par' dir='ltr' id='par_1_15' title="bbox 330 2180 2044 2268">
     <span class='ocr_line' id='line_1_27' title="bbox 330 2180 2044 2268; baseline 0.001 -16"><span class='ocrx_word' id='word_1_168' title='bbox 330 2210 372 2253; x_wconf 68' lang='lat'><strong>4.</strong></span> <span class='ocrx_word' id='word_1_169' title='bbox 484 2222 653 2252; x_wconf 74' lang='lat' dir='ltr'><strong>memus</strong></span> <span class='ocrx_word' id='word_1_170' title='bbox 683 2209 738 2254; x_wconf 81' lang='lat' dir='ltr'><strong>M.</strong></span> <span class='ocrx_word' id='word_1_171' title='bbox 803 2212 844 2255; x_wconf 88' lang='grc'><strong>5.</strong></span> <span class='ocrx_word' id='word_1_172' title='bbox 879 2212 1171 2254; x_wconf 76' lang='lat' dir='ltr'><strong>consolatuum</strong></span> <span class='ocrx_word' id='word_1_173' title='bbox 1201 2212 1270 2254; x_wconf 88' lang='lat' dir='ltr'><strong>M..</strong></span> <span class='ocrx_word' id='word_1_174' title='bbox 1311 2180 1316 2187; x_wconf 36' lang='grc' dir='ltr'><strong><em>Ι</em></strong></span> <span class='ocrx_word' id='word_1_175' title='bbox 1352 2212 1393 2255; x_wconf 89' lang='grc'><strong>6.</strong></span> <span class='ocrx_word' id='word_1_176' title='bbox 1430 2212 1478 2255; x_wconf 86' lang='lat' dir='ltr'><strong>C.</strong></span> <span class='ocrx_word' id='word_1_177' title='bbox 1504 2212 1559 2254; x_wconf 79' lang='lat' dir='ltr'><strong>M.</strong></span> <span class='ocrx_word' id='word_1_178' title='bbox 1621 2211 1664 2254; x_wconf 85' lang='lat'><strong>8.</strong></span> <span class='ocrx_word' id='word_1_179' title='bbox 1699 2212 1960 2268; x_wconf 73' lang='lat' dir='ltr'><strong>inperatoris</strong></span> <span class='ocrx_word' id='word_1_180' title='bbox 1989 2211 2044 2253; x_wconf 87' lang='lat' dir='ltr'><strong>M.</strong></span> 
     </span>
    </p>
   </div>
   <div class='ocr_carea' id='block_1_16' title="bbox 219 2268 433 2313">
    <p class='ocr_par' dir='ltr' id='par_1_16' title="bbox 219 2268 433 2313">
     <span class='ocr_line' id='line_1_28' title="bbox 219 2268 433 2313; baseline -0.005 -1"><span class='ocrx_word' id='word_1_181' title='bbox 219 2268 286 2313; x_wconf 82' lang='lat'><strong>10.</strong></span> <span class='ocrx_word' id='word_1_182' title='bbox 318 2270 433 2311; x_wconf 67' lang='lat' dir='ltr'><strong>vitae</strong></span> 
     </span>
    </p>
   </div>
   <div class='ocr_carea' id='block_1_17' title="bbox 214 2327 1056 2374">
    <p class='ocr_par' dir='ltr' id='par_1_17' title="bbox 214 2327 1056 2374">
     <span class='ocr_line' id='line_1_29' title="bbox 214 2327 1056 2374; baseline 0.004 -3"><span class='ocrx_word' id='word_1_183' title='bbox 214 2330 404 2371; x_wconf 81' lang='lat' dir='ltr'><strong>correxit</strong></span> <span class='ocrx_word' id='word_1_184' title='bbox 423 2327 681 2372; x_wconf 79' lang='lat' dir='ltr'><strong>Beroaldus.</strong></span> <span class='ocrx_word' id='word_1_185' title='bbox 758 2330 824 2372; x_wconf 87' lang='lat'><strong>17.</strong></span> <span class='ocrx_word' id='word_1_186' title='bbox 844 2338 891 2374; x_wconf 78' lang='lat' dir='ltr'><strong>ut</strong></span> <span class='ocrx_word' id='word_1_187' title='bbox 911 2343 981 2373; x_wconf 91' lang='lat' dir='ltr'><strong>om</strong></span> <span class='ocrx_word' id='word_1_188' title='bbox 1000 2332 1056 2374; x_wconf 82' lang='lat' dir='ltr'><strong>M.</strong></span> 
     </span>
    </p>
   </div>
   <div class='ocr_carea' id='block_1_18' title="bbox 210 2436 1085 3317">
    <p class='ocr_par' dir='ltr' id='par_1_18' title="bbox 210 2436 1085 3317">
     <span class='ocr_line' id='line_1_30' title="bbox 212 2436 1085 2494; baseline 0.006 -17"><span class='ocrx_word' id='word_1_189' title='bbox 212 2436 344 2479; x_wconf 85' lang='lat' dir='ltr'><strong>tulit:</strong></span> <span class='ocrx_word' id='word_1_190' title='bbox 385 2449 502 2480; x_wconf 89' lang='lat' dir='ltr'><strong>nunc</strong></span> <span class='ocrx_word' id='word_1_191' title='bbox 543 2449 655 2494; x_wconf 83' lang='lat' dir='ltr'><strong>quae</strong></span> <span class='ocrx_word' id='word_1_192' title='bbox 697 2451 849 2482; x_wconf 88' lang='lat' dir='ltr'><strong>omnes</strong></span> <span class='ocrx_word' id='word_1_193' title='bbox 887 2451 975 2481; x_wconf 90' lang='lat' dir='ltr'><strong>uno</strong></span> <span class='ocrx_word' id='word_1_194' title='bbox 1009 2453 1085 2482; x_wconf 86' lang='lat' dir='ltr'><strong>ore</strong></span> 
     </span>
     <span class='ocr_line' id='line_1_31' title="bbox 213 2496 1085 2556; baseline 0.005 -18"><span class='ocrx_word' id='word_1_195' title='bbox 213 2496 534 2550; x_wconf 80' lang='lat' dir='ltr'><strong>postulaverint</strong></span> <span class='ocrx_word' id='word_1_196' title='bbox 558 2510 734 2540; x_wconf 81' lang='lat' dir='ltr'><strong>narrare</strong></span> <span class='ocrx_word' id='word_1_197' title='bbox 756 2501 916 2556; x_wconf 82' lang='lat' dir='ltr'><strong>pergit.</strong></span> <span class='ocrx_word' id='word_1_198' title='bbox 1010 2515 1085 2542; x_wconf 82' lang='lat' dir='ltr'><strong>re-</strong></span> 
     </span>
     <span class='ocr_line' id='line_1_32' title="bbox 210 2557 1084 2614; baseline 0.002 -17"><span class='ocrx_word' id='word_1_199' title='bbox 210 2557 324 2598; x_wconf 72' lang='lat' dir='ltr'><strong>misit</strong></span> <span class='ocrx_word' id='word_1_200' title='bbox 339 2557 518 2610; x_wconf 80' lang='lat' dir='ltr'><strong>Caesar,</strong></span> <span class='ocrx_word' id='word_1_201' title='bbox 533 2558 765 2614; x_wconf 65' lang='lat' dir='ltr'><strong>adroqoenti</strong></span> <span class='ocrx_word' id='word_1_202' title='bbox 775 2559 1084 2601; x_wconf 77' lang='lat' dir='ltr'><strong>moderatione.-</strong></span> 
     </span>
     <span class='ocr_line' id='line_1_33' title="bbox 211 2616 1084 2674; baseline 0.005 -18"><span class='ocrx_word' id='word_1_203' title='bbox 211 2626 301 2656; x_wconf 82' lang='lat' dir='ltr'><strong>non</strong></span> <span class='ocrx_word' id='word_1_204' title='bbox 331 2616 588 2674; x_wconf 80' lang='lat' dir='ltr'><strong>adversatus</strong></span> <span class='ocrx_word' id='word_1_205' title='bbox 620 2623 688 2659; x_wconf 80' lang='lat' dir='ltr'><strong>est</strong></span> <span class='ocrx_word' id='word_1_206' title='bbox 712 2628 798 2672; x_wconf 85' lang='lat' dir='ltr'><strong>quo</strong></span> <span class='ocrx_word' id='word_1_207' title='bbox 821 2619 965 2660; x_wconf 89' lang='lat' dir='ltr'><strong>minus</strong></span> <span class='ocrx_word' id='word_1_208' title='bbox 998 2618 1084 2660; x_wconf 83' lang='lat' dir='ltr'><strong>hu—</strong></span> 
     </span>
     <span class='ocr_line' id='line_1_34' title="bbox 213 2676 1084 2734; baseline 0.005 -19"><span class='ocrx_word' id='word_1_209' title='bbox 213 2676 343 2716; x_wconf 85' lang='lat' dir='ltr'><strong>meris</strong></span> <span class='ocrx_word' id='word_1_210' title='bbox 375 2682 623 2718; x_wconf 60' lang='lat' dir='ltr'><strong>senatorum</strong></span> <span class='ocrx_word' id='word_1_211' title='bbox 646 2687 811 2733; x_wconf 79' lang='lat' dir='ltr'><strong>corpus</strong></span> <span class='ocrx_word' id='word_1_212' title='bbox 843 2677 899 2719; x_wconf 84' lang='lat' dir='ltr'><strong>ad</strong></span> <span class='ocrx_word' id='word_1_213' title='bbox 929 2690 1084 2734; x_wconf 85' lang='lat' dir='ltr'><strong>rogum</strong></span> 
     </span>
     <span class='ocr_line' id='line_1_35' title="bbox 213 2733 1082 2793; baseline 0.005 -18"><span class='ocrx_word' id='word_1_214' title='bbox 213 2733 415 2776; x_wconf 73' lang='lat' dir='ltr'><strong>ferretur.</strong></span> <span class='ocrx_word' id='word_1_215' title='bbox 495 2736 674 2778; x_wconf 67' lang='lat' dir='ltr'><strong>Revm&#39;se&#39;t</strong></span> <span class='ocrx_word' id='word_1_216' title='bbox 719 2740 791 2792; x_wconf 82' lang='lat' dir='ltr'><strong>(er</strong></span> <span class='ocrx_word' id='word_1_217' title='bbox 830 2737 913 2792; x_wconf 76' lang='grc' dir='ltr'><strong>9αό</strong></span> <span class='ocrx_word' id='word_1_218' title='bbox 945 2738 1082 2793; x_wconf 78' lang='lat' dir='ltr'><strong>nach)</strong></span> 
     </span>
     <span class='ocr_line' id='line_1_36' title="bbox 214 2791 1085 2852; baseline 0.003 -18"><span class='ocrx_word' id='word_1_219' title='bbox 214 2791 411 2836; x_wconf 81' lang='lat' dir='ltr'><strong>absolute</strong></span> <span class='ocrx_word' id='word_1_220' title='bbox 423 2796 611 2848; x_wconf 81' lang='lat' dir='ltr'><strong>positum</strong></span> <span class='ocrx_word' id='word_1_221' title='bbox 627 2801 707 2849; x_wconf 84' lang='lat' dir='ltr'><strong>est,</strong></span> <span class='ocrx_word' id='word_1_222' title='bbox 721 2796 1085 2852; x_wconf 83' lang='lat' dir='ltr'><strong>quemadmodum</strong></span> 
     </span>
     <span class='ocr_line' id='line_1_37' title="bbox 213 2852 1084 2907; baseline 0.003 -14"><span class='ocrx_word' id='word_1_223' title='bbox 213 2852 368 2906; x_wconf 66' lang='lat' dir='ltr'><strong>flexitl</strong></span> <span class='ocrx_word' id='word_1_224' title='bbox 394 2854 447 2895; x_wconf 83' lang='lat'><strong>13</strong></span> <span class='ocrx_word' id='word_1_225' title='bbox 467 2860 510 2894; x_wconf 82' lang='lat' dir='ltr'><strong>et</strong></span> <span class='ocrx_word' id='word_1_226' title='bbox 529 2855 600 2905; x_wconf 82' lang='lat'><strong>34,</strong></span> <span class='ocrx_word' id='word_1_227' title='bbox 633 2853 692 2895; x_wconf 86' lang='lat' dir='ltr'><strong>lv</strong></span> <span class='ocrx_word' id='word_1_228' title='bbox 710 2855 765 2897; x_wconf 82' lang='lat'><strong>37</strong></span> <span class='ocrx_word' id='word_1_229' title='bbox 787 2860 832 2896; x_wconf 80' lang='lat' dir='ltr'><strong>et</strong></span> <span class='ocrx_word' id='word_1_230' title='bbox 851 2857 924 2907; x_wconf 77' lang='lat'><strong>41,</strong></span> <span class='ocrx_word' id='word_1_231' title='bbox 958 2856 1084 2897; x_wconf 76' lang='lat' dir='ltr'><strong>vertit</strong></span> 
     </span>
     <span class='ocr_line' id='line_1_38' title="bbox 214 2909 1083 2965; baseline 0.006 -14"><span class='ocrx_word' id='word_1_232' title='bbox 214 2909 273 2952; x_wconf 84' lang='lat' dir='ltr'><strong>lv</strong></span> <span class='ocrx_word' id='word_1_233' title='bbox 305 2912 363 2954; x_wconf 90' lang='lat'><strong>38</strong></span> <span class='ocrx_word' id='word_1_234' title='bbox 388 2918 431 2953; x_wconf 84' lang='lat' dir='ltr'><strong>et</strong></span> <span class='ocrx_word' id='word_1_235' title='bbox 457 2913 527 2965; x_wconf 83' lang='lat'><strong>70,</strong></span> <span class='ocrx_word' id='word_1_236' title='bbox 560 2912 616 2953; x_wconf 87' lang='lat' dir='ltr'><strong>XI</strong></span> <span class='ocrx_word' id='word_1_237' title='bbox 637 2915 691 2955; x_wconf 86' lang='lat'><strong>31</strong></span> <span class='ocrx_word' id='word_1_238' title='bbox 720 2919 763 2955; x_wconf 87' lang='lat' dir='ltr'><strong>et</strong></span> <span class='ocrx_word' id='word_1_239' title='bbox 794 2914 865 2965; x_wconf 85' lang='lat'><strong>37,</strong></span> <span class='ocrx_word' id='word_1_240' title='bbox 900 2914 995 2955; x_wconf 89' lang='lat' dir='ltr'><strong>XIII</strong></span> <span class='ocrx_word' id='word_1_241' title='bbox 1011 2915 1083 2956; x_wconf 80' lang='lat'><strong>37.</strong></span> 
     </span>
     <span class='ocr_line' id='line_1_39' title="bbox 216 2967 1083 3015; baseline 0.006 -6"><span class='ocrx_word' id='word_1_242' title='bbox 216 2967 344 3011; x_wconf 84' lang='lat' dir='ltr'><strong>Conf.</strong></span> <span class='ocrx_word' id='word_1_243' title='bbox 392 2971 626 3012; x_wconf 82' lang='lat' dir='ltr'><strong>Suetonius</strong></span> <span class='ocrx_word' id='word_1_244' title='bbox 670 2970 822 3014; x_wconf 84' lang='lat' dir='ltr'><strong>Claud.</strong></span> <span class='ocrx_word' id='word_1_245' title='bbox 857 2973 939 3015; x_wconf 87' lang='lat'><strong>35:</strong></span> <span class='ocrx_word' id='word_1_246' title='bbox 989 2987 1083 3014; x_wconf 83' lang='lat' dir='ltr'><strong>sero</strong></span> 
     </span>
     <span class='ocr_line' id='line_1_40' title="bbox 215 3029 1084 3085; baseline 0.006 -16"><span class='ocrx_word' id='word_1_247' title='bbox 215 3029 327 3069; x_wconf 77' lang='lat' dir='ltr'><strong>enim</strong></span> <span class='ocrx_word' id='word_1_248' title='bbox 357 3041 411 3070; x_wconf 80' lang='lat' dir='ltr'><strong>ac</strong></span> <span class='ocrx_word' id='word_1_249' title='bbox 439 3031 513 3071; x_wconf 74' lang='lat' dir='ltr'><strong>eia:</strong></span> <span class='ocrx_word' id='word_1_250' title='bbox 534 3031 709 3083; x_wconf 76' lang='lat' dir='ltr'><strong>remisit,</strong></span> <span class='ocrx_word' id='word_1_251' title='bbox 741 3043 796 3072; x_wconf 75' lang='lat' dir='ltr'><strong>ne</strong></span> <span class='ocrx_word' id='word_1_252' title='bbox 825 3033 1084 3085; x_wconf 79' lang='lat' dir='ltr'><strong>feminae—</strong></span> 
     </span>
     <span class='ocr_line' id='line_1_41' title="bbox 214 3089 1084 3146; baseline 0.006 -18"><span class='ocrx_word' id='word_1_253' title='bbox 214 3094 598 3130; x_wconf 70' lang='lat' dir='ltr'><strong>contrectarentur.</strong></span> <span class='ocrx_word' id='word_1_254' title='bbox 655 3089 960 3146; x_wconf 81' lang='lat' dir='ltr'><strong>Arrogantiam</strong></span> <span class='ocrx_word' id='word_1_255' title='bbox 986 3105 1084 3133; x_wconf 60' lang='lat' dir='ltr'><strong>moz</strong></span> 
     </span>
     <span class='ocr_line' id='line_1_42' title="bbox 214 3145 1083 3192; baseline 0.006 -5"><span class='ocrx_word' id='word_1_256' title='bbox 214 3145 451 3189; x_wconf 76' lang='lat' dir='ltr'><strong>dei-ationis</strong></span> <span class='ocrx_word' id='word_1_257' title='bbox 475 3161 500 3190; x_wconf 88' lang='lat' dir='ltr'><strong>a</strong></span> <span class='ocrx_word' id='word_1_258' title='bbox 519 3148 692 3190; x_wconf 84' lang='lat' dir='ltr'><strong>Tiberio</strong></span> <span class='ocrx_word' id='word_1_259' title='bbox 717 3148 937 3191; x_wconf 82' lang='lat' dir='ltr'><strong>adhibitae</strong></span> <span class='ocrx_word' id='word_1_260' title='bbox 961 3151 1083 3192; x_wconf 87' lang='lat' dir='ltr'><strong>refe-</strong></span> 
     </span>
     <span class='ocr_line' id='line_1_43' title="bbox 212 3207 1083 3263; baseline 0.006 -17"><span class='ocrx_word' id='word_1_261' title='bbox 212 3211 314 3246; x_wconf 77' lang='lat' dir='ltr'><strong>runt</strong></span> <span class='ocrx_word' id='word_1_262' title='bbox 345 3207 479 3248; x_wconf 83' lang='lat' dir='ltr'><strong>verba</strong></span> <span class='ocrx_word' id='word_1_263' title='bbox 507 3207 788 3263; x_wconf 70' lang='lat' dir='ltr'><strong>populumque</strong></span> <span class='ocrx_word' id='word_1_264' title='bbox 821 3209 956 3250; x_wconf 74' lang='lat' dir='ltr'><strong>edicto</strong></span> <span class='ocrx_word' id='word_1_265' title='bbox 989 3224 1083 3251; x_wconf 87' lang='lat' dir='ltr'><strong>mo-</strong></span> 
     </span>
     <span class='ocr_line' id='line_1_44' title="bbox 212 3265 910 3317; baseline 0.009 -13"><span class='ocrx_word' id='word_1_266' title='bbox 212 3265 319 3317; x_wconf 67' lang='lat' dir='ltr'><strong>nuit,</strong></span> <span class='ocrx_word' id='word_1_267' title='bbox 350 3278 405 3306; x_wconf 70' lang='lat' dir='ltr'><strong>m</strong></span> <span class='ocrx_word' id='word_1_268' title='bbox 436 3289 493 3297; x_wconf 89' lang='lat'><strong>-—</strong></span> <span class='ocrx_word' id='word_1_269' title='bbox 524 3268 712 3308; x_wconf 80' lang='lat' dir='ltr'><strong>cremari</strong></span> <span class='ocrx_word' id='word_1_270' title='bbox 740 3266 910 3310; x_wconf 82' lang='lat' dir='ltr'><strong>vellent.</strong></span> 
     </span>
    </p>
   </div>
   <div class='ocr_carea' id='block_1_19' title="bbox 212 3374 1085 3735">
    <p class='ocr_par' dir='ltr' id='par_1_19' title="bbox 212 3374 1085 3735">
     <span class='ocr_line' id='line_1_45' title="bbox 303 3374 1085 3436; baseline 0.005 -19"><span class='ocrx_word' id='word_1_271' title='bbox 303 3374 407 3430; x_wconf 79' lang='lat' dir='ltr'><strong>Cap.</strong></span> <span class='ocrx_word' id='word_1_272' title='bbox 441 3376 483 3420; x_wconf 87' lang='grc'><strong>9.</strong></span> <span class='ocrx_word' id='word_1_273' title='bbox 546 3379 655 3432; x_wconf 82' lang='lat' dir='ltr'><strong>quod</strong></span> <span class='ocrx_word' id='word_1_274' title='bbox 674 3380 785 3421; x_wconf 75' lang='lat' dir='ltr'><strong>idem</strong></span> <span class='ocrx_word' id='word_1_275' title='bbox 810 3381 896 3422; x_wconf 86' lang='lat' dir='ltr'><strong>dies</strong></span> <span class='ocrx_word' id='word_1_276' title='bbox 919 3382 1085 3436; x_wconf 77' lang='lat' dir='ltr'><strong>accepti</strong></span> 
     </span>
     <span class='ocr_line' id='line_1_46' title="bbox 214 3436 1083 3494; baseline 0.006 -19"><span class='ocrx_word' id='word_1_277' title='bbox 214 3436 423 3489; x_wconf 81' lang='lat' dir='ltr'><strong>quondam</strong></span> <span class='ocrx_word' id='word_1_278' title='bbox 453 3437 622 3491; x_wconf 76' lang='lat' dir='ltr'><strong>imperii</strong></span> <span class='ocrx_word' id='word_1_279' title='bbox 659 3440 860 3494; x_wconf 78' lang='lat' dir='ltr'><strong>princeps</strong></span> <span class='ocrx_word' id='word_1_280' title='bbox 902 3448 942 3481; x_wconf 83' lang='lat' dir='ltr'><strong>et</strong></span> <span class='ocrx_word' id='word_1_281' title='bbox 971 3442 1083 3481; x_wconf 69' lang='lat' dir='ltr'><strong>vitae</strong></span> 
     </span>
     <span class='ocr_line' id='line_1_47' title="bbox 212 3497 1082 3550; baseline 0.006 -16"><span class='ocrx_word' id='word_1_282' title='bbox 212 3507 456 3548; x_wconf 72' lang='lat' dir='ltr'><strong>supremus:</strong></span> <span class='ocrx_word' id='word_1_283' title='bbox 489 3498 658 3549; x_wconf 84' lang='lat' dir='ltr'><strong>accepti</strong></span> <span class='ocrx_word' id='word_1_284' title='bbox 684 3497 854 3550; x_wconf 85' lang='lat' dir='ltr'><strong>imperii</strong></span> <span class='ocrx_word' id='word_1_285' title='bbox 878 3497 972 3539; x_wconf 89' lang='lat' dir='ltr'><strong>dies</strong></span> <span class='ocrx_word' id='word_1_286' title='bbox 998 3511 1082 3538; x_wconf 92' lang='lat' dir='ltr'><strong>nu-</strong></span> 
     </span>
     <span class='ocr_line' id='line_1_48' title="bbox 213 3556 1080 3611; baseline 0.003 -18"><span class='ocrx_word' id='word_1_287' title='bbox 213 3560 400 3595; x_wconf 83' lang='lat' dir='ltr'><strong>meratur</strong></span> <span class='ocrx_word' id='word_1_288' title='bbox 425 3557 597 3608; x_wconf 76' lang='lat' dir='ltr'><strong>api-imo</strong></span> <span class='ocrx_word' id='word_1_289' title='bbox 624 3556 867 3607; x_wconf 84' lang='lat' dir='ltr'><strong>consulatu,</strong></span> <span class='ocrx_word' id='word_1_290' title='bbox 889 3556 940 3597; x_wconf 83' lang='lat' dir='ltr'><strong>ud</strong></span> <span class='ocrx_word' id='word_1_291' title='bbox 955 3570 1080 3611; x_wconf 88' lang='lat' dir='ltr'><strong>quem</strong></span> 
     </span>
     <span class='ocr_line' id='line_1_49' title="bbox 213 3613 1080 3669; baseline 0.006 -18"><span class='ocrx_word' id='word_1_292' title='bbox 213 3615 398 3655; x_wconf 71' lang='lat' dir='ltr'><strong>accessit</strong></span> <span class='ocrx_word' id='word_1_293' title='bbox 425 3613 538 3655; x_wconf 81' lang='lat' dir='ltr'><strong>XIV.</strong></span> <span class='ocrx_word' id='word_1_294' title='bbox 582 3614 756 3657; x_wconf 81' lang='lat' dir='ltr'><strong>kalend.</strong></span> <span class='ocrx_word' id='word_1_295' title='bbox 804 3615 1080 3669; x_wconf 83' lang='lat' dir='ltr'><strong>Septembres</strong></span> 
     </span>
     <span class='ocr_line' id='line_1_50' title="bbox 218 3670 1078 3735; baseline 0.005 -19"><span class='ocrx_word' id='word_1_296' title='bbox 218 3670 595 3735; x_wconf 74' lang='lat' dir='ltr'><strong>(==19.August.)</strong></span> <span class='ocrx_word' id='word_1_297' title='bbox 620 3687 659 3717; x_wconf 82' lang='lat' dir='ltr'><strong>a.</strong></span> <span class='ocrx_word' id='word_1_298' title='bbox 689 3675 799 3720; x_wconf 81' lang='lat'>711:</span> <span class='ocrx_word' id='word_1_299' title='bbox 835 3675 988 3718; x_wconf 80' lang='lat' dir='ltr'><strong>eodem</strong></span> <span class='ocrx_word' id='word_1_300' title='bbox 1008 3674 1078 3720; x_wconf 80' lang='lat' dir='ltr'><strong>die</strong></span> 
     </span>
    </p>
   </div>
   <div class='ocr_carea' id='block_1_20' title="bbox 496 2269 2045 2314">
    <p class='ocr_par' dir='ltr' id='par_1_20' title="bbox 496 2269 2045 2314">
     <span class='ocr_line' id='line_1_51' title="bbox 496 2269 2045 2314; baseline 0.001 -3"><span class='ocrx_word' id='word_1_301' title='bbox 496 2301 507 2311; x_wconf 96' lang='lat'><strong>.</strong></span> <span class='ocrx_word' id='word_1_302' title='bbox 565 2269 635 2313; x_wconf 81' lang='lat'><strong>13.</strong></span> <span class='ocrx_word' id='word_1_303' title='bbox 659 2270 755 2313; x_wconf 75' lang='lat' dir='ltr'><strong>dum</strong></span> <span class='ocrx_word' id='word_1_304' title='bbox 774 2269 968 2314; x_wconf 78' lang='lat' dir='ltr'><strong>Muretus</strong></span> <span class='ocrx_word' id='word_1_305' title='bbox 1003 2278 1046 2314; x_wconf 84' lang='lat' dir='ltr'><strong>et</strong></span> <span class='ocrx_word' id='word_1_306' title='bbox 1067 2271 1284 2314; x_wconf 90' lang='lat' dir='ltr'><strong>Pichena:</strong></span> <span class='ocrx_word' id='word_1_307' title='bbox 1316 2271 1357 2314; x_wconf 90' lang='lat' dir='ltr'>M</span> <span class='ocrx_word' id='word_1_308' title='bbox 1380 2279 1493 2314; x_wconf 83' lang='lat' dir='ltr'><strong>tunc.</strong></span> <span class='ocrx_word' id='word_1_309' title='bbox 1567 2273 1634 2314; x_wconf 81' lang='lat'><strong>14.</strong></span> <span class='ocrx_word' id='word_1_310' title='bbox 1657 2271 1968 2313; x_wconf 75' lang='lat' dir='ltr'><strong>ulciscerentur</strong></span> <span class='ocrx_word' id='word_1_311' title='bbox 1981 2271 2045 2313; x_wconf 84' lang='lat' dir='ltr'><strong>M:</strong></span> 
     </span>
    </p>
   </div>
   <div class='ocr_carea' id='block_1_21' title="bbox 1163 2439 2046 3736">
    <p class='ocr_par' dir='ltr' id='par_1_21' title="bbox 1163 2439 2046 3736">
     <span class='ocr_line' id='line_1_52' title="bbox 1171 2439 2045 2482; baseline 0.001 -2"><span class='ocrx_word' id='word_1_312' title='bbox 1171 2452 1212 2481; x_wconf 87' lang='lat' dir='ltr'><strong>a.</strong></span> <span class='ocrx_word' id='word_1_313' title='bbox 1259 2439 1341 2482; x_wconf 89' lang='lat'><strong>767</strong></span> <span class='ocrx_word' id='word_1_314' title='bbox 1387 2452 1411 2480; x_wconf 89' lang='lat' dir='ltr'><strong>e</strong></span> <span class='ocrx_word' id='word_1_315' title='bbox 1452 2439 1544 2481; x_wconf 83' lang='lat' dir='ltr'><strong>vita</strong></span> <span class='ocrx_word' id='word_1_316' title='bbox 1586 2440 1792 2482; x_wconf 83' lang='lat' dir='ltr'><strong>excessit.</strong></span> <span class='ocrx_word' id='word_1_317' title='bbox 1872 2439 2045 2482; x_wconf 82' lang='lat' dir='ltr'><strong>&#39;l&#39;acitus</strong></span> 
     </span>
     <span class='ocr_line' id='line_1_53' title="bbox 1172 2498 2044 2553; baseline 0 -13"><span class='ocrx_word' id='word_1_318' title='bbox 1172 2498 1323 2540; x_wconf 82' lang='lat' dir='ltr'><strong>eadem</strong></span> <span class='ocrx_word' id='word_1_319' title='bbox 1369 2501 1694 2553; x_wconf 88' lang='lat' dir='ltr'><strong>computatione</strong></span> <span class='ocrx_word' id='word_1_320' title='bbox 1738 2513 1851 2540; x_wconf 89' lang='lat' dir='ltr'><strong>nunc</strong></span> <span class='ocrx_word' id='word_1_321' title='bbox 1896 2503 2044 2552; x_wconf 87' lang='lat' dir='ltr'><strong>utitur,</strong></span> 
     </span>
     <span class='ocr_line' id='line_1_54' title="bbox 1171 2558 2045 2617; baseline 0.005 -19"><span class='ocrx_word' id='word_1_322' title='bbox 1171 2571 1257 2613; x_wconf 85' lang='lat' dir='ltr'><strong>qua</strong></span> <span class='ocrx_word' id='word_1_323' title='bbox 1275 2559 1320 2599; x_wconf 88' lang='lat' dir='ltr'><strong>in</strong></span> <span class='ocrx_word' id='word_1_324' title='bbox 1338 2560 1578 2611; x_wconf 85' lang='lat' dir='ltr'><strong>scriptione</strong></span> <span class='ocrx_word' id='word_1_325' title='bbox 1601 2559 1784 2601; x_wconf 88' lang='lat' dir='ltr'><strong>iuvenili</strong></span> <span class='ocrx_word' id='word_1_326' title='bbox 1799 2572 1878 2602; x_wconf 87' lang='lat' dir='ltr'><strong>sua</strong></span> <span class='ocrx_word' id='word_1_327' title='bbox 1893 2558 2045 2617; x_wconf 86' lang='lat'><strong>(0.17)</strong></span> 
     </span>
     <span class='ocr_line' id='line_1_55' title="bbox 1170 2618 2046 2675; baseline 0.001 -17"><span class='ocrx_word' id='word_1_328' title='bbox 1170 2631 1246 2658; x_wconf 74' lang='lat' dir='ltr'><strong>sex</strong></span> <span class='ocrx_word' id='word_1_329' title='bbox 1267 2624 1307 2659; x_wconf 84' lang='lat' dir='ltr'><strong>et</strong></span> <span class='ocrx_word' id='word_1_330' title='bbox 1323 2618 1632 2673; x_wconf 67' lang='lat' dir='ltr'><strong>quinquaqinta</strong></span> <span class='ocrx_word' id='word_1_331' title='bbox 1649 2627 1787 2659; x_wconf 69' lang='lat' dir='ltr'><strong>annos</strong></span> <span class='ocrx_word' id='word_1_332' title='bbox 1797 2618 2046 2675; x_wconf 83' lang='lat' dir='ltr'><strong>Augustum</strong></span> 
     </span>
     <span class='ocr_line' id='line_1_56' title="bbox 1171 2677 2044 2730; baseline 0.002 -14"><span class='ocrx_word' id='word_1_333' title='bbox 1171 2677 1216 2717; x_wconf 89' lang='lat' dir='ltr'><strong>in</strong></span> <span class='ocrx_word' id='word_1_334' title='bbox 1250 2677 1436 2730; x_wconf 89' lang='lat' dir='ltr'><strong>imperio</strong></span> <span class='ocrx_word' id='word_1_335' title='bbox 1482 2677 1621 2719; x_wconf 86' lang='lat' dir='ltr'><strong>fuisse</strong></span> <span class='ocrx_word' id='word_1_336' title='bbox 1665 2678 1851 2720; x_wconf 81' lang='lat' dir='ltr'><strong>dixerat.</strong></span> <span class='ocrx_word' id='word_1_337' title='bbox 1919 2677 2044 2719; x_wconf 82' lang='lat' dir='ltr'><strong>Conf.</strong></span> 
     </span>
     <span class='ocr_line' id='line_1_57' title="bbox 1170 2734 2046 2791; baseline 0.002 -16"><span class='ocrx_word' id='word_1_338' title='bbox 1170 2734 1354 2790; x_wconf 86' lang='lat' dir='ltr'><strong>Eutrop.</strong></span> <span class='ocrx_word' id='word_1_339' title='bbox 1381 2735 1456 2777; x_wconf 90' lang='lat' dir='ltr'><strong>VII</strong></span> <span class='ocrx_word' id='word_1_340' title='bbox 1483 2736 1526 2778; x_wconf 87' lang='grc'><strong>8.</strong></span> <span class='ocrx_word' id='word_1_341' title='bbox 1590 2737 1679 2778; x_wconf 90' lang='lat' dir='ltr'><strong>Alii</strong></span> <span class='ocrx_word' id='word_1_342' title='bbox 1714 2737 1844 2779; x_wconf 85' lang='lat' dir='ltr'><strong>huius</strong></span> <span class='ocrx_word' id='word_1_343' title='bbox 1877 2738 2046 2791; x_wconf 85' lang='lat' dir='ltr'><strong>princi-</strong></span> 
     </span>
     <span class='ocr_line' id='line_1_58' title="bbox 1171 2795 2044 2852; baseline 0.006 -17"><span class='ocrx_word' id='word_1_344' title='bbox 1171 2801 1320 2848; x_wconf 86' lang='lat' dir='ltr'><strong>patum</strong></span> <span class='ocrx_word' id='word_1_345' title='bbox 1363 2808 1388 2836; x_wconf 85' lang='lat' dir='ltr'><strong>a</strong></span> <span class='ocrx_word' id='word_1_346' title='bbox 1432 2808 1579 2851; x_wconf 81' lang='lat' dir='ltr'><strong>pugna</strong></span> <span class='ocrx_word' id='word_1_347' title='bbox 1619 2795 1800 2837; x_wconf 87' lang='lat' dir='ltr'><strong>Actiaca</strong></span> <span class='ocrx_word' id='word_1_348' title='bbox 1836 2800 1898 2852; x_wconf 90' lang='lat' dir='ltr'><strong>(a.</strong></span> <span class='ocrx_word' id='word_1_349' title='bbox 1936 2797 2044 2851; x_wconf 77' lang='lat'>723)</span> 
     </span>
     <span class='ocr_line' id='line_1_59' title="bbox 1172 2854 2046 2909; baseline 0.003 -16"><span class='ocrx_word' id='word_1_350' title='bbox 1172 2860 1425 2906; x_wconf 88' lang='lat' dir='ltr'><strong>numerant,</strong></span> <span class='ocrx_word' id='word_1_351' title='bbox 1461 2854 1635 2909; x_wconf 87' lang='lat' dir='ltr'><strong>quidam</strong></span> <span class='ocrx_word' id='word_1_352' title='bbox 1670 2869 1694 2896; x_wconf 87' lang='lat' dir='ltr'><strong>a</strong></span> <span class='ocrx_word' id='word_1_353' title='bbox 1726 2857 1914 2909; x_wconf 84' lang='lat' dir='ltr'><strong>septimo</strong></span> <span class='ocrx_word' id='word_1_354' title='bbox 1951 2857 2046 2896; x_wconf 85' lang='lat' dir='ltr'><strong>eius</strong></span> 
     </span>
     <span class='ocr_line' id='line_1_60' title="bbox 1173 2913 2046 2968; baseline 0.001 -15"><span class='ocrx_word' id='word_1_355' title='bbox 1173 2913 1429 2965; x_wconf 84' lang='lat' dir='ltr'><strong>consulatu,</strong></span> <span class='ocrx_word' id='word_1_356' title='bbox 1475 2927 1571 2955; x_wconf 90' lang='lat' dir='ltr'><strong>cum</strong></span> <span class='ocrx_word' id='word_1_357' title='bbox 1605 2915 1834 2968; x_wconf 86' lang='lat' dir='ltr'><strong>imperium</strong></span> <span class='ocrx_word' id='word_1_358' title='bbox 1868 2914 1934 2956; x_wconf 88' lang='lat' dir='ltr'><strong>illi</strong></span> <span class='ocrx_word' id='word_1_359' title='bbox 1970 2914 2046 2954; x_wconf 85' lang='lat' dir='ltr'><strong>fir-</strong></span> 
     </span>
     <span class='ocr_line' id='line_1_61' title="bbox 1169 2973 2045 3029; baseline 0.002 -18"><span class='ocrx_word' id='word_1_360' title='bbox 1169 2978 1330 3013; x_wconf 85' lang='lat' dir='ltr'><strong>matum</strong></span> <span class='ocrx_word' id='word_1_361' title='bbox 1375 2977 1440 3014; x_wconf 86' lang='lat' dir='ltr'><strong>est</strong></span> <span class='ocrx_word' id='word_1_362' title='bbox 1493 2986 1516 3014; x_wconf 83' lang='lat' dir='ltr'><strong>a</strong></span> <span class='ocrx_word' id='word_1_363' title='bbox 1570 2973 1765 3026; x_wconf 84' lang='lat' dir='ltr'><strong>patribus</strong></span> <span class='ocrx_word' id='word_1_364' title='bbox 1811 2973 2045 3029; x_wconf 78' lang='lat' dir='ltr'><strong>datumque</strong></span> 
     </span>
     <span class='ocr_line' id='line_1_62' title="bbox 1171 3031 2044 3088; baseline 0.001 -17"><span class='ocrx_word' id='word_1_365' title='bbox 1171 3043 1418 3087; x_wconf 88' lang='lat' dir='ltr'><strong>cognomen</strong></span> <span class='ocrx_word' id='word_1_366' title='bbox 1434 3031 1638 3088; x_wconf 83' lang='lat' dir='ltr'><strong>Augusti,</strong></span> <span class='ocrx_word' id='word_1_367' title='bbox 1663 3032 1706 3074; x_wconf 88' lang='lat' dir='ltr'><strong>h.</strong></span> <span class='ocrx_word' id='word_1_368' title='bbox 1749 3033 1902 3074; x_wconf 77' lang='lat' dir='ltr'><strong>e.vl1.</strong></span> <span class='ocrx_word' id='word_1_369' title='bbox 1949 3033 2044 3074; x_wconf 85' lang='lat' dir='ltr'><strong>idus</strong></span> 
     </span>
     <span class='ocr_line' id='line_1_63' title="bbox 1167 3087 2044 3145; baseline 0.001 -15"><span class='ocrx_word' id='word_1_370' title='bbox 1167 3087 1391 3131; x_wconf 87' lang='lat' dir='ltr'><strong>Ianuarias</strong></span> <span class='ocrx_word' id='word_1_371' title='bbox 1444 3104 1482 3131; x_wconf 84' lang='lat' dir='ltr'><strong>a.</strong></span> <span class='ocrx_word' id='word_1_372' title='bbox 1530 3092 1629 3134; x_wconf 78' lang='lat'><strong>727.</strong></span> <span class='ocrx_word' id='word_1_373' title='bbox 1713 3090 1838 3133; x_wconf 85' lang='lat' dir='ltr'><strong>Conf.</strong></span> <span class='ocrx_word' id='word_1_374' title='bbox 1886 3091 2044 3145; x_wconf 84' lang='lat' dir='ltr'><strong>lapidis</strong></span> 
     </span>
     <span class='ocr_line' id='line_1_64' title="bbox 1168 3148 2045 3203; baseline 0 -13"><span class='ocrx_word' id='word_1_375' title='bbox 1168 3148 1466 3190; x_wconf 84' lang='lat' dir='ltr'><strong>Narbonensis</strong></span> <span class='ocrx_word' id='word_1_376' title='bbox 1514 3149 1691 3190; x_wconf 84' lang='lat' dir='ltr'><strong>titulus:</strong></span> <span class='ocrx_word' id='word_1_377' title='bbox 1764 3150 1840 3191; x_wconf 87' lang='lat' dir='ltr'><strong>VII</strong></span> <span class='ocrx_word' id='word_1_378' title='bbox 1886 3163 2045 3203; x_wconf 78' lang='lat' dir='ltr'><strong>quoque</strong></span> 
     </span>
     <span class='ocr_line' id='line_1_65' title="bbox 1168 3208 2044 3263; baseline 0 -15"><span class='ocrx_word' id='word_1_379' title='bbox 1168 3208 1263 3249; x_wconf 80' lang='lat' dir='ltr'><strong>idus</strong></span> <span class='ocrx_word' id='word_1_380' title='bbox 1302 3208 1561 3260; x_wconf 80' lang='lat' dir='ltr'><strong>Ianuarias,</strong></span> <span class='ocrx_word' id='word_1_381' title='bbox 1617 3222 1698 3262; x_wconf 79' lang='lat' dir='ltr'><strong>qua</strong></span> <span class='ocrx_word' id='word_1_382' title='bbox 1747 3209 1814 3249; x_wconf 79' lang='lat' dir='ltr'><strong>die</strong></span> <span class='ocrx_word' id='word_1_383' title='bbox 1858 3210 2044 3263; x_wconf 73' lang='lat' dir='ltr'><strong>primvmt</strong></span> 
     </span>
     <span class='ocr_line' id='line_1_66' title="bbox 1167 3267 2043 3322; baseline 0.002 -16"><span class='ocrx_word' id='word_1_384' title='bbox 1167 3267 1391 3322; x_wconf 81' lang='lat' dir='ltr'><strong>imperium</strong></span> <span class='ocrx_word' id='word_1_385' title='bbox 1414 3267 1527 3307; x_wconf 79' lang='lat' dir='ltr'><strong>orbis</strong></span> <span class='ocrx_word' id='word_1_386' title='bbox 1550 3274 1764 3307; x_wconf 70' lang='lat' dir='ltr'><strong>terrarum</strong></span> <span class='ocrx_word' id='word_1_387' title='bbox 1796 3268 2043 3321; x_wconf 76' lang='lat' dir='ltr'><strong>auspicatus</strong></span> 
     </span>
     <span class='ocr_line' id='line_1_67' title="bbox 1170 3324 2042 3380; baseline 0.002 -15"><span class='ocrx_word' id='word_1_388' title='bbox 1170 3333 1244 3376; x_wconf 77' lang='lat' dir='ltr'><strong>cst,</strong></span> <span class='ocrx_word' id='word_1_389' title='bbox 1279 3325 1400 3366; x_wconf 81' lang='lat' dir='ltr'><strong>thure</strong></span> <span class='ocrx_word' id='word_1_390' title='bbox 1432 3327 1529 3366; x_wconf 75' lang='lat' dir='ltr'><strong>vino</strong></span> <span class='ocrx_word' id='word_1_391' title='bbox 1562 3324 1811 3380; x_wconf 76' lang='lat' dir='ltr'><strong>supplicent.</strong></span> <span class='ocrx_word' id='word_1_392' title='bbox 1861 3325 2042 3367; x_wconf 84' lang='lat' dir='ltr'><strong>Orosius</strong></span> 
     </span>
     <span class='ocr_line' id='line_1_68' title="bbox 1173 3383 2038 3437; baseline 0.005 -14"><span class='ocrx_word' id='word_1_393' title='bbox 1173 3383 1228 3423; x_wconf 89' lang='lat' dir='ltr'><strong>VI</strong></span> <span class='ocrx_word' id='word_1_394' title='bbox 1262 3385 1341 3435; x_wconf 82' lang='lat'><strong>20,</strong></span> <span class='ocrx_word' id='word_1_395' title='bbox 1404 3385 1475 3437; x_wconf 86' lang='lat' dir='ltr'><strong>qui</strong></span> <span class='ocrx_word' id='word_1_396' title='bbox 1520 3383 1632 3424; x_wconf 91' lang='lat' dir='ltr'><strong>Vlll.</strong></span> <span class='ocrx_word' id='word_1_397' title='bbox 1678 3383 1773 3424; x_wconf 87' lang='lat' dir='ltr'><strong>idus</strong></span> <span class='ocrx_word' id='word_1_398' title='bbox 1827 3385 2038 3427; x_wconf 87' lang='lat' dir='ltr'><strong>nominat.</strong></span> 
     </span>
     <span class='ocr_line' id='line_1_69' title="bbox 1170 3440 2039 3498; baseline 0.005 -17"><span class='ocrx_word' id='word_1_399' title='bbox 1170 3440 1436 3482; x_wconf 85' lang='lat' dir='ltr'><strong>Censorinus</strong></span> <span class='ocrx_word' id='word_1_400' title='bbox 1470 3441 1521 3482; x_wconf 94' lang='lat' dir='ltr'><strong>D.</strong></span> <span class='ocrx_word' id='word_1_401' title='bbox 1555 3442 1604 3483; x_wconf 80' lang='lat' dir='ltr'><strong>N.</strong></span> <span class='ocrx_word' id='word_1_402' title='bbox 1632 3445 1685 3485; x_wconf 79' lang='lat'><strong>21</strong></span> <span class='ocrx_word' id='word_1_403' title='bbox 1722 3444 1784 3498; x_wconf 80' lang='lat' dir='ltr'><strong>(is</strong></span> <span class='ocrx_word' id='word_1_404' title='bbox 1815 3445 1963 3484; x_wconf 84' lang='lat' dir='ltr'><strong>reiicit</strong></span> <span class='ocrx_word' id='word_1_405' title='bbox 1995 3446 2039 3485; x_wconf 90' lang='lat' dir='ltr'><strong>in</strong></span> 
     </span>
     <span class='ocr_line' id='line_1_70' title="bbox 1169 3499 2035 3557; baseline 0.005 -17"><span class='ocrx_word' id='word_1_406' title='bbox 1169 3499 1280 3541; x_wconf 90' lang='lat' dir='ltr'><strong>XVI.</strong></span> <span class='ocrx_word' id='word_1_407' title='bbox 1307 3500 1393 3541; x_wconf 88' lang='lat' dir='ltr'><strong>kal.</strong></span> <span class='ocrx_word' id='word_1_408' title='bbox 1429 3499 1726 3557; x_wconf 83' lang='lat' dir='ltr'><strong>Februarias).</strong></span> <span class='ocrx_word' id='word_1_409' title='bbox 1781 3501 2035 3545; x_wconf 83' lang='lat' dir='ltr'><strong>Ovid.Fast.</strong></span> 
     </span>
     <span class='ocr_line' id='line_1_71' title="bbox 1166 3558 2035 3615; baseline 0.006 -17"><span class='ocrx_word' id='word_1_410' title='bbox 1166 3558 1184 3598; x_wconf 96' lang='lat' dir='ltr'><strong>I</strong></span> <span class='ocrx_word' id='word_1_411' title='bbox 1218 3559 1300 3601; x_wconf 80' lang='lat'><strong>587</strong></span> <span class='ocrx_word' id='word_1_412' title='bbox 1342 3571 1435 3613; x_wconf 86' lang='lat' dir='ltr'><strong>sqq.</strong></span> <span class='ocrx_word' id='word_1_413' title='bbox 1486 3558 1581 3601; x_wconf 89' lang='lat' dir='ltr'><strong>idus</strong></span> <span class='ocrx_word' id='word_1_414' title='bbox 1627 3560 1851 3602; x_wconf 86' lang='lat' dir='ltr'><strong>Ianuarias</strong></span> <span class='ocrx_word' id='word_1_415' title='bbox 1893 3563 2035 3615; x_wconf 83' lang='lat' dir='ltr'><strong>ponit.</strong></span> 
     </span>
     <span class='ocr_line' id='line_1_72' title="bbox 1165 3616 2033 3667; baseline 0.007 -9"><span class='ocrx_word' id='word_1_416' title='bbox 1165 3617 1274 3658; x_wconf 86' lang='lat' dir='ltr'><strong>Add.</strong></span> <span class='ocrx_word' id='word_1_417' title='bbox 1308 3616 1390 3658; x_wconf 89' lang='lat' dir='ltr'><strong>Dio</strong></span> <span class='ocrx_word' id='word_1_418' title='bbox 1423 3617 1516 3659; x_wconf 91' lang='lat' dir='ltr'><strong>LVI</strong></span> <span class='ocrx_word' id='word_1_419' title='bbox 1547 3621 1606 3665; x_wconf 81' lang='grc'><strong>30</strong></span> <span class='ocrx_word' id='word_1_420' title='bbox 1637 3626 1748 3663; x_wconf 83' lang='lat' dir='ltr'><strong>extr.</strong></span> <span class='ocrx_word' id='word_1_421' title='bbox 1797 3619 2033 3667; x_wconf 74' lang='lat' dir='ltr'><strong>Suetonius</strong></span> 
     </span>
     <span class='ocr_line' id='line_1_73' title="bbox 1163 3677 1526 3736; baseline 0 -14"><span class='ocrx_word' id='word_1_422' title='bbox 1163 3677 1279 3736; x_wconf 84' lang='lat' dir='ltr'><strong>Aug.</strong></span> <span class='ocrx_word' id='word_1_423' title='bbox 1317 3677 1400 3724; x_wconf 76' lang='lat'><strong>100</strong></span> <span class='ocrx_word' id='word_1_424' title='bbox 1431 3678 1526 3723; x_wconf 80' lang='lat' dir='ltr'><strong>init.</strong></span> 
     </span>
    </p>
   </div>
  </div>
 </body>
</html>
