2280 4004
209 230 272 276 28
862 273 869 276 .
979 272 982 275 ,
1001 228 1295 275 ANNALWM
1785 243 1827 277 a.
1850 238 1903 276 u.
1931 228 2038 279 7572

208 373 302 432 sed
339 376 604 443 superbire
634 376 797 441 miles,
839 375 975 442 quod
1005 375 1136 430 filius
1174 377 1331 445 legati
1369 380 1549 429 orator
1579 375 1815 444 publicae
1851 392 2039 432 causae

207 467 331 519 satis
398 468 693 521 ostenderet
752 468 1060 521 necessitate
1116 483 1360 536 expressa
1423 483 1552 536 quae
1600 483 1694 536 per
1743 468 2042 525 modestiam

205 574 311 613 non
346 561 699 613 obtinuissent.
1237 603 1245 612 .

346 654 543 705 Interea
601 651 840 719 manipuli
905 655 1022 706 ante
1085 657 1318 720 coeptam
1378 652 1681 707 seditionem
1730 653 2126 722 Nauportumzo

164 744 352 797 amissi
390 744 466 810 obv
489 744 680 810 ,itinera
725 749 774 796 et
805 749 987 810 pontes
1028 739 1244 818 et'²'alios
1286 758 1438 812 usuS,
1477 750 1744 814 postquam
1787 746 2039 799 turbatum

205 836 258 887 in
298 837 478 888 castris
512 851 789 902 accepere,
845 835 1031 890 vexilla
1069 836 1392 904 convellunt,
1443 837 1755 906 direptisque
1793 839 2039 906 proximis

204 927 333 979 vicis
362 928 587 994 ipsoque
616 928 894 994 NauportO,
934 928 1070 995 quod
1103 928 1366 996 ‘municipii
1402 928 1562 981 instar
1598 934 1732 995 erat,
1772 930 2038 983 retinentis

205 1019 532 1072 centuriones
571 1019 732 1071 inrisu
768 1025 817 1072 et
853 1020 1203 1086 contumeliiS,
1261 1025 1520 1088 postremo
1560 1021 1861 1075 verberibus
1896 1022 2042 1075 inse-

205 1116 417 1177 ctantur,
459 1113 732 1178 praecipua
767 1113 819 1163 in
840 1112 1161 1165 Aufidienum
1187 1113 1368 1169 Rufum
1403 1115 1717 1181 praefectum
1757 1118 2039 1166 castrorum

139 1202 300 1269 wira,
342 1218 489 1269 quem
517 1203 777 1271 dereptum
814 1205 1051 1256 vehiculo
1091 1205 1309 1258 sarcinis
1336 1210 1554 1274 gravant
1587 1210 1843 1274 aguntque
1874 1205 2038 1273 primo
2102 1244 2103 1247 η

202 1295 255 1346 in
295 1295 530 1362 agmine,
572 1311 665 1362 per
700 1296 973 1348 ludibrium
1009 1297 1292 1364 rogitantes
1332 1313 1397 1350 an
1437 1303 1538 1349 tam
1578 1297 1823 1350 immensa
1860 1311 2037 1364 onera,

201 1391 301 1437 tam
340 1386 496 1454 longa
531 1386 713 1439 itinera
750 1387 967 1440 libenter
1004 1388 1176 1440 ferret.
1254 1389 1448 1456 Quippe
1485 1387 1646 1442 Rufus
1685 1388 1771 1440 diu
1806 1388 2042 1456 manipu-

199 1477 341 1542 lariS,
371 1478 488 1529 dein
517 1479 764 1546 centurio,
792 1494 912 1531 mox
936 1480 1116 1532 castris
1138 1481 1446 1546 praefectus,
1474 1481 1728 1547 antiquam
1762 1480 2040 1548 duramque

200 1569 428 1621 militiam
468 1571 770 1637 revocabat,
824 1576 979 1646 Velit&
1012 1572 1183 1643 operis
1223 1588 1284 1624 ac
1319 1572 1540 1638 laboris,
1598 1577 1649 1624 et
1688 1587 1751 1624 eo
1798 1570 2040 1624 immitior

138 1675 184 1715 1⁵
202 1661 318 1728 quia
370 1660 695 1714 toleraverat.
806 1640 997 1715 Horum
1044 1663 1266 1716 adventu
1311 1663 1690 1732 redintegratur
1732 1664 1948 1730 seditio,
1989 1668 2119 1722 et21

199 1754 321 1821 vagi
345 1754 672 1807 circumiecta
693 1755 1078 1822 populabantur.
1132 1756 1344 1809 Blaesus
1366 1771 1577 1824 paucoS,
1604 1756 1823 1809 maxime
1845 1754 2037 1824 praeda

202 1851 430 1910 onustos,
472 1847 535 1897 ad
572 1851 821 1899 terrorem
851 1853 1137 1899 ceterorum
1159 1847 1320 1900 vadlici
1355 1848 1674 1913 verberibus,
1718 1845 1886 1899 claudi
1921 1861 2040 1900 car-

203 1954 322 1990 cere
360 1938 528 1990 iubet:
580 1954 694 1990 nam
734 1940 884 1991 etiam
921 1945 1022 1991 tum
1054 1940 1227 2008 legato
1278 1956 1306 1991 a
1347 1939 1729 1991 centurionibus
1764 1938 2038 2006 etoptimo

203 2044 403 2097 quoque
437 2030 822 2097 manipularium
845 2032 1132 2098 parebatur.
1207 2031 1284 2083 Illi
1318 2030 1477 2082 obniti
1511 2030 1845 2095 trahentibus,
1881 2045 2042 2098 pren-

136 2128 316 2175 2⁰sare
355 2123 785 2176 circumstantium
819 2139 1018 2192 genua,
1079 2123 1219 2176 ciere
1265 2122 1419 2174 modo
1455 2122 1662 2174 nomina
1702 2121 2037 2190 singulorum,

1324 2233 1352 2245 N

318 2276 359 2317 2.
396 2286 631 2329 expraessa
662 2273 718 2314 M.
783 2273 824 2314 5.
858 2273 1027 2314 itenera
1058 2273 1113 2314 M.
1207 2272 1249 2314 6.
1284 2272 1483 2326 accipere
1514 2270 1570 2312 M.

1667 2271 1735 2313 13.
1770 2275 1946 2312 centurn
1979 2269 2034 2313 M.

200 2334 270 2376 14.
302 2340 419 2376 vetus
450 2332 651 2387 Lipsius:
685 2331 725 2374 M
757 2332 884 2374 intus.
954 2333 1020 2375 15.
1056 2330 1335 2374 tolleraverat
1364 2331 1419 2372 M.
2002 2358 2006 2361 -

195 2462 347 2503 lamini
364 2459 407 2517 ¹2)
458 2459 718 2515 simpliciter
766 2460 811 2501 in
851 2459 1073 2516 obliquam

196 2534 473 2573 conversum,
509 2520 552 2561 h.
589 2534 628 2562 e.
663 2520 784 2562 nulla
818 2520 966 2561 habita
997 2533 1070 2561 ra.-

193 2584 314 2623 tione
347 2580 470 2622 verbi
507 2581 757 2636 praegressi
790 2580 1027 2621 tenderent.

273 2639 378 2694 Cap.
399 2640 470 2683 20.
514 2639 724 2696 manipuli
736 2665 792 2671 —
806 2640 1074 2695 Nauportum

191 2701 309 2741 uiissi
353 2700 402 2741 ob
444 2699 605 2741 itinera
637 2707 677 2741 et
705 2706 856 2755 pontes
889 2706 929 2740 et
960 2698 1070 2739 alios

190 2774 319 2801 usus.-
370 2758 618 2813 Nauportus
668 2765 734 2800 est
773 2758 982 2813 oppidum
1023 2759 1068 2798 in

192 2819 421 2873 superiore
453 2818 705 2860 Pannoniae
739 2824 862 2872 parte
895 2817 949 2858 ad
980 2816 1067 2858 flu-

191 2879 309 2920 vium
346 2879 653 2934 cognominem
674 2879 719 2919 in
740 2878 899 2919 Savum
934 2877 1066 2918 efflu-

193 2942 354 2980 entem.
449 2937 573 2978 Nunc
635 2943 818 2979 vocatur
861 2935 1068 2990 Laybach

193 2996 426 3039 Garniolae
467 2996 653 3054 (Krain)
702 3001 845 3050 caput.
937 2992 1064 3036 Conf.

192 3057 345 3100 Strabo
383 3056 458 3097 Vll
491 3057 516 3099 5
551 3058 595 3108 §.
629 3058 675 3099 2.
735 3053 901 3096 Plinius
921 3053 977 3094 111
1008 3056 1066 3097 22

193 3117 315 3173 (18).
375 3115 576 3157 Velleius
608 3114 775 3158 11110:
803 3128 911 3170 pars
929 3113 1065 3169 (Pan-

192 3176 420 3218 noniorum
440 3175 519 3216 sub
529 3175 729 3231 Augusto
739 3173 1066 3228 rebellantium)

186 3244 333 3292 petere
368 3235 543 3277 ltaliam
571 3235 843 3286 decreverat,
876 3234 1067 3274 iunctam

190 3295 271 3336 sibi
290 3296 504 3351 Nauporti
534 3308 588 3335 ac
625 3294 832 3351 Teryestis
865 3293 1063 3346 confinio.

278 3355 440 3395 nea-illa
473 3354 742 3395 convellunt:
785 3354 900 3393 iuste
934 3351 1064 3392 dubi-

191 3414 271 3454 tari
312 3415 489 3466 nequit,
543 3415 646 3468 quin
698 3413 776 3454 hos
817 3411 1064 3465 manipulos

192 3472 346 3513 eodem
383 3474 475 3511 iure
507 3473 757 3513 vexillarios
801 3472 872 3513 vel
905 3470 1065 3512 veoeilla

191 3531 405 3587 leqionum
421 3543 582 3571 vocare
600 3531 746 3572 Tacito
766 3530 956 3583 licuerit,
980 3541 1066 3585 quo

190 3592 209 3633 l
233 3591 291 3634 38
321 3590 540 3632 vexillarii
567 3589 824 3631 discordium
855 3591 1070 3645 leyionum

192 3655 513 3705 memorantur-3
557 3662 601 3692 v.
636 3654 840 3691 annotata
873 3649 925 3690 ad
958 3649 1000 3690 h.
1035 3648 1064 3690 l.

1263 2458 1491 2502 Sententia
1536 2457 1758 2513 antiquam
1802 2454 2036 2512 duramque

1156 2519 1354 2561 militiam
1379 2518 1626 2570 revocabat,
1659 2523 1776 2558 vetus
1808 2516 1949 2573 operis
1980 2530 2036 2559 ae

1157 2579 1318 2620 laboris
1340 2578 1546 2620 dilatatur
1563 2591 1614 2619 ac
1641 2577 1805 2618 certius
1828 2575 2034 2618 delinitur

1157 2639 1278 2680 illata
1325 2637 1463 2679 altera
1517 2644 1557 2679 et
1598 2649 1645 2678 eo
1688 2636 1892 2678 immitior
1932 2636 2035 2691 quia

1156 2697 1432 2740 toleraverat.
1526 2698 1651 2740 Vetus
1691 2695 1833 2752 operis
1874 2708 1930 2736 ac
1960 2694 2032 2736 la..

1157 2758 1271 2799 boris
1302 2756 1485 2811 perinde
1518 2770 1569 2798 ac
1604 2754 1661 2796 VI
1697 2757 1777 2798 12:
1823 2754 2031 2796 scientiae

1154 2817 1598 2870 caerimoniarumque
1622 2822 1752 2856 vetus.
1798 2812 1882 2857 44:
1914 2820 2032 2856 vetus

1151 2876 1380 2933 reynandi.
1401 2876 1452 2918 H.
1472 2876 1532 2918 lV
1549 2875 1629 2919 20:
1649 2881 1813 2916 veteres
1833 2872 2029 2915 miliciae.

1153 2937 1243 2979 76:
1307 2942 1492 2977 veterem
1554 2941 1852 2990 expertumque
1914 2931 2027 2975 betti.

1153 2995 1379 3037 Genitivus
1408 2995 1450 3035 id
1482 2994 1661 3035 denotat
1694 2995 1818 3035 cuius
1851 2992 2029 3034 invete-

1151 3060 1243 3095 rata
1268 3053 1541 3094 consuetudo
1574 3052 1646 3094 vel
1674 3053 1830 3106 peritia
1863 3051 1908 3092 in
1941 3051 2028 3093 ali-

1153 3126 1238 3169 quo
1272 3112 1564 3166 praedicatur.

1256 3171 1360 3226 Cap.
1396 3173 1467 3214 21.
1548 3183 1651 3211 nam
1693 3171 1821 3211 etiam
1852 3176 1940 3212 tum
1972 3196 2027 3202 —

1145 3232 1412 3289 parebatur.-
1447 3230 1556 3272 haec
1575 3242 1661 3270 non
1680 3230 1738 3271 ita
1771 3230 1886 3272 dicta
1911 3235 2025 3283 sunt,

1152 3292 1273 3347 quasi
1296 3291 1577 3332 centuriones
1612 3295 1655 3331 et
1688 3290 1876 3344 optimus
1901 3290 2027 3345 quis-

1151 3365 1236 3406 que
1258 3350 1591 3404 manipularium
1613 3348 1762 3390 surore
1788 3348 2023 3390 rebellium

1151 3423 1250 3451 mox
1274 3411 1356 3464 ipsi
1380 3410 1567 3464 correpti
1591 3409 1692 3461 sint,
1719 3408 1802 3450 sed
1836 3407 2025 3462 pareba-

1150 3476 1218 3510 tur
1258 3470 1311 3511 ab
1353 3471 1433 3522 iis,
1492 3470 1593 3524 quia
1633 3470 1866 3509 etiamnum
1907 3468 2024 3506 iussa

1152 3530 1274 3571 ducis
1308 3530 1466 3585 exequi
1499 3533 1714 3582 poterant,
1746 3537 1847 3566 mox
1876 3530 2022 3566 autem

1152 3598 1176 3630 a
1210 3589 1445 3643 lymphatis
1464 3585 1676 3628 militibus
1696 3586 1830 3639 spreti
1855 3597 1907 3625 ac
1940 3596 2022 3639 pe-

1150 3648 1218 3689 titi
1242 3646 1498 3692 verberibus
1519 3645 1646 3688 saluti
1665 3657 1770 3687 suae
1790 3643 2021 3689 consulere
