2280 4004
234 291 340 338 a-C.
372 293 446 337 35.
807 288 972 332 LIBER
1005 283 1077 333 VI.
1140 285 1246 331 GAr.
1280 286 1470 333 32-34.
1971 282 2059 324 349

235 433 462 492 montes,
516 432 684 478 aestas
721 426 1016 493 impediret,
1086 428 1201 491 quia
1237 424 1436 476 flatibus
1473 420 1756 476 Etesiarum
1794 423 2061 490 implentur

236 520 393 571 vada:
426 519 668 570 hibernus
698 523 868 570 auster
897 517 1115 569 revolvit
1148 516 1345 581 fluctus,
1374 516 1621 582 pulsoque
1643 516 1894 568 introrsus
1929 516 2059 567 freto

153 618 223 666 :34
238 611 413 662 brevia
459 610 659 660 litorum
696 609 962 659 nudantur.
1061 608 1263 659 Interim
1301 607 1508 659 Oroden
1555 603 1813 658 sociorum
1859 607 2061 672 inopem

239 706 414 753 auctus
449 699 636 751 auxilio
662 699 1026 749 Pharasmanes
1061 712 1250 748 voc-are
1276 697 1338 753 ad
1373 711 1591 764 pugnam
1620 702 1669 749 et
1700 697 2061 750 detrectantem

239 790 525 853 incessere,
567 788 863 854 adequitare
902 788 1110 851 castriS,
1154 787 1413 839 infensare
1450 787 1658 853 pabula3
1718 804 1779 839 ac
1819 802 1972 854 saepe
2012 781 2132 838 in‘5'

240 880 442 932 modum
483 879 671 930 obsidii
709 879 1009 931 stationibus
1049 878 1313 946 cingebat,
1376 878 1543 929 donec
1583 879 1750 930 Parthi
1802 878 2068 932 contume-

228 971 418 1022 .liarum
453 970 732 1021 insolentes
770 953 1202 1021 circumsisterent
1234 984 1438 1036 regem,
1490 975 1764 1035 poscerent
1800 970 2065 1036 proelium.

243 1063 408 1127 Atque
445 1060 543 1112 illis
571 1060 680 1112 sola
711 1060 762 1110 in
801 1061 968 1126 equite
1003 1060 1107 1110 vis:
1155 1060 1520 1112 Pharasmanes
1563 1065 1611 1111 et
1644 1061 1813 1126 pedite
1848 1061 2066 1112 valebat.

243 1154 366 1204 Nam
400 1151 576 1203 Hiberi
599 1151 886 1216 Albanique
923 1150 1177 1202 saltuosos
1217 1150 1362 1202 locos
1400 1151 1682 1203 incolentes
1722 1151 1938 1203 duritiae
1973 1163 2100 1218 pa-·

244 1243 550 1308 tientiaeque
602 1243 766 1309 magis
801 1242 1087 1292 insuevere.
1180 1242 1464 1307 Feruntque
1513 1257 1571 1294 se
1610 1242 1863 1294 Thessalis
1910 1248 2068 1309 ortos,
2087 1262 2136 1299 ιο

247 1349 342 1400 qua
378 1337 675 1399 tempestate
716 1333 847 1397 IaSO,
885 1337 1001 1398 post
1038 1336 1267 1382 avectam
1303 1332 1533 1384 Medeam
1570 1334 1874 1400 genitosque
1911 1350 1975 1385 ex
2011 1349 2072 1386 ea

247 1425 468 1489 liberos,
509 1424 711 1475 inanem
746 1437 867 1474 mox
901 1423 1096 1490 regiam
1121 1423 1315 1474 Aeetae
1346 1437 1639 1489 vacuosque
1664 1424 1883 1476 Colchos
1920 1439 2074 1491 repe-

251 1516 375 1567 tivit.
445 1514 696 1580 Multaque
735 1514 799 1566 de
834 1514 1041 1565 nomine
1080 1515 1206 1578 eiuS,
1247 1518 1295 1564 ct
1333 1513 1557 1564 oraclum
1582 1514 1749 1566 Phrixi
1789 1515 2072 1579 celebrant3

251 1623 347 1658 nec
385 1589 646 1673 quisquam
695 1606 855 1657 ariete
889 1605 1278 1669 sacrificaverit,
1343 1604 1536 1656 credito
1577 1606 1782 1658 vexisse
1820 1607 2072 1672 Phrixum,

253 1700 362 1750 sive
389 1698 439 1748 id
477 1696 661 1747 animal
697 1712 788 1748 seu
821 1697 967 1747 navis
995 1696 1197 1763 insigne
1219 1696 1323 1746 fuit.
1399 1696 1632 1747 Ceterum
1670 1697 1862 1749 directa
1896 1699 2141 1750 utrim-io

253 1803 349 1856 que
375 1790 503 1853 acie,
527 1787 734 1839 Parthus
760 1788 1022 1854 imperium
1046 1787 1285 1852 Orientis,
1319 1787 1670 1839 claritudinem
1692 1788 2073 1855 Arsacidarum,

255 1885 534 1945 contraque
570 1877 848 1945 ignobilem
883 1878 1150 1943 Hiberum,
1202 1878 1520 1929 mercenario
1560 1878 1717 1931 milite
1769 1879 2049 1932 disserebat
2063 1898 2077 1943 3

370 2010 414 2055 3.
444 2011 663 2054 nudanter
693 2022 743 2064 pr
773 2010 829 2052 M.

257 2071 390 2113 inseri
422 2070 548 2111 iussit
579 2071 785 2113 Muretus.

256 2131 462 2172 cennario
495 2129 548 2172 M.

923 2010 1094 2052 Oroden
1125 2010 1180 2063 M,
1211 2023 1299 2051 non
1332 2010 1527 2054 Orodem.
1627 2011 1668 2053 5.
1703 2011 1751 2052 in
1781 2010 1904 2053 deest
1936 2015 1979 2052 in
2011 2011 2076 2053 M:

882 2069 949 2113 12.
983 2076 1109 2112 aecae
1146 2070 1212 2111 M:
1257 2071 1446 2112 correxit
1485 2068 1741 2112 Beroaldus.
1850 2073 1917 2114 17.
1959 2084 2076 2112 mer-

259 2252 512 2295 Suetonium
546 2252 589 2292 in
622 2250 796 2292 Nerone
830 2264 867 2292 c.
895 2249 948 2292 19
974 2255 1128 2306 portae

1208 2261 1295 2290 non
1319 2250 1534 2302 infestari,
1567 2256 1714 2292 austro
1738 2250 1893 2293 fluctus
1914 2252 1967 2294 ab
2001 2264 2076 2294 ora

260 2312 460 2367 Caspiae.
537 2309 705 2351 Plinius
738 2310 795 2350 Vl
839 2310 918 2353 12:
967 2309 1020 2350 ab
1064 2309 1130 2350 liis

1207 2310 1250 2350 in
1271 2308 1404 2349 altum
1419 2321 1537 2350 mare
1550 2311 1802 2368 (introrsus)
1815 2312 2075 2366 repellente.

259 2377 355 2412 sunt
391 2376 544 2426 portae
579 2368 835 2420 Caucasiae,
867 2381 1022 2423 magno
1055 2382 1129 2410 er..

258 2443 358 2471 rore
388 2429 529 2470 multis
563 2428 748 2484 Caspiae
782 2427 944 2478 dictae,
976 2428 1128 2481 inqens

259 2495 443 2529 naturae
489 2501 590 2543 opus
628 2486 836 2528 montibus
880 2487 1130 2541 interruptis

260 2554 456 2603 repente3
503 2546 575 2587 ubi
602 2547 720 2600 fores
752 2545 919 2586 obditae
950 2547 1130 2600 serratis

262 2606 471 2657 trabibus,
520 2604 662 2646 subter
694 2604 857 2646 medias
889 2617 1013 2645 amne
1046 2603 1132 2644 diri

263 2665 405 2707 odoris
446 2665 631 2719 fluente,
698 2664 890 2718 citraque
934 2664 981 2704 in
1025 2676 1130 2719 rupe

264 2723 438 2766 castello
458 2748 513 2755 —
529 2723 797 2765 communito.
853 2721 920 2763 Ad
939 2734 1129 2764 errorem

267 2783 389 2825 illum
428 2782 652 2823 vitandum
698 2781 870 2822 Tacitus
921 2780 1131 2836 generale

264 2854 422 2883 nomen
434 2841 636 2896 Caspiam
655 2841 769 2881 viam
790 2840 878 2894 (die
901 2839 1133 2895 Caspische

265 2901 453 2955 Strasse)
486 2899 646 2953 posuit.

354 2959 454 3013 quia
471 2956 767 3012 —implentur
788 2956 926 2997 vada:
960 2955 1012 2997 ad
1032 2969 1134 3010 par-

267 3017 444 3059 ticulam
496 3017 596 3070 quia
649 3014 827 3056 verbum
878 3014 1133 3071 implemur,

269 3088 353 3117 non
407 3077 536 3116 etiam
586 3074 805 3115 nudantur
858 3073 1134 3115 referendum

272 3141 360 3175 est:
393 3147 490 3175 nam
522 3133 666 3186 priore
699 3135 924 3174 enuntiato
947 3134 1135 3190 (quia—-

269 3192 401 3249 vada)
433 3204 564 3233 causa
597 3193 830 3244 exponitur
858 3205 935 3233 cur
966 3191 1135 3232 aestivo

273 3257 482 3304 tempore,
499 3249 661 3290 Etesiis
684 3250 934 3291 borealibus
964 3251 1136 3303 spiran-

273 3309 386 3350 tibus
420 3306 642 3361 undasque
675 3308 719 3348 in
750 3308 903 3350 brevia
948 3314 991 3349 et
1022 3306 1137 3348 nuda

275 3369 446 3410 litorum
465 3365 759 3416 volventibus,
773 3380 826 3407 ex
842 3367 978 3408 altera
995 3372 1138 3408 autem

275 3432 394 3482 parte
417 3424 634 3466 montibus
669 3425 711 3464 in
742 3436 859 3465 oram
885 3426 1140 3479 prominen-

276 3486 415 3537 tibus,
465 3483 752 3525 Sarmatarum
785 3483 947 3524 auxilia
980 3484 1023 3523 in
1056 3483 1141 3523 Ar-

274 3545 460 3586 meniam
502 3543 735 3596 pervenire
774 3554 860 3582 non
903 3542 1138 3596 potuerint.

276 3602 591 3657 Explicationis
624 3613 753 3642 causa
773 3600 958 3654 additur,
991 3600 1138 3642 hiber-

279 3661 346 3706 nis
376 3659 597 3706 iriensibus
629 3659 706 3707 illa
753 3659 880 3705 litora
919 3658 972 3705 ab
1014 3659 1139 3705 undis

1209 2366 1337 2409 Conf.
1372 2366 1545 2409 Curtius
1582 2368 1637 2410 VI
1668 2370 1697 2412 4
1731 2370 1799 2413 19.

1298 2427 1445 2468 brevia
1468 2427 1638 2469 litorum
1653 2443 1666 2469 .·
1700 2435 1800 2469 sunt
1822 2429 1933 2470 vada
1956 2429 2077 2469 iuxta

1209 2498 1326 2527 oram
1360 2486 1490 2527 maris
1515 2487 1613 2528 sita.
1676 2488 1835 2530 Brevia
1867 2501 1891 2529 e
1913 2487 2076 2529 Graeco

1209 2539 1285 2602 (τὰ
1350 2543 1518 2602 βροῖχη)
1581 2558 1840 2588 conversum
1902 2559 2078 2590 nomen.

1210 2603 1276 2646 cf.
1303 2603 1400 2645 XIV
1432 2603 1489 2646 29
1521 2604 1669 2660 ibique
1691 2612 1838 2647 annot.
1867 2605 2080 2662 Virgilius

1211 2664 1321 2705 Aen.
1345 2662 1363 2703 I
1399 2664 1505 2705 111:
1539 2665 1616 2705 tris
1642 2667 1825 2722 (naves)
1848 2664 1995 2706 Eurus
2026 2664 2080 2706 ab

1211 2723 1298 2764 alto
1331 2723 1378 2763 in
1411 2721 1559 2763 brevia
1591 2730 1630 2764 et
1658 2725 1785 2778 syrtis
1815 2730 1981 2778 uryuet.

1301 2779 1406 2834 Cap.
1428 2781 1500 2822 34.
1560 2783 1785 2838 feruntque
1805 2797 1848 2824 se
1872 2782 2081 2824 Thessalis

1212 2845 1349 2892 ortos,
1382 2852 1465 2893 qua
1496 2846 1739 2896 tempestate
1771 2867 1826 2874 -—
1858 2841 2079 2897 repetivit:

1213 2897 1331 2939 conf.
1366 2897 1518 2940 Strabo
1552 2898 1609 2940 XI
1655 2902 1682 2942 2
1734 2900 1786 2943 18
1831 2905 1873 2941 et
1915 2903 1969 2943 14
2014 2901 2082 2950 12,

1212 2956 1430 2998 Diodorus
1454 2957 1513 2997 lV
1546 2958 1602 3000 55
1626 2965 1669 2998 et
1691 2959 1762 3011 56,
1787 2958 2082 3013 Apollodorus

1212 3014 1229 3055 1
1261 3015 1289 3058 9
1320 3015 1391 3067 28,
1424 3017 1660 3070 praecipue
1689 3018 1877 3060 lustinus
1900 3016 2009 3059 XLll
2039 3019 2080 3058 3.

1217 3115 1222 3119 ,
1301 3074 1462 3115 credito
1502 3076 1664 3116 vexisse
1698 3076 1924 3117 Plurimum:
1973 3075 2084 3115 haec

1217 3145 1389 3173 causam
1409 3132 1606 3174 referunt
1628 3146 1703 3174 cur
1728 3134 1875 3174 Hiberi
1898 3132 2083 3174 Albani-

1217 3204 1300 3244 que
1347 3191 1400 3231 ab
1452 3192 1589 3231 ariete
1642 3191 1902 3233 immolando
1946 3190 2084 3232 absti-

1217 3254 1363 3290 neant.
1428 3248 1578 3302 Itaque
1621 3262 1788 3291 comma
1830 3251 1954 3304 posui
1988 3255 2086 3303 post

1217 3307 1543 3359 sacrificaverit.

1308 3364 1536 3419 ignobilem
1568 3365 1782 3415 Hiberum,
1815 3366 2084 3406 mercenario

1219 3421 1376 3463 milite.-
1411 3422 1495 3464 duo
1519 3422 1699 3464 Parthus
1721 3423 1951 3476 exprobrat
1969 3423 2084 3466 Pha-

1221 3482 1428 3533 minant,
1485 3483 1629 3537 gentis
1675 3482 1983 3524 obscuritatem
2043 3488 2087 3524 et

1223 3539 1384 3581 milites
1405 3539 1606 3582 mercede
1626 3541 1878 3583 conductos.
1922 3542 2086 3594 Quam.

1225 3598 1373 3640 obrem
1436 3605 1534 3654 post
1599 3600 1802 3642 Hiberum
1861 3603 2085 3646 commatis

1224 3658 1444 3704 distinctio
1477 3657 1626 3705 debuit
1659 3671 1771 3706 esse.
