2280 4004
241 291 273 331 θ’
299 279 348 327 O.
384 282 453 328 14.
486 303 490 306 ·
762 296 766 300 ’
848 280 1014 326 LIBER
1043 279 1076 324 Ι.
1140 279 1248 324 ΟΑΡ.
1286 279 1472 327 19-23.
2006 281 2069 325 29

240 429 393 481 modo
445 428 722 481 centuriam
780 427 992 495 quisque
1040 425 1182 478 cuius
1231 423 1558 492 manipularis
1580 427 1727 489 erat,
1783 421 2063 488 cohortem,

239 521 514 589 legionem,
541 521 718 573 eadem
742 519 973 571 omnibus
999 518 1261 570 imminere
1291 516 1620 568 clamitantes.
1696 514 1851 568 Simul
1877 514 2066 581 probra

240 613 292 664 in
325 613 546 681 legatum
574 611 842 677 cumulant,
886 610 1078 662 caelum
1118 626 1178 662 ac
1217 609 1341 662 deos
1379 609 1707 672 obtestantur,
1732 606 1856 657 nihil
1882 606 2066 672 reliqui

241 704 432 756 faciunt
480 718 578 768 quo
632 702 795 754 minus
844 702 1087 754 invidiam
1135 700 1567 765 misericordiam,
1629 704 1812 750 metum
1865 703 1915 749 et
1962 698 2065 749 iras

238 799 609 862 permoverent.
700 794 1000 845 Accurritur
1051 794 1113 845 ab
1159 793 1441 857 universiS,
1503 797 1552 844 et
1596 806 1805 843 carcere
1851 789 2105 843 effractos

239 885 441 938 solvunt
475 884 707 949 vincula,
749 885 1142 951 desertoresque
1177 900 1237 936 ac
1273 900 1441 936 rerum
1485 883 1768 950 capitalium
1800 883 2066 936 damnatos

153 983 224 1031 22
237 977 336 1030 sibi
356 977 464 1031 ‘iam
491 976 722 1028 miscent.
795 976 1117 1044 Flagrantior
1141 976 1262 1027 inde
1288 976 1383 1041 vis,
1412 975 1582 1041 plures
1617 975 1856 1028 seditioni
1890 975 2063 1027 duceS.

235 1069 300 1121 Et
330 1068 606 1121 Vibulenus
661 1067 862 1134 quidam
914 1068 1187 1134 gregarius
1234 1068 1413 1131 mileS,
1475 1072 1591 1118 ante
1643 1067 1863 1118 tribunal
1897 1066 2065 1118 Blaesi

237 1159 499 1212 adlevatus
537 1159 965 1210 circumstantium
1002 1159 1255 1224 humeriS,
1297 1157 1428 1224 apud
1461 1158 1687 1209 turbatos
1730 1163 1779 1209 et
1817 1158 1935 1224 quid
1971 1172 2068 1223 pa-

234 1256 374 1303 raret
396 1251 617 1303 intentos
649 1246 762 1303 ‘vos
794 1248 1028 1317 quidem',
1067 1250 1244 1316 inquit,
1278 1245 1376 1300 ‘his
1411 1249 1768 1301 innocentibus
1805 1254 1855 1300 et
1881 1249 2067 1300 miser-
2084 1267 2133 1305 ιο

232 1342 376 1395 rimis
411 1343 575 1395 lucem
610 1347 659 1394 et
692 1342 920 1409 spiritum
941 1341 1267 1394 reddidistis:
1312 1340 1403 1393 sed
1438 1341 1549 1408 quis
1578 1341 1722 1392 fratri
1750 1355 1864 1392 meo
1894 1341 2063 1406 vitam,

236 1435 348 1502 quis
383 1435 588 1487 fratrem
629 1434 750 1485 mihi
788 1434 995 1487 reddit?
1033 1448 1179 1501 quem
1217 1433 1424 1485 missum
1467 1433 1530 1485 ad
1567 1448 1660 1485 vos
1696 1449 1724 1485 a
1760 1432 2065 1485 Germanico

236 1527 465 1579 exercitu
501 1527 566 1579 de
605 1527 952 1579 communibus
990 1526 1303 1591 commodiS,
1360 1531 1511 1577 nocte
1546 1525 1776 1592 proxima
1818 1525 2065 1592 iugulavit

234 1633 328 1685 per
367 1618 680 1686 gladiatores
716 1633 868 1684 SUOS,
934 1632 1060 1684 quos
1109 1617 1161 1668 in
1214 1617 1418 1670 exitium
1456 1617 1664 1668 militum
1718 1616 1871 1668 habet
1915 1621 2066 1682 atque

237 1715 412 1762 armat.
485 1710 774 1777 Responde,
812 1710 1010 1775 Blaese,
1049 1710 1136 1760 ubi
1175 1709 1400 1761 cadaverv
1435 1709 1703 1760 abieceriS.
1776 1709 1851 1762 Ne
1890 1707 2129 1761 hostesis

235 1801 437 1869 quidem
461 1801 718 1876 sepultura
750 1802 993 1869 invident.
1051 1802 1173 1853 Cum
1204 1801 1413 1866 osculis,
1446 1816 1556 1852 cum
1584 1800 1807 1851 lacrimis
1836 1799 2065 1851 dolorem

233 1908 398 1946 meum
436 1894 742 1960 implevem,
782 1910 861 1946 me
902 1908 1102 1961 quoque
1137 1893 1381 1945 trucidari
1415 1893 1560 1958 iube,
1614 1892 1730 1943 dum
1769 1891 2067 1944 interfectos

233 1985 421 2037 nullum
461 1986 526 2036 ob
566 1985 760 2051 scelus,
817 1985 910 2037 sed
952 1985 1069 2052 quia
1105 1985 1306 2035 utilitati
1355 1984 1615 2052 legionum
1657 1983 2063 2047 consulebamus,

150 2076 286 2132 23hi
319 2077 600 2143 sepeliant.’
670 2076 980 2128 Incendebat
1015 2076 1144 2128 haec
1181 2077 1328 2141 fletu,
1363 2081 1413 2127 et
1448 2081 1624 2141 pectus
1661 2080 1810 2141 atque
1853 2090 1910 2126 os
1951 2090 2065 2125 ma·-

233 2169 382 2221 nibus
419 2169 715 2221 verberans.
787 2168 907 2221 Mox
935 2168 1163 2220 disiectis
1193 2183 1405 2234 quorum
1438 2182 1531 2233 per.
1563 2167 1803 2219 humeros
1839 2167 2129 2219 sustine-20

1739 2308 1781 2351 9.
1813 2308 1972 2350 umeris
2003 2307 2058 2349 Μ.

353 2311 390 2352 1.
425 2310 544 2351 cuius
577 2310 747 2364 quisque
778 2307 1132 2365 Bezzenberger.
1226 2309 1267 2350 5.
1310 2308 1560 2351 adcurritur
1591 2308 1645 2351 M.

1655 2369 1723 2410 11.
1755 2368 1972 2409 redidistis
2003 2368 2058 2409 M.

232 2376 336 2426 aput
365 2368 420 2410 M.
489 2371 556 2412 10.
589 2369 835 2410 misserimis
868 2370 1012 2423 (prius
1045 2383 1064 2410 s
1095 2373 1259 2423 puncto
1292 2372 1491 2425 notatur)
1524 2369 1580 2410 M.

236 2431 304 2472 14.
338 2428 435 2470 abet
463 2428 517 2470 M.
644 2429 711 2471 15.
746 2427 956 2483 ableqeris
999 2430 1110 2483 (non
1144 2427 1359 2484 abeyeris)
1404 2427 1468 2469 M:
1503 2428 1712 2469 abieceris
1742 2427 1983 2469 Beroaldus
2016 2428 2062 2468 in

233 2501 319 2556 mg.
354 2487 394 2530 M
428 2493 472 2528 et
504 2488 549 2528 in
583 2487 650 2529 ed.
720 2487 787 2529 19.
820 2487 866 2528 hi
896 2487 1089 2528 Muretus
1123 2500 1174 2528 ac
1206 2486 1404 2541 Lipsius:
1439 2487 1478 2528 M
1510 2488 1556 2529 ii.
1620 2486 1844 2528 incedebat
1876 2486 1915 2528 M
1950 2489 2061 2543 (non

230 2547 535 2604 incedebantJ:
570 2546 842 2589 emendatum
875 2552 941 2589 est
971 2547 1016 2587 in
1047 2546 1251 2588 Beroaldi
1285 2547 1495 2588 editione.
1558 2547 1630 2590 20.
1663 2559 1830 2588 umeros
1861 2545 1917 2587 M.

232 2659 445 2716 fugiendo
479 2661 621 2702 coacti
655 2666 768 2702 sunt.
834 2661 938 2704 Sine
972 2647 1103 2702 causa

232 2718 285 2760 ad
325 2719 442 2761 hunc
506 2720 652 2762 locum
703 2720 844 2762 haesit
885 2720 1101 2773 Wolfius,

234 2779 356 2820 cuius
400 2779 695 2822 dubitationes
753 2779 867 2828 bene
916 2781 1106 2822 removit

234 2837 502 2880 waltherus.

234 2896 371 2948 diam,
415 2904 568 2940 metum
600 2905 640 2940 et
669 2900 787 2940 iras.-

233 2954 287 2995 ad
318 2955 374 2996 XI
405 2956 446 2998 6.

323 3013 427 3069 Cap.
448 3018 520 3060 22.
582 3029 636 3058 ne
669 3015 806 3058 hostes
839 3016 1003 3071 quidem
1034 3032 1106 3060 se-

229 3072 405 3128 pultura
423 3075 639 3116 invident.-
675 3075 815 3118 Germ.
829 3077 886 3120 33
903 3091 913 3118 z
932 3091 986 3118 ne
1006 3091 1104 3133 spe-

235 3132 401 3174 ctaculo
465 3135 629 3188 quidem
684 3135 844 3190 proelii
894 3135 1102 3178 invidere.

233 3190 464 3234 Ablativus
496 3207 585 3235 rem
618 3193 838 3249 significat
869 3196 965 3237 sive
1000 3195 1104 3236 son-

236 3254 337 3301 tem,
370 3250 484 3292 unde
518 3254 683 3294 oriatur
707 3253 896 3307 invidia3
932 3254 1104 3296 dativ'us

236 3319 450 3360 personae
491 3313 569 3367 (ei)
611 3311 879 3365 supplendus
921 3318 1002 3354 est.
1063 3313 1103 3352 Is

237 3379 340 3407 usus
373 3370 574 3421 proprius
615 3375 681 3411 est
713 3372 972 3424 scriptorum
1005 3377 1103 3424 post

237 3438 411 3467 auream
444 3433 630 3469 aetatem
672 3430 922 3483 agentium,
966 3429 1107 3471 veluti

236 3483 398 3526 Lucani
429 3485 503 3527 Vll
534 3486 633 3538 798,
667 3485 796 3527 Plinii
828 3486 967 3540 Epist.
995 3486 1103 3540 110,

239 3542 293 3584 111
313 3543 357 3597 8,
378 3544 576 3587 aliorum.
613 3545 910 3596 Quintilianus
931 3544 988 3586 IX
1006 3547 1034 3588 3
1057 3548 1103 3587 1:

237 3603 378 3657 itaque
406 3605 445 3645 si
466 3607 682 3661 antiquum
705 3618 940 3646 sermonem
961 3612 1105 3646 nostro

241 3675 553 3721 comparemus,
598 3677 739 3723 paene
779 3665 868 3708 iam
908 3664 1109 3721 quidquid

569 2860 571 2862 ·
615 2838 823 2881 invidiam
853 2840 1104 2881 misericor-

855 2898 912 2940 οἱ.
955 2904 1103 2940 annot.

1190 2660 1414 2715 loquimur,
1443 2662 1586 2717 figura
1611 2666 1685 2712 est,
1717 2667 1765 2701 ut
1783 2658 1885 2701 ‘hac
1910 2672 1958 2700 re
1990 2660 2063 2701 in-

1187 2719 1361 2775 videre',
1413 2734 1501 2762 non
1552 2726 1598 2761 ut
1645 2733 1787 2760 omnes
1829 2726 1991 2760 veteres
2025 2726 2064 2760 et

1192 2780 1344 2822 Cicero
1376 2780 1626 2836 praecipue,
1659 2778 1790 2820 ‘hanc
1810 2779 1926 2820 rem’.
1973 2778 2063 2820 Re-

1189 2839 1630 2893 spicitQuintilianus
1650 2837 2061 2880 Ciceronis'ruscul.

1188 2898 1293 2941 1119
1321 2900 1393 2942 20.
1458 2899 1661 2940 Horatius
1687 2897 1877 2940 Graecos
1909 2909 2062 2938 aemu-

1190 2957 1303 2999 latus
1338 2959 1468 2999 etiam
1503 2958 1746 3014 genitivum
1791 2957 1893 2997 huic
1926 2956 2062 2997 verbo

1190 3018 1332 3058 iunxit
1365 3018 1501 3060 Serm.
1535 3016 1572 3057 ΙΙ
1617 3016 1645 3059 6
1686 3016 1770 3058 84:
1816 3029 1950 3070 neque
1997 3014 2064 3056 illi

1189 3077 1362 3132 sepositi
1414 3077 1567 3118 ciceris
1598 3090 1679 3117 nec
1725 3075 1879 3130 lonqae
1910 3074 2063 3116 invidit

1189 3149 1367 3176 avenae.
1421 3136 1614 3177 Genitivi
1649 3134 1799 3175 eadem
1835 3146 1946 3188 quae
1979 3133 2060 3174 ab-

1188 3194 1314 3235 lativi
1347 3194 1389 3235 h.
1424 3194 1453 3235 l.
1489 3200 1555 3236 est
1585 3193 1711 3234 ratio,

1279 3251 1383 3306 Cap.
1417 3254 1488 3296 23.
1550 3259 1596 3293 ut
1623 3265 1729 3307 pars
1751 3250 1930 3292 militum
1959 3250 2061 3305 yla-

1190 3311 1378 3352 diatores
1412 3325 1600 3366 —pars
1647 3317 1834 3351 ceteram
1878 3310 2061 3351 eiusdem

1186 3370 1398 3424 familiam
1429 3371 1664 3420 vincirent,
1717 3368 1797 3410 alii
1829 3393 1884 3400 -
1918 3370 2059 3425 effun-

1190 3428 1420 3469 derentur.-
1475 3442 1570 3469 rara
1618 3433 1710 3468 arte
1765 3433 1812 3468 ut
1858 3440 2058 3483 quaeque

1190 3488 1447 3542 gravissima
1480 3494 1601 3529 erant
1625 3488 1808 3541 primum
1841 3500 2059 3528 memora..

1189 3547 1276 3586 vit:
1310 3547 1472 3601 quippe
1505 3552 1605 3588 ante
1638 3546 1783 3587 omnia
1815 3552 2058 3599 patratores

1190 3604 1335 3646 caedis
1367 3606 1527 3647 atrocis
1551 3606 1781 3661 exquirere
1814 3610 1857 3645 et
1888 3607 2057 3659 punire,

1188 3670 1278 3707 tum
1289 3670 1425 3709 testes
1442 3664 1624 3710 idoneos
1646 3664 1824 3719 habere,
1834 3669 2056 3720 postremo
