2222 4022
222 259 320 328 ¹Lvl
1005 282 1272 327 Pnoossuu

223 429 515 495 nominare,
555 429 928 494 subscriptores
968 428 1198 479 omittere
1238 427 1394 479 satius
1425 426 1574 492 duxi,
1613 441 1675 478 eo
1712 426 1874 495 magis
1913 426 2052 495 quod

224 522 335 589 ipse
364 522 510 573 dotes
542 520 653 572 illas
695 534 798 570 non
837 519 934 570 nisi
968 519 1212 587 diligente
1256 519 1487 569 examine
1524 518 1812 584 exploratas
1851 518 2047 570 admisi.

362 612 514 664 Aliud
567 612 771 678 propria
820 615 938 678 eget
991 610 1337 662 excusatione.
1434 610 1640 662 Scilicet
1693 609 1950 662 nonnullis
1997 609 2051 660 in

223 702 354 755 locis
407 702 798 755 describentium
860 707 1106 771 peccator,-
1141 702 1230 752 toti
1284 715 1463 754 versus
1514 701 1597 754 vel
1650 701 1840 768 aliquot
1893 715 2050 753 voces
2129 736 2138 741 f

223 794 605 859 interciderunt,
639 807 763 860 quas
800 794 930 845 iuste
969 779 1216 845 denotare
1251 809 1367 860 pars
1407 798 1483 845 est
1522 793 1768 856 medelae,
1806 797 2050 859 quatenus

225 882 394 936 cetera
433 885 743 936 illustrantur
780 889 829 936 et
861 884 1060 936 facilius
1099 884 1461 952 intelliguntur.
1537 885 1591 935 In
1631 882 1880 935 eiusmodi
1919 883 2050 934 locis

224 975 494 1042 aliquoties
531 976 829 1042 interposita
865 991 964 1027 una
1002 976 1084 1027 vel
1112 975 1267 1027 altera
1304 991 1450 1040 voce,
1486 977 1713 1042 quamvis
1750 974 2052 1026 dubitationi

222 1081 326 1117 non
354 1071 603 1133 exempta,
642 1067 709 1118 ita
738 1067 900 1118 iuvari
926 1067 1200 1118 verborum
1226 1056 1531 1120 intellectum
1567 1067 1754 1133 alioqui
1780 1067 2051 1118 obscurum

224 1162 273 1209 et
309 1157 596 1224 legentibus
652 1157 907 1209 difficilem
957 1159 1322 1223 animadverti,
1385 1164 1440 1209 ut
1475 1159 1591 1209 voci
1638 1173 1784 1224 quam
1829 1156 2050 1223 elapsam

223 1264 339 1301 esse
380 1249 749 1314 coniiciebam,
810 1249 990 1301 litteris
1028 1250 1283 1301 inclinatis
1325 1251 1457 1301 inter
1508 1255 1676 1302 cetera
1716 1249 1884 1300 locum
1921 1261 2051 1299 con-

224 1342 412 1394 cedere
460 1357 562 1393 non
618 1342 970 1394 dubitaverim.
1066 1342 1118 1393 ld
1171 1348 1337 1394 tamen
1374 1357 1492 1393 raro
1544 1346 1593 1393 et
1636 1354 1890 1407 nunquam
1938 1338 2050 1391 sine

219 1434 349 1486 iusta
389 1434 734 1486 admonitione
775 1434 960 1486 factum
999 1439 1090 1485 est.

358 1527 534 1577 Restat
567 1530 621 1576 ut
656 1526 907 1577 editiones
959 1526 1217 1591 potioreS‚
1274 1525 1392 1576 dein
1431 1524 1672 1591 opuscula
1712 1528 1761 1575 et
1802 1523 2135 1576 disserta-34

220 1615 386 1667 tiones
434 1616 661 1667 virorum
709 1616 1001 1681 doctorum,
1065 1617 1149 1682 qui
1201 1616 1359 1667 Taciti
1424 1617 1611 1682 scripta
1669 1614 1943 1666 emendare
2002 1617 2052 1665 et

220 1706 476 1773 explicare
514 1708 749 1774 aggressi
787 1712 929 1772 sunt,
971 1712 1380 1759 enumerentur1.

365 1797 513 1851 1470.
588 1799 757 1849 Editio
787 1800 1030 1864 princeps
1070 1799 1180 1849 sive
1215 1798 1503 1864 Spirensis,
1561 1798 1672 1850 sine
1710 1796 1885 1862 titulo,
1937 1796 2049 1849 sine

219 1887 321 1939 loci
352 1890 694 1957 temporisque
730 1896 879 1955 nota,
923 1891 1085 1942 forma
1123 1892 1370 1955 maxima,
1412 1905 1558 1956 quam
1598 1903 1730 1940 anno
1776 1886 1908 1941 1470
1943 1888 2050 1940 Ve-

222 1981 372 2032 netiis
407 1996 501 2047 per
545 1980 860 2033 Vendelinum
894 1982 954 2032 de
996 1981 1152 2047 Spira
1191 1982 1474 2051 evulgatam
1530 1997 1645 2034 esse
1691 1979 1947 2048 colligitur
1987 1995 2052 2032 ex

223 2072 458 2124 versibus
495 2071 547 2122 in
583 2073 682 2125 fine
717 2073 964 2125 adiectis:

918 2164 1056 2215 Finis
1092 2165 1201 2215 Deo
1243 2165 1356 2215 laus

388 2254 675 2306 Caesareos
712 2271 878 2306 mores
917 2255 1095 2306 scribit
1130 2255 1409 2307 Cornelius,
1485 2259 1589 2304 esto

555 2347 657 2398 Iste
692 2347 780 2397 tibi
816 2348 1008 2398 codex.-
1047 2347 1292 2399 historiae
1323 2353 1474 2412 pater
1514 2351 1602 2396 est.

388 2437 582 2505 Insiyni
621 2453 764 2503 quem
801 2438 949 2490 laude
987 2439 1120 2506 feret
1150 2454 1272 2506 qens
1305 2445 1549 2504 postera:
1581 2437 1775 2503 pressit

554 2528 714 2594 Spira
746 2545 1010 2594 premens:
1048 2530 1175 2581 artis
1212 2531 1377 2597 yloria
1408 2530 1581 2595 prima
1615 2543 1756 2579 suae.

362 2634 607 2685 Nimirum
654 2635 880 2687 Joannes
945 2637 1008 2688 de
1043 2637 1217 2703 Spira,
1272 2637 1431 2688 frater
1461 2632 1758 2701 Vendelini‚
1814 2639 1923 2687 arte
1960 2645 2051 2682 sua

221 2724 432 2790 primum
474 2725 739 2777 Ciceronis
798 2727 1039 2793 epistolas
1098 2728 1160 2779 ad
1204 2728 1436 2780 diversos
1495 2732 1543 2779 et
1579 2727 1723 2778 Plinii
1762 2726 2051 2779 Naturalem

225 2815 488 2867 historiam
530 2818 879 2870 excudendam
921 2824 1214 2884 curaverat,
1255 2835 1385 2886 quae
1429 2835 1579 2886 opera
1622 2822 1965 2871 memorantur
1999 2819 2051 2869 in

219 2905 491 2974 privilegio
543 2907 729 2958 Joanni
799 2924 1050 2961 concesso
1108 2927 1135 2962 a
1179 2911 1367 2963 Senatu
1413 2912 1608 2963 Veneto
1674 2910 1755 2962 die
1813 2909 1875 2963 18
1914 2909 2048 2977 Sept.

222 3013 267 3048 a.
313 2994 445 3049 1469
496 3006 569 3061 (v.
608 2999 818 3051 Panzeri
856 2999 1081 3051 Annales
1136 3007 1327 3067 typoyr.
1383 3006 1416 3052 t.
1456 3003 1520 3053 ΙΙΙ
1568 3017 1614 3068 p.
1656 3002 1777 3067 62),
1844 3001 1923 3052 cui
1968 3005 2053 3052 aut

221 3087 403 3139 eodem
450 3103 583 3140 anno
637 3095 720 3140 aut
776 3091 868 3144 sub
920 3092 1221 3157 principium
1275 3092 1504 3157 proxime
1553 3091 1813 3158 sequentis
1851 3096 2048 3142 mortuo

220 3179 471 3231 successit
497 3180 825 3246 Vendelinus,
862 3183 945 3247 qui
969 3183 1193 3233 Tacitum
1232 3182 1441 3247 primum
1473 3182 1593 3233 artis
1633 3196 1755 3232 suae
1792 3181 2051 3247 specimen

219 3269 465 3334 praebuit.
574 3271 729 3323 Deest
785 3273 927 3338 prior
990 3289 1107 3339 pars
1163 3273 1431 3324 Annalium
1492 3278 1541 3324 et
1596 3273 1698 3324 vita
1754 3271 2047 3341 Agricolae.

317 3490 352 3531 1.
387 3488 514 3532 Conf.
535 3491 821 3548 Allyemeines
850 3496 1061 3552 biblioqra
1174 3497 1352 3539 Manuel
1385 3498 1440 3539 du
1461 3497 1674 3539 Libraire.
1725 3495 1769 3539 Τ.
1797 3495 1858 3536 lv
1889 3507 1930 3549 p.
1962 3493 2052 3539 384

216 3546 415 3604 phisches
452 3549 656 3592 Lexicon.
724 3554 817 3595 Von
850 3554 919 3596 Fr.
956 3555 1089 3598 Adon·
1174 3569 1268 3614 sqq.
1301 3556 1369 3601 ed.
1404 3563 1542 3613 quart.
1578 3554 1752 3598 Parisiis
1792 3552 1915 3597 1843.

221 3604 369 3649 Ebert.
433 3606 476 3650 T.
502 3607 540 3650 11
572 3621 614 3664 p.
636 3609 722 3655 872
756 3624 849 3668 sqq.
898 3613 1086 3656 Brunet:
1964 3619 1969 3627 ¹
