2280 4004
281 253 372 300 2⁰6

1046 254 1257 302 ANNALI
1263 255 1342 301 VM

1857 274 1898 306 a.
1926 270 1974 311 Ι.
2007 261 2110 307 ⁷⁷4.

282 398 415 465 apud
441 398 619 452 latera.
692 398 895 450 Paulum
922 414 1098 456 morae
1130 401 1345 454 attulere
1373 401 1549 455 ferrati
1574 385 1882 457 restantibus
1912 403 2112 460 laminis

282 488 550 540 adversum
588 488 688 554 pila
733 493 782 540 et
832 488 1033 554 gladios
1048 506 1063 552 3
1116 490 1208 542 sed
1255 490 1399 543 miles
1458 493 1706 559 correptis
1753 494 2019 551 securibus
2063 501 2114 550 et

282 575 524 642 dolabris,
564 581 617 627 ut
651 578 696 628 si
734 592 926 628 murum
966 585 1341 657 perrumperet,
1391 581 1611 636 caedere
1649 584 1873 651 tegmina
1896 590 1967 638 ‘et‘
1993 601 2116 640 eor-

279 682 431 734 pora3
471 667 673 733 quidam
711 668 941 720 trudibus
970 675 1054 720 aut
1091 653 1257 722 furcis
1289 671 1503 725 inertem
1540 674 1723 731 molem
1757 681 2114 742 prosternere3

244 757 628 826 siacentesque‚
667 759 805 811 nullo
847 760 912 811 ad
953 762 1329 829 resurgendum
1365 764 1496 830 nisu,
1536 766 1680 831 quasi
1714 767 1972 821 exanimes
2010 767 2112 822 lin-

281 850 578 915 quebantur.

653 850 897 905 Sacrovir
931 851 1094 917 primo
1134 854 1593 921 Augustodunum,
1635 857 1755 910 dein
1792 862 1927 912 metu
1964 857 2114 913 dedi-

278 939 432 992 tionis
467 940 519 992 in
556 941 728 995 villam
766 942 1099 1009 propinquam
1148 960 1260 995 cum
1311 945 1568 999 fidissimis
1620 948 1802 1016 pergit.
1878 949 1985 1002 lllic
2022 963 2114 1003 sua

278 1047 456 1097 manu,
510 1031 692 1098 reliqui
727 1035 908 1086 mutuis
964 1035 1149 1087 ictibus
1201 1036 1460 1090 occidere.

282 1137 458 1174 omnes
496 1124 754 1176 cremavit.

1548 1039 1761 1095 Incensa
1802 1054 1958 1106 super
1993 1040 2111 1095 villa

850 1125 971 1176 Tum
1028 1125 1226 1178 demum
1273 1127 1501 1179 Tiberius
1554 1133 1717 1180 ortum
1764 1135 2113 1203 patratumque
2131 1134 2199 1183 47

219 1212 464 1265 nobellum
503 1215 700 1266 senatui
738 1215 978 1281 scripsit3
1014 1231 1180 1283 neque
1220 1217 1435 1284 dempsit
1472 1224 1556 1273 aut
1593 1219 1788 1272 addidit
1820 1236 1981 1287 vero,
2020 1221 2113 1273 sed

280 1305 379 1359 fide
417 1320 477 1356 ac
513 1305 699 1358 virtute
736 1305 952 1373 legatOS‚
984 1322 1042 1359 se
1079 1308 1307 1359 consiliis
1343 1310 1673 1375 superfuisse.

1748 1311 1904 1368 Simul
1930 1324 2114 1367 causas

282 1411 373 1446 cur
423 1411 526 1447 non
578 1396 713 1463 ipse,
789 1411 892 1447 non
939 1397 1133 1449 Drusus
1186 1398 1405 1464 profecti
1463 1400 1526 1451 ad
1584 1401 1635 1453 id
1687 1401 1873 1455 bellum
1926 1402 2112 1467 forent,

280 1486 540 1552 adiunxit,
604 1487 1003 1555 magnitudinem
1060 1489 1258 1555 imperii
1314 1490 1594 1557 extollens,
1652 1507 1818 1558 neque
1872 1492 2115 1549 decorum

278 1578 610 1645 principibus,
653 1579 697 1630 si
735 1594 833 1631 una
874 1579 1100 1633 alterave
1132 1581 1310 1633 civitas
1349 1582 1532 1648 turbet,
1570 1583 1759 1637 omissa
1796 1583 1941 1650 urbo,
1979 1584 2116 1640 unde

218 1668 331 1719 asin
358 1669 527 1721 omnia
563 1670 812 1736 regimen,
855 1685 884 1719 ὴ
925 1684 955 1719 ss
995 1685 1025 1719 a
1053 1671 1198 1724 Nunc
1223 1672 1338 1738 quia
1369 1687 1473 1729 non
1498 1679 1632 1727 metu
1653 1674 1882 1740 ducatur,
1912 1675 2113 1739 iturum,

278 1764 331 1810 ut
382 1761 669 1826 praesentia
736 1766 990 1826 spectaret
1055 1769 1499 1830 componeretque.

277 1857 396 1903 vota
434 1867 527 1918 pro
567 1853 735 1904 reditu
770 1853 878 1904 eius
917 1854 1416 1921 supplicationesque
1453 1861 1502 1908 et
1542 1856 1640 1911 alia
1681 1856 1890 1911 decora.

1599 1765 1892 1820 Decrevere
1945 1770 2114 1832 patres

1963 1857 2114 1911 Solus

277 1943 545 1995 Dolabella
586 1944 870 2009 Cornelius,
912 1945 1029 1995 dum
1065 1946 1261 1997 anteire
1303 1952 1503 1999 ceteros
1540 1953 1711 2014 parat,
1754 1947 2025 2000 absurdam
2063 1949 2116 2000 in

402 2085 439 2125 1.
475 2083 688 2126 lamminis
719 2084 773 2126 M.

865 2086 906 2127 2.
939 2091 1002 2126 set
1032 2085 1087 2127 Μ.
1150 2085 1192 2128 8.
1227 2086 1426 2143 incensa]
1459 2088 1659 2143 inqressa
1679 2087 1746 2130 M:
1778 2088 1912 2131 tacite
1943 2062 2115 2138 emend.

280 2142 529 2186 Rhenanus.
597 2145 665 2187 10.
699 2150 871 2185 senatus
902 2144 955 2186 M.
1020 2146 1183 2201 tempsit
1214 2145 1267 2187 M,
1335 2147 1403 2188 15.
1434 2146 1579 2188 hiatus
1612 2148 1739 2204 signa
1769 2147 1823 2190 ab
1853 2147 2036 2210 editore.

347 2259 604 2300 restantibus
620 2258 791 2301 laminis
804 2259 1029 2301 adversum
1038 2260 1133 2316 pila
1145 2276 1156 2301 .-

281 2319 459 2372 antique
481 2317 564 2358 hoc
588 2318 747 2359 dictum
763 2331 839 2373 pro
855 2319 1157 2361 resistentibus.

280 2376 509 2419 Lucretius
560 2377 599 2418 11
647 2377 761 2420 450:
813 2391 1004 2435 aeraque
1052 2392 1159 2434 quae

282 2436 483 2478 claustris
515 2438 727 2479 restantia
758 2439 1070 2493 vociferantur.

367 2495 484 2536 nullo
510 2496 567 2537 ad
588 2497 893 2550 resurgendum
919 2497 1016 2538 nisu
1032 2510 1046 2537 .·
1078 2495 1158 2539 de·-

281 2554 455 2595 licientc
488 2556 654 2596 nitendi
686 2556 727 2596 vi
752 2554 803 2595 ad
824 2555 1155 2611 resurgendum.

369 2612 473 2666 Cap.
508 2614 579 2656 47.
644 2614 799 2655 omissa
827 2616 946 2668 urbe,
978 2614 1090 2655 unde
1112 2615 1158 2655 in

281 2673 426 2714 omnia
456 2674 672 2726 regimen,
705 2686 862 2714 unam
894 2686 988 2717 sua
1021 2687 1158 2716 cura

280 2730 543 2788 amplecti
586 2733 984 2787 provinciam:
1047 2731 1158 2773 baec

280 2790 373 2832 sere
406 2791 576 2846 integra
601 2791 732 2831 fuerit
754 2790 888 2832 Taciti
923 2791 1156 2843 sententia,

280 2849 356 2891 sed
390 2851 434 2890 in
468 2855 672 2891 contextu
707 2852 853 2904 operis
887 2850 1050 2892 hiatum
1084 2851 1155 2891 in-

281 2908 427 2949 dicare
461 2908 612 2961 debui,
666 2922 760 2949 cum
805 2911 898 2964 ipsa
931 2910 1155 2965 scriptoris

280 2967 414 3008 verba
430 2968 663 3008 restituere
688 2980 773 3007 non
793 2970 877 3009 nisi
895 2970 930 3009 is
951 2982 1156 3025 arrogare

281 3026 362 3068 sibi
390 3027 542 3080 possit,
571 3028 643 3081 qui
661 3039 773 3068 vano
795 3026 937 3068 studio
959 3027 1153 3069 ducatur.

278 3085 367 3127 Alii
419 3085 528 3127 baec
576 3091 829 3128 tentavere:
878 3085 1069 3128 Pichena
1103 3100 1156 3127 ex

280 3143 642 3186 antecedentibus
675 3145 733 3186 acl
761 3144 913 3187 bellum
940 3147 1158 3201 proficisci

282 3204 551 3260 cogitatione
571 3204 856 3259 repetendum
873 3204 1154 3257 existimavit,

281 3263 397 3319 quod
451 3262 544 3305 fieri
600 3265 772 3319 nequit,
826 3263 899 3305 vel
952 3276 1046 3305 eam
1100 3263 1155 3305 ob

281 3335 452 3364 causam
487 3323 601 3377 quod
625 3329 726 3364 ante
755 3329 819 3365 est
843 3322 961 3364 adid
990 3321 1155 3375 bellum,

279 3392 395 3422 nunc
454 3388 597 3424 autem
646 3395 731 3423 non
790 3383 873 3423 iam
925 3380 978 3423 de
1037 3381 1155 3423 hello

281 3439 448 3482 Gallico
466 3453 607 3482 sermo
635 3447 714 3493 est,
739 3440 816 3482 sed
838 3442 881 3481 in
904 3442 1156 3483 universum

281 3497 334 3539 de
386 3498 520 3539 turbis
574 3501 895 3553 provinciarum
954 3501 1156 3555 princeps

280 3556 498 3613 loquitur3
532 3557 725 3610 Ryckius
759 3572 813 3599 ex
844 3560 1041 3613 proximo
1076 3559 1157 3601 du-

282 3622 406 3659 catur
435 3615 629 3672 suppleri
650 3616 791 3659 voluit
805 3618 904 3660 duci
929 3621 1004 3677 (--,-
1022 3618 1155 3673 trahi,

1242 2263 1449 2319 evocari),
1461 2261 1576 2317 quod
1586 2263 1763 2308 minime
1773 2260 2117 2322 approbandum:

1240 2334 1337 2364 nam
1358 2321 1467 2365 illud
1490 2321 1672 2366 ducatur
1689 2320 1776 2367 alia
1793 2316 2118 2390 significatione

1239 2379 1482 2434 praeditum
1504 2386 1572 2423 est
1584 2393 1710 2437 quam
1722 2378 1996 2437 Ryektanum
2013 2394 2115 2427 evo-

1242 2439 1352 2484 cari.
1372 2439 1577 2485 Aurelius
1603 2437 1982 2484 etFreinshemius
2003 2440 2115 2485 omi-

1239 2499 1342 2545 sisse
1383 2497 1530 2541 urbem
1570 2497 1804 2554 legendum
1835 2508 2016 2545 suasere
2036 2509 2115 2558 pro

1242 2557 1387 2602 verbis
1413 2559 1530 2602 sanis
1564 2563 1608 2600 et
1635 2569 1722 2602 non
1745 2557 1962 2615 suspectis
1983 2558 2114 2605 omis-

1238 2630 1287 2658 sa
1319 2617 1437 2660 urbe.

1326 2701 1432 2756 Cap.
1466 2703 1539 2745 48.
1596 2702 1670 2745 sub
1701 2703 1812 2746 idem
1843 2711 2027 2760 tempus:
2061 2701 2115 2747 nd

1239 2761 1543 2815 complendam
1577 2762 1706 2804 buius
1745 2765 1848 2808 anni
1889 2753 2115 2808 historiam

1240 2821 1325 2861 duo
1386 2821 1620 2864 referenda
1680 2828 1880 2875 restant,
1932 2826 2115 2878 quom

1239 2892 1372 2921 unum
1405 2881 1551 2922 verbis
1583 2883 1657 2923 sub
1688 2881 1801 2923 idem
1831 2889 2014 2938 impu,
2044 2876 2117 2922 11-

1239 2945 1377 2980 terum
1407 2941 1492 2994 fine
1528 2943 1636 2982 anni
1661 2941 1879 2995 prioribus
1901 2938 2117 2996 quodam-

1240 2999 1366 3039 modo
1401 3001 1690 3041 connectltur.
1761 2999 1857 3041 vid.
1898 2998 1953 3040 ad
1993 2998 2113 3040 153.

1328 3085 1739 3130 Homonadensium:
1774 3084 1928 3127 Strabo
1945 3082 2022 3127 XII
2043 3082 2072 3127 6
2087 3083 2114 3125 5

1238 3155 1280 3197 p.
1303 3143 1389 3186 569
1409 3158 1418 3183 :
1448 3144 1806 3204 Ὁμοναδέας-
1821 3143 1870 3188 δὲ
1890 3146 2118 3200 Κυρίνιος

1238 3202 1526 3259 ἐξεπόρθησε
1550 3204 1682 3263 λιμῷ,
1715 3206 1794 3247 καὶ
1826 3215 2115 3260 τετρακισχι-

1235 3265 1360 3311 λίους
1396 3259 1577 3320 ἄνδρας
1616 3265 1851 3322 ἐζώγρησε
1885 3265 1965 3306 καὶ
2005 3273 2118 3307 συν·

1251 3320 1410 3366 ὀκισεν
1482 3326 1546 3368 εἰς
1608 3316 1689 3372 τὰς
1743 3317 1890 3379 ἐγγύς
1941 3320 2113 3367 πόλέις.

1272 3379 1347 3421 lin.
1385 3380 1421 3420 V
1454 3381 1511 3424 23
1545 3381 1665 3438 (27).
1731 3379 1971 3423 Consulatu
2009 3377 2114 3418 fun-

1241 3445 1334 3480 ctus
1369 3445 1434 3481 est
1457 3439 1663 3491 Quirinus
1695 3453 1734 3482 a.
1767 3440 1876 3490 7423
1910 3434 2026 3478 conf.
2060 3433 2115 3476 ad

1239 3497 1276 3540 II
1307 3499 1380 3541 30.
1476 3499 1677 3552 datusque
1707 3503 1850 3539 rector
1870 3494 1977 3537 Gaio
1997 3494 2113 3536 Cae-

1242 3558 1358 3599 sari:
1400 3559 1444 3601 id
1475 3557 1634 3599 accidit
1681 3569 1719 3598 a.
1754 3555 1864 3606 7553
1897 3552 1986 3596 vid.
2020 3551 2113 3595 No-

1242 3617 1337 3660 risii
1371 3614 1611 3672 Cenotaph.
1644 3614 1787 3659 Pisan.
1821 3625 1863 3670 p.
1898 3612 1982 3657 251
2015 3624 2110 3673 sqq.
