2280 4004
61 915 66 917 Δ
91 895 102 911 t

54 916 109 945 “fx

233 273 323 323 loo

962 282 966 283 ’
996 275 1290 320 ANNALIW

1807 295 1847 326 a.
1868 281 1924 326 'a
1955 277 2061 328 270.

228 421 360 473 riam
399 422 721 486 servavisse,
761 435 881 473 mox
918 423 1298 475 conditionibus
1334 423 1512 490 aequis
1549 423 1866 492 discessum3
1895 439 2062 496 neque

229 513 494 579 paenitere
548 513 682 579 quod
740 513 966 579 ipsorum
1019 514 1072 564 in
1128 530 1277 565 manu
1331 517 1423 580 sit,
1489 516 1740 592 integrum
1794 518 2061 572 adversum

229 604 487 657 Romanos
537 604 721 656 bellum
770 619 833 655 an
883 619 1062 676 pacem
1108 606 1422 657 incruentam
1459 607 1648 659 malint.

1722 609 1813 660 His
1838 609 2062 662 *vocibus

229 695 500 747 instinctos
537 696 795 748 exercitus
830 697 1069 762 propriae
1109 711 1312 763 quoque
1349 713 1534 750 causae
1572 699 1908 765 stimulabant,
1949 712 2063 751 eum

192 799 260 839 ta
299 786 570 838 Cheruscis
607 786 1061 853 Langobardisque
1107 802 1200 854 pro
1240 789 1446 855 antiquo
1497 789 1687 841 decore
1725 795 1810 841 aut
1853 795 2063 842 recente

227 876 493 942 libertate,
552 883 602 929 et
651 883 825 929 contra
882 879 1149 953 augendae
1190 879 1877 954 ‚dominationi„certaret—ur.
1949 882 2063 934 Non

227 967 357 1019 alias
395 949 590 1020 maiore
633 954 1136 1036 mole‘con'cursum,
1184 986 1350 1038 neque
1383 973 1622 1040 ambiguo
1659 973 1823 1040 magis
1861 978 2061 1038 eventu,

228 1058 356 1110 fusis
380 1060 631 1126 utrimque
659 1061 849 1113 dextris
876 1062 1133 1114 cornibus.

1208 1064 1615 1131 Spei-abaturque
1637 1078 1835 1116 rursum
1873 1078 2060 1131 pugna,

228 1150 282 1199 ni
318 1151 662 1203 Maroboduus
701 1157 867 1203 castra
907 1155 959 1204 in
995 1153 1153 1205 colles
1189 1154 1533 1206 subduxisset.
1575 1207 1577 1209 ,
1609 1155 1664 1207 ld
1701 1156 1902 1223 signum
1937 1168 2062 1222 per-

166 1252 217 1290 so
232 1241 359 1294 culsi
394 1243 487 1294 fuit
497 1261 512 1307 3
550 1249 598 1294 et
625 1244 923 1312 transfugiis
948 1246 1183 1311 paulatim
1211 1246 1425 1298 nudatus
1462 1247 1514 1298 in
1542 1247 1897 1299 Marcomanos
1935 1260 2066 1298 con·-

232 1334 402 1398 cessit,
434 1334 671 1401 misitque
697 1335 896 1403 legatos
934 1337 997 1388 ad
1022 1337 1276 1389 Tiberium
1313 1343 1548 1390 oraturos
1571 1337 1773 1390 auxilia.
1829 1339 2066 1404 Respon—

229 1440 341 1478 sum
393 1431 470 1478 est
518 1442 622 1478 non
674 1428 786 1479 iure
838 1443 950 1479 eum
1007 1429 1253 1482 adversus
1305 1430 1593 1482 Cheruscos
1645 1445 1785 1482 arma
1836 1430 2062 1483 Romana

226 1518 491 1584 invocare,
541 1519 623 1585 qui
648 1521 925 1587 pugnantis
957 1521 1010 1572 in
1037 1522 1252 1573 eundem
1284 1522 1482 1574 hostem
1510 1523 1768 1575 Romanos
1796 1521 1932 1574 nulla
1965 1534 2063 1588 ope

226 1609 458 1662 iuvisset.
516 1610 700 1662 Missus
736 1616 903 1663 tamen
927 1613 1138 1679 Drusus,
1182 1619 1235 1664 ut
1268 1613 1564 1679 rettulimus,
1603 1614 1717 1680 paci
1751 1614 2012 1666 firmator.'

368 1702 563 1754 Eodem
605 1718 738 1754 anno
792 1703 1064 1756 duodecim
1112 1705 1343 1758 celebres
1381 1705 1541 1758 Asiae
1589 1706 1751 1758 urbes.
1808 1705 2148 1773 collapsam?

350 1858 388 1898 1.
425 1857 592 1898 condic.
638 1856 709 1899 Or.

833 1860 875 1900 4.
922 1871 1050 1899 cause
1081 1858 1118 1900 M
1126 1890 1135 1900 .

1259 1858 1303 1902 5.
1350 1864 1522 1900 recente
1558 1856 1623 1898 M:
1663 1855 1837 1911 Lipsius
1882 1856 2061 1898 recenti.

226 1914 269 1958 9.
302 1928 357 1956 ne
391 1915 442 1958 M.
511 1917 578 1959 10.
615 1917 870 1972 transfuyiis
901 1918 954 1969 M,
986 1930 1075 1958 non
1109 1919 1361 1972 transfugis.
1426 1914 1849 1959 MarcomannosM:
1878 1913 2064 1970 simplex

223 1988 255 2016 n
288 1977 317 2020 2
348 1975 407 2020 62
444 1976 560 2017 etin
593 1975 717 2019 libris
755 1975 899 2020 Germ.
932 1979 1005 2021 42.
1074 1978 1142 2020 12.
1176 1977 1360 2018 adverus
1392 1976 1445 2019 Μ.
1512 1977 1579 2019 15.
1616 1974 1728 2018 conl.
1763 1974 1821 2018 Μ.

310 2139 392 2182 pro
426 2126 600 2180 antiquo
635 2126 788 2169 decore
820 2134 895 2169 aut
932 2135 1103 2170 recente

225 2183 447 2227 libertate.-
476 2200 558 2242 pro
592 2187 766 2241 antiquo
801 2187 953 2228 decore
977 2194 1104 2230 vetus

223 2244 410 2287 Arminii
436 2245 579 2298 mila,
610 2260 691 2302 pro
716 2254 887 2288 recente
908 2246 1104 2289 libertate

224 2304 330 2345 novi
382 2304 477 2347 eius
525 2306 634 2346 socii
685 2312 785 2347 ante
835 2306 1102 2348 Maroboduo

224 2362 429 2416 subiecti,
459 2365 699 2407 Semnones
722 2365 1101 2422 Langobardique,

226 2428 470 2466 certavere.
561 2424 608 2464 in
635 2425 969 2467 Marcomanos.-
992 2439 1103 2481 quae

225 2482 283 2523 sit
306 2494 413 2524 vera
444 2483 633 2525 nominis
666 2486 881 2539 scriptura
913 2485 1104 2527 ostendit

226 2541 389 2583 Statius
408 2542 516 2585 silv.
552 2542 611 2584 ΙΙΙ
636 2544 663 2586 3
700 2545 808 2588 170:
843 2558 950 2599 quae
981 2544 1102 2586 modo

225 2600 536 2643 Marcomanos
590 2610 686 2657 post
749 2603 931 2644 horrida
993 2603 1104 2645 bella

223 2673 435 2716 vagosque
470 2666 554 2702 cet.

312 2749 462 2790 missus
503 2754 644 2789 tamen
686 2748 852 2790 Drusus
899 2774 954 2780 —-
998 2749 1104 2805 paci

219 2806 442 2859 firmator.-
474 2809 541 2849 rei
575 2813 781 2849 eventum
814 2820 989 2849 narrare
1018 2807 1101 2849 hoc

224 2864 324 2907 loco
357 2877 446 2907 non
478 2869 621 2921 potuit
653 2867 873 2909 annalium
896 2868 1097 2922 scriptor,

224 2926 327 2978 quia
378 2927 509 2968 tertio
563 2925 734 2968 demum
799 2940 912 2967 anno
969 2930 1102 2982 (post

225 2980 327 3025 Chr.
348 2985 424 3041 19)
447 2984 550 3026 illae
569 2985 811 3027 discordiae
832 2988 1099 3040 compositae

223 3048 349 3096 sunt3
384 3057 426 3086 v.
460 3043 498 3085 11
531 3044 589 3088 62
623 3050 666 3086 et
697 3045 769 3087 63.

221 3109 388 3144 mator.-
423 3117 465 3145 v.
500 3110 646 3145 annot.
681 3103 734 3145 ad
766 3103 783 3144 1
815 3105 858 3146 3.

329 3188 434 3245 Cap.
483 3189 555 3233 47.

221 3245 354 3290 Asiae
385 3250 512 3291 urbes
543 3249 786 3306 collapsae:
833 3251 889 3293 cf.
931 3250 1098 3292 Plinius

219 3304 256 3347 ll
287 3308 345 3351 86
387 3309 520 3366 (84):
570 3311 780 3352 maximus
822 3317 966 3352 terrae
1006 3324 1098 3351 mc-

219 3369 361 3408 moria
379 3368 625 3410 mortalium
643 3371 780 3412 extitit
795 3378 931 3412 motus
946 3370 1102 3412 Tiberii

224 3423 427 3467 Caesaris
456 3429 706 3484 principatu
723 3460 735 3481 ,
769 3430 989 3471 duodecim
1019 3443 1100 3470 ur-

221 3482 339 3526 bibus
380 3485 512 3526 Asiae
556 3501 647 3528 una
689 3495 813 3530 nocte
852 3489 1096 3544 prostratis.

220 3542 374 3584 Strabo
393 3543 470 3584 XlI
496 3545 525 3586 8
549 3546 615 3587 18.
650 3545 733 3588 Dio
748 3547 861 3589 LVII
892 3549 958 3590 17.
985 3547 1099 3590 Oro-

218 3602 310 3643 sius
334 3601 471 3645 v114.
510 3601 682 3646 Eckhel
702 3606 755 3647 D.
779 3606 830 3649 N.
856 3606 983 3661 v1.p.
1000 3607 1097 3651 192.

219 3657 389 3720 eorpus
428 3660 763 3721 inscriptionum
797 3664 868 3711 Gr.
900 3665 1097 3711 Bocckh.

886 3047 991 3101 paci
1017 3047 1099 3099 fir-

629 3191 849 3234 duodecim
914 3190 1099 3233 celebres

1189 2140 1231 2168 n.
1267 2126 1384 2170 3450
1418 2132 1461 2168 et
1492 2126 1623 2169 3461.
1664 2124 1711 2166 ln
1743 2136 1923 2167 numero
1949 2121 2063 2167 duo-

1190 2186 1369 2228 denario
1381 2185 1546 2227 Plinius
1561 2198 1656 2227 cum
1666 2184 1814 2227 Tacito
1829 2185 2063 2238 consentit,

1190 2245 1483 2299 Hieronymus
1525 2246 1569 2286 in
1614 2243 1832 2286 Chronico
1880 2249 1924 2287 et
1960 2243 2063 2292 indo

1191 2304 1422 2358 Syncellus
1462 2318 1504 2359 p.
1548 2304 1635 2346 319
1679 2303 1889 2346 tredecim
1930 2301 2061 2346 urbes

1191 2369 1431 2415 enumerat,
1466 2365 1519 2404 iis
1552 2376 1658 2417 quas
1672 2362 1843 2404 Tacitus
1866 2363 2063 2404 nominat

1190 2422 1434 2478 adiungens
1466 2421 1711 2477 Ephe-sum,-
1753 2421 1870 2463 basis
1901 2433 2062 2463 monu-

1189 2483 1323 2523 menti
1345 2481 1458 2535 apud
1469 2481 1677 2523 Puteolos
1702 2495 1741 2523 a.
1766 2480 1881 2524 1693
1903 2480 2062 2523 effossa

1192 2540 1391 2596 (Graevii
1431 2539 1556 2582 Thes.
1598 2540 1746 2596 Antiq.
1791 2539 1943 2582 Graec.
1986 2538 2064 2582 VH

1190 2613 1230 2654 p.
1264 2601 1540 2656 433-504),
1575 2612 1686 2655 quae
1720 2599 1814 2641 sola
1845 2605 2060 2653 superest,

1188 2665 1361 2713 praeter
1413 2659 1526 2700 hanc
1586 2660 1716 2700 etiam
1768 2656 2060 2712 Cibyraticum

1187 2731 1301 2759 anno
1335 2717 1505 2759 demum
1526 2719 1647 2761 232-
1667 2718 1753 2760 776
1776 2723 1918 2759 terrae
1940 2724 2059 2760 motu

1188 2777 1448 2819 labefactam
1472 2776 1631 2832 (Tacit.
1646 2777 1705 2818 lv
1719 2778 1796 2833 13)
1821 2783 2060 2830 enumerat,

1188 2835 1535 2892 quattuordecim
1568 2836 1729 2893 figuras
1754 2835 1992 2879 muliebres
2015 2838 2059 2879 in

1186 2895 1333 2950 lapide
1388 2896 1560 2938 Tiberio
1624 2895 1768 2937 dicato
1831 2894 2060 2950 exhibens,

1186 2955 1444 3009 subscriptis
1462 2954 1810 3011 quattuordecim
1834 2955 2058 2998 civitatum

1186 3015 1449 3055 nominibus.
1512 3014 1558 3055 ld
1618 3019 1946 3056 monumentum
2007 3013 2060 3056 ad

1185 3074 1515 3115 similitudinem
1549 3074 1732 3126 colossi,
1766 3086 1894 3128 quem
1926 3074 2058 3116 Asiae

1187 3133 1388 3174 civitates
1402 3132 1620 3174 beneficio
1639 3132 1875 3174 obstrictae
1884 3130 2056 3174 Tiberio

1186 3190 1495 3233 dedicaverant
1527 3191 1689 3233 Romae
1730 3192 1773 3233 in
1806 3191 1902 3233 foro
1935 3191 2057 3233 iuxta

1185 3249 1338 3293 aedem
1374 3251 1563 3292 Veneris
1602 3249 1843 3292 astantibus
1885 3249 2056 3292 urbium

1185 3309 1429 3351 simulacris
1463 3312 1526 3364 (a.
1566 3310 1619 3354 19
1650 3309 1722 3351 vel
1754 3309 1885 3364 paulo
1916 3314 2056 3366 post),

1185 3368 1238 3409 ab
1271 3368 1587 3426 Augustalibus
1626 3369 1876 3412 Puteolanis
1915 3381 1957 3410 a.
1998 3369 2057 3411 30

1185 3445 1236 3464 =
1258 3428 1343 3471 783
1377 3441 1629 3483 expressum
1665 3435 1744 3471 est.
1795 3426 1863 3469 Cf.
1903 3425 2056 3468 Orellii

1184 3489 1382 3543 Inscript.
1440 3487 1533 3530 Lat.
1582 3501 1626 3530 n.
1679 3487 1779 3530 687.
1841 3483 2056 3527 Boeckhii

1187 3547 1318 3602 Corp.
1353 3548 1551 3601 inscript.
1586 3546 1654 3588 Gr.
1689 3552 1719 3586 t.
1751 3544 1788 3585 11
1819 3557 1861 3598 p.
1895 3543 1996 3586 810.

1272 3608 1318 3648 in
1349 3607 1590 3648 Sardianos
1612 3604 1699 3645 lues
1715 3618 1728 3643 .·
1764 3615 1857 3645 eam
1878 3601 2056 3646 deflevit

1185 3666 1347 3711 Bianor
1375 3664 1556 3710 Anthol.
1592 3662 1727 3707 Palat.
1762 3661 1825 3708 lx
1851 3659 1953 3708 423.
