2280 4004
223 242 255 304 e
848 239 850 241 ·
974 231 1266 278 nummu
1794 243 1834 277 a.
1861 216 1912 291 isi.
1943 231 2050 300 eoo.

224 379 571 444 medentibus,
611 377 689 431 sic
726 376 826 428 sori
866 374 1010 427 tabes
1047 374 1312 441 pecuniam
1350 373 1615 427 advocatis
1655 374 1801 428 ferat.
1856 377 2054 443 Memi-

224 472 420 524 nissent
445 469 630 533 Asinii,
653 466 922 532 Messalae,
957 482 1018 518 ac
1051 466 1395 518 recentiorum
1421 465 1650 518 Arruntii
1675 472 1725 519 et
1751 467 2052 535 Aesernini:

225 563 290 615 ad
325 577 518 614 summa
557 564 832 627 provectos
883 559 1178 625 incorrupta
1225 558 1328 609 vita
1374 563 1423 610 et
1463 558 1718 611 facundia.
1790 559 1929 613 Talia
1971 560 2055 620 di·-

225 656 372 704 cente
442 650 652 703 consule
716 650 1024 718 designato,
1089 648 1522 701 consentientibus
1573 649 1714 714 aliis,
1781 649 2055 716 parabatur

185 742 472 798 :sententia
511 757 608 809 qua
654 742 773 810 lege
812 728 1204 808 repetundarum
1241 745 1558 807 tenerentur,
1615 755 1726 793 cum
1763 739 1968 794 Suillius
2005 747 2056 794 et

224 834 556 887 Cossutianus
593 839 644 885 et
683 834 858 898 ceteri,
901 833 985 899 qui
1011 847 1115 884 non
1151 831 1409 898 iudicium,
1442 831 1624 899 quippe
1662 832 1715 882 in
1736 832 2053 898 manifestos,

222 925 315 978 sed
350 940 568 992 poenam
620 924 771 976 statui
800 923 1098 989 ·videbant,
1155 908 1532 993 circumsistunt
1568 924 1872 990 Caesarem,
1937 928 2054 976 ante

222 1021 336 1082 acta
367 1016 719 1083 deprecantes,
793 1015 855 1067 Et
880 1020 1147 1083 postquam
1174 1014 1365 1080 adnuit,
1403 1030 1560 1083 agere
1594 1015 1864 1082 incipiunt:
1906 1025 2103 1082 quem?

221 1108 359 1160 illum
387 1113 524 1160 tanta
555 1106 792 1174 superbia
819 1122 935 1159 esse
958 1112 1013 1157 ut
1037 1106 1385 1160 aeternitatem
1413 1106 1578 1159 famae
1613 1122 1705 1173 spe
1730 1107 2054 1174 praesumat?

161 1219 208 1255 io
223 1200 345 1265 Usui
386 1204 436 1252 et
470 1200 624 1252 rebus
673 1198 953 1251 subsidium
988 1198 1312 1265 praeparari,
1370 1214 1435 1250 ne
1469 1198 1581 1264 quis
1618 1198 1791 1265 inopia
1826 1197 2056 1253 advoca-e

342 1354 384 1395 2.
418 1350 576 1404 Asinii,
612 1350 828 1393 Messalae
861 1350 1027 1394 editor:
1062 1350 1200 1408 vulgo
1241 1349 1326 1393 Gai
1356 1349 1500 1392 Asinii
1531 1357 1570 1392 et
1603 1350 1834 1403 Messalae,
1866 1349 1934 1397 Ma
1964 1350 2057 1407 yali

223 1411 368 1454 Asinii
400 1411 632 1454 Messalae.

222 1526 472 1586 manifestos
491 1529 574 1573 Ma.

224 1591 380 1631 annuit
410 1589 491 1632 Ma.

223 1647 345 1691 illum
376 1647 466 1696 Ma:
498 1648 631 1692 ullum
664 1648 712 1691 G.
804 1653 920 1706 fame
955 1648 1033 1691 Ma.

313 1786 424 1827 Huic
467 1787 697 1828 iuncturae
738 1785 893 1827 similis
938 1791 1005 1829 est
1047 1799 1100 1828 ea

227 1845 303 1886 ubi
339 1845 508 1887 duobus
541 1845 770 1888 vocabulis
802 1847 921 1888 iuxta
945 1847 1100 1901 positis

230 1904 467 1960 respondet
490 1905 676 1948 alterum
697 1906 952 1959 membrum,
986 1906 1102 1962 quod

228 1976 318 2005 non
336 1964 505 2006 duobus
525 1971 696 2007 constat
719 1965 796 2007 sed
820 1977 922 2018 uno,
958 1978 1101 2021 eoque

230 2023 347 2065 unde
379 2023 638 2080 plerumque
671 2024 759 2066 alia
780 2037 867 2066 vox
889 2024 961 2067 vel
986 2025 1101 2067 aliae

228 2083 436 2137 pendent,
457 2084 596 2128 veluti
621 2084 636 2125 1
666 2086 714 2127 7:
738 2083 943 2126 excubiae
962 2098 1101 2137 arma,

231 2149 378 2184 cetera
409 2144 551 2188 aulae.
615 2144 701 2188 28:
748 2144 908 2201 viqiliis
949 2145 1104 2186 statio-

229 2203 353 2243 nibus
372 2236 383 2255 ,
419 2204 620 2245 custodiis
647 2211 887 2260 portarum.
950 2203 987 2244 II
1020 2205 1103 2248 30:

230 2261 387 2303 stolida
417 2277 555 2315 vana,
599 2263 637 2304 si
667 2264 846 2310 mollius,
869 2264 1104 2320 acciperes,

231 2322 497 2365 miseranda.
532 2323 615 2365 67:
641 2324 850 2364 monendo
870 2323 1104 2376 suadendo,

233 2387 271 2422 et
337 2389 494 2435 quanto
554 2382 722 2437 longius
784 2383 1105 2435 abscedebatur,

233 2441 450 2496 apertiore
509 2442 716 2483 custodia.
782 2443 869 2485 73:
923 2445 1108 2497 formam

234 2506 440 2552 aetatem,
473 2515 606 2556 qenus
637 2501 799 2543 mortis.
850 2501 981 2543 ibid.:
1016 2500 1107 2542 cle-

235 2561 395 2600 mentia
428 2563 739 2615 temperantia,
786 2561 939 2601 ceteris
987 2559 1106 2601 bonis

235 2617 414 2659 artibus.
477 2618 558 2662 82:
593 2618 716 2659 dolor
745 2618 846 2670 ira,
893 2626 931 2660 et
962 2632 1108 2659 erum-

229 2677 392 2732 pebant
424 2684 604 2732 questus.
667 2676 725 2718 111
760 2678 840 2719 17:
885 2677 1108 2733 adspicere

235 2735 425 2790 adloqui,
460 2737 628 2792 eripere
659 2738 841 2778 senatui.
890 2738 974 2781 33:
1007 2750 1108 2778 sae-

234 2809 330 2836 vum
363 2794 643 2848 ambitiosum,
671 2798 895 2851 potestatis
921 2796 1105 2839 avidum.

236 2854 319 2896 67:
351 2868 454 2895 voce
486 2854 602 2896 vultu
621 2888 631 2908 ,
667 2869 713 2895 eo
748 2856 858 2910 quod
887 2857 977 2912 ipse
1008 2870 1107 2897 cre-

237 2914 419 2955 berrime
439 2914 749 2970 inter1·oqabat.
798 2914 857 2955 lv
874 2916 903 2958 3
917 2929 932 2956 .-
954 2922 1109 2957 metum

231 2971 516 3028 prolationes,
551 2973 721 3015 diversa
753 2973 967 3016 interdum
1000 2988 1108 3016 eon-

234 3031 348 3073 silia.
413 3032 497 3075 48:
545 3041 717 3075 vastare
747 3047 899 3086 urere,
933 3033 1106 3075 trahere

230 3091 436 3148 praedas.
498 3092 614 3134 ibid:
658 3093 841 3135 clamori
870 3093 984 3146 telis,
1033 3107 1107 3135 suo

237 3151 409 3206 quisque
444 3151 641 3208 periculo
684 3153 886 3194 intentus.
952 3150 1010 3194 VI
1051 3152 1107 3195 6:

235 3211 419 3252 saevitia
460 3210 660 3265 libidine,
713 3211 839 3253 malis
890 3211 1107 3254 consultis.

237 3268 336 3311 xul
379 3270 462 3312 57:
506 3272 602 3325 equi
641 3272 747 3323 viri,
792 3279 948 3313 cuncta
977 3272 1106 3314 victa.

237 3329 288 3369 11.
335 3327 371 3368 ll
414 3328 496 3371 46:
548 3329 699 3372 bellum
746 3337 875 3372 atrox
915 3330 1106 3387 luqubre,

235 3390 446 3429 incertum
476 3390 599 3430 victis
640 3397 678 3430 et
711 3390 955 3432 victoribus.
1019 3389 1106 3432 68:

238 3448 382 3487 omnia
413 3448 666 3504 indisposita
707 3449 960 3502 temulenta,
1000 3463 1107 3506 per-

237 3504 435 3560 vigilibus
465 3519 519 3548 ac
551 3508 887 3550 bacchanalibus
916 3534 970 3541 ——-
999 3522 1106 3565 pro-

234 3566 377 3619 piora.
441 3565 492 3606 H.
541 3567 578 3607 V
622 3568 705 3609 12:
748 3567 920 3622 proelia
974 3567 1106 3620 dolus,

239 3623 442 3664 incendia
474 3626 586 3667 inter
607 3627 734 3680 ipsos.
779 3625 980 3669 Inversus
1000 3627 1105 3669 ordo

725 1411 860 1452 amitii
889 1409 970 1453 Ma.
1031 1422 1034 1426 ’
1070 1411 1112 1453 3.

222 1477 445 1529 provectos
476 1472 580 1513 item
613 1483 693 1525 per,
726 1482 1000 1525 comp.icorr
1029 1468 1111 1512 Ma.

666 1530 706 1572 7.
729 1542 950 1572 caesarem
979 1541 1196 1584 superscr.
1224 1529 1439 1571 claudium
1462 1528 1543 1571 Ma.

585 1603 716 1645 ayere
748 1589 1005 1631 Parisiensis
1038 1588 1230 1644 Ryckii:
1264 1595 1408 1631 tacere
1440 1587 1507 1631 Ma
1539 1593 1584 1631 et
1613 1588 1673 1642 B,
1707 1594 1855 1631 tacens
1883 1588 1932 1631 G.
2010 1589 2055 1633 9.

1130 1650 1199 1693 10.
1227 1662 1502 1706 praeparare
1524 1647 1614 1690 Ma:
1649 1653 1892 1691 correctum
1927 1649 1974 1691 in
2006 1648 2055 1691 G.

1142 1417 1395 1467 praevectos
1427 1413 1526 1466 (per
1561 1409 1886 1468 compendium)
1907 1422 1956 1465 pr
1972 1410 2054 1464 Ma,

1225 1469 1267 1513 6.
1298 1470 1346 1511 in
1375 1483 1448 1511 ma
1477 1470 1654 1526 (incipit
1685 1481 1802 1511 nova
1833 1469 2055 1527 columna)

1635 1528 1678 1573 8.
1713 1528 1950 1585 ἀε-Ῑίσαηεεε
1973 1528 2055 1573 Ma.

1184 1785 1417 1828 verborum
1450 1784 1468 1825 Ι
1498 1785 1582 1827 21:
1615 1786 1855 1827 centuriam
1886 1787 2059 1840 quisque

1185 1847 1304 1887 cuius
1344 1843 1630 1900 manipularis
1673 1852 1791 1897 erat,
1843 1844 2060 1888 cohortem

1184 1904 1394 1961 legionem
1437 1904 1625 1961 (ciere).
1689 1904 1740 1946 H.
1773 1903 1925 1948 1186:
1968 1905 2059 1947 dis-

1184 1964 1342 2007 cordiis
1374 1969 1414 2004 et
1442 1963 1718 2004 seditionibus
1757 1971 1933 2020 potens,
1977 1977 2060 2006 ra..

1181 2031 1281 2080 ptor
1333 2022 1532 2078 larqitor.
1593 2022 1661 2064 Ab
1712 2021 1796 2065 hac
1844 2029 2062 2066 structura

1186 2096 1274 2124 non
1298 2082 1480 2124 multum
1501 2081 1754 2135 disceditur,
1787 2083 1823 2125 si
1854 2084 1898 2124 in
1921 2083 2060 2126 altero

1186 2142 1381 2185 membro
1416 2154 1512 2182 cum
1546 2153 1658 2183 voce
1700 2150 1858 2184 cuncta
1893 2143 1967 2186 vel
2009 2157 2061 2184 o-

1187 2204 1307 2244 mnia
1338 2200 1411 2243 vel
1432 2213 1621 2256 quaeque
1639 2201 1852 2258 pergitur,
1886 2208 1934 2243 ut
1964 2201 2062 2245 xtll

1187 2264 1275 2305 42:
1310 2261 1472 2302 crimen
1489 2260 1745 2316 periculum,
1771 2262 1930 2304 omnia.
1980 2262 2061 2304 XV

1192 2320 1274 2364 19:
1307 2320 1496 2377 qratiam
1527 2320 1726 2372 honores,
1761 2328 1930 2364 cuncta.
1983 2320 2062 2363 ΧΙΙ

1188 2379 1271 2423 36:
1299 2379 1512 2436 phalerae
1541 2386 1724 2434 torques,
1758 2394 1948 2436 quaeque
1968 2380 2062 2423 bel-

1189 2438 1241 2480 lis
1273 2439 1462 2481 externis
1504 2439 1798 2493 quaesiverat,
1843 2439 2059 2482 traducta.-

1188 2497 1292 2539 'l‘um
1325 2500 1370 2539 in
1402 2500 1549 2552 priore
1578 2496 1794 2540 interdum
1826 2498 1952 2553 plura
1974 2512 2061 2541 vo-

1190 2557 1346 2599 cabula
1366 2570 1492 2613 quam
1518 2557 1602 2598 duo
1623 2557 1745 2597 iuxta
1765 2559 1909 2612 posita
1923 2564 2057 2612 .sunt;

1188 2617 1206 2657 1
1250 2616 1304 2659 9:
1359 2616 1547 2672 leqiones
1594 2616 1845 2672 provincias
1887 2617 2060 2671 classes,

1191 2681 1362 2718 cuncta.

1277 2734 1494 2776 Summam
1512 2733 1725 2776 sermonis
1747 2747 1892 2777 curam
1915 2736 2062 2778 offen..

1191 2793 1330 2834 dimus
1366 2794 1440 2835 ubi
1474 2793 1789 2836 vocabulorum
1823 2795 1945 2838 iuxta
1974 2807 2062 2851 po-

1188 2854 1369 2895 sitorum
1404 2853 1489 2895 duo
1519 2853 1654 2907 paria,
1687 2853 1925 2910 utrobique
1954 2866 2062 2910 par.

1189 2912 1325 2954 ticula
1359 2918 1651 2955 connectente
1694 2919 1889 2967 remota,
1938 2926 2062 2957 com-

1189 2978 1425 3027 ponuntur,
1440 2979 1486 3013 ut
1504 2972 1522 3014 1
1545 2974 1568 3015 7
1583 2987 1593 3013 :
1615 2971 1822 3015 lacrimas
1842 2973 2060 3029 qaudium,
2141 2995 2144 2998 >

1191 3038 1356 3086 questus
1375 3031 1680 3073 adulationem.
1713 3032 1767 3074 41
1791 3046 1802 3072 ε
1835 3040 1966 3074 orant
1985 3033 2061 3074 ob-

1189 3092 1362 3143 sistunt,
1410 3092 1571 3132 rediret
1612 3097 1818 3133 maneret.
1882 3091 1944 3133 lv
1975 3092 2060 3135 67:

1189 3150 1360 3191 nuntios
1406 3151 1632 3202 introitus,
1679 3157 1834 3206 aperta
1878 3159 2060 3194 secreta.

1189 3209 1246 3250 XI
1278 3208 1363 3251 38:
1397 3209 1484 3251 odii
1515 3210 1679 3265 9audii,
1714 3210 1810 3251 irae
1842 3211 2060 3253 tristitiae.

1189 3268 1266 3310 ΧΙΙ
1299 3268 1380 3310 37:
1434 3282 1561 3323 equos
1602 3270 1742 3321 viros,
1790 3283 1916 3311 arma
1947 3283 2061 3327 opes.

1189 3328 1276 3373 39:
1317 3335 1471 3369 temere
1510 3329 1709 3384 proviso,
1754 3329 1804 3369 ob
1851 3329 1965 3370 iram
2009 3328 2059 3369 ob

1185 3388 1410 3445 praedam.
1477 3386 1570 3430 XIII
1602 3388 1689 3430 44:
1721 3388 1866 3443 iurgia
1892 3400 2058 3443 preces,

1190 3449 1463 3503 exprobratio
1508 3448 1761 3502 satisfactio.
1824 3445 1924 3487 xlv
1966 3446 2059 3488 33:

1190 3507 1341 3549 caedes
1368 3506 1565 3563 patibula
1584 3539 1596 3558 ,
1628 3507 1748 3561 iqnes
1780 3518 1942 3546 eruces.
2005 3503 2056 3546 Η.

1188 3567 1205 3609 1
1238 3569 1292 3611 3:
1337 3567 1454 3608 laeta
1486 3566 1650 3616 trist-ia,
1683 3563 1884 3619 ambigua
1913 3565 2059 3606 mani-

1187 3629 1312 3683 festa.
1382 3626 1463 3668 10:
1498 3624 1673 3666 luxuria
1703 3621 1946 3676 industria,
1980 3635 2057 3665 co-
