2280 4004
192 391 291 451 que
327 396 390 434 eo
431 379 584 433 modo
625 368 763 432 caesi
810 380 895 430 aut
933 375 1279 430 circumventi.

951 222 1243 275 ANNA'leM

1771 243 1814 274 a.
1843 242 1887 275 u.
1920 226 2023 277 775.

1353 377 1491 428 Tunc
1529 375 1828 444 tripertitum
1869 393 2023 432 exer-

193 475 346 528 citum
397 473 567 541 plures
614 472 667 522 in
718 483 896 522 manus
954 469 1229 537 dispergit,
1283 470 1650 537 praeponitque
1703 472 2026 525 centuriones

191 565 392 618 virtutis
429 567 683 630 expertae.

757 562 896 626 Nee,
938 565 998 611 ut.
1030 575 1143 617 >mos
1182 560 1374 627 fuerat,
1435 565 1546 614 acta
1585 566 1778 615 aestate
1815 565 2027 618 retrahit

195 656 367 723 copias
420 659 504 706 aut
547 654 600 703 in
634 651 982 704 hibernaculis
1025 648 1214 703 veleris
1250 652 1547 718 provinciae
1590 655 1876 721 componit,
1933 656 2026 709 sed

154 751 247 800 sut
281 746 334 797 in
371 746 542 798 limine
578 744 717 810 belli,
760 743 1020 810 dispositis
1058 743 1298 808 castellis,
1340 759 1432 810 per
1464 745 1727 812 expeditos
1761 753 1810 799 et
1845 746 2029 800 solitu-

193 838 365 890 dinum
425 851 616 905 gnaros
669 840 942 886 mutantem
997 834 1214 901 mapalia
1253 835 1624 889 Tacfarinatem
1675 838 2022 905 proturbabat,

193 929 359 981 donec
413 929 572 980 fratre
625 927 733 979 eius
790 932 936 993 capto
977 941 1247 994 regressus
1296 932 1400 993 est,
1449 930 1804 995 properantius
1857 935 2027 984 tamen

113 1074 115 1076 ,
191 1035 339 1089 quam
371 1037 435 1073 ex
458 1020 671 1071 utilitate
697 1018 974 1084 sociorum,
995 1018 1196 1070 *relictis
1227 1034 1319 1085 per
1347 1033 1474 1085 quos
1501 1026 1798 1089 resurgeret
1823 1022 2024 1075 bellum.

190 1114 292 1167 Sed
331 1113 562 1165 Tiberius
622 1127 715 1179 pro
771 1111 1006 1163 confecto
1061 1110 1465 1177 interpretatus,-
1503 1112 1555 1163 id
1607 1128 1808 1180 quoque
1842 1113 2027 1167 Blaeso

127 1222 178 1263 ιο
193 1205 367 1259 tribuit
424 1210 478 1256 ut
527 1205 804 1271 imperator
867 1219 894 1253 a
957 1201 1247 1270 legionibus
1304 1203 1609 1255 salutaretur
1674 1205 1846 1271 prisco
1901 1221 2028 1274 erga

192 1298 349 1350 duces
386 1296 611 1360 honore,
665 1295 749 1361 qui
799 1294 932 1345 bene
984 1299 1130 1361 gesta
1169 1309 1226 1346 re
1265 1294 1467 1361 publica
1513 1295 1704 1363 gaudio
1756 1301 1806 1348 et
1840 1297 2028 1363 impetu

189 1387 401 1440 victoris
457 1386 712 1440 exercitus
783 1384 1232 1437 conclamabantur
1246 1403 1260 1449 3
1341 1392 1586 1454 erantque
1645 1388 1819 1454 plures
1879 1387 2027 1441 simul

189 1482 555 1548 imperatoreS,
617 1495 714 1531 nec
765 1492 920 1543 super
973 1482 1259 1530 ceterorum
1313 1478 1685 1545 aequalitatem.
1762 1475 2029 1532 Concessit

192 1569 492 1640 quibusdam
560 1577 610 1623 et
657 1572 918 1638 Augustus
979 1568 1031 1620 id
1097 1569 1434 1636 vocabulum,
1506 1587 1567 1624 ac
1631 1574 1750 1624 tunc
1796 1570 2031 1626 Tiberius

127 1675 175 1714 15
191 1663 375 1716 Blaeso
414 1667 741 1730 postremum.

334 1753 523 1808 Obiere
562 1769 624 1806 eo
668 1768 800 1805 anno
842 1753 940 1805 viri
989 1751 1228 1805 inlustres
1262 1752 1473 1804 Asinius
1514 1752 1813 1819 Saloninus,
1852 1753 2028 1806 Marco
2044 1759 2114 1810 ⁷5

189 1851 417 1919 Agrippa
456 1855 505 1902 et
544 1849 771 1901 Pollione
813 1848 996 1900 Asinio
1034 1848 1161 1913 avis,
1206 1846 1363 1898 fratre
1399 1847 1564 1898 Druso
1602 1846 1850 1915 insigniS,
1893 1845 2028 1898 Cae—

190 1942 396 2010 sarique
422 1956 692 2026 progener
726 1940 1023 2004 destinatus,
1066 1944 1114 1991 et
1146 1939 1322 2005 Capito
1358 1937 1554 2003 Ateius,
1596 1937 1660 1989 de
1698 1953 1795 2005 quo
1830 1952 2031 1990 memo·-

190 2035 329 2099 ravi,
379 2033 660 2100 principem
700 2032 752 2082 in
790 2032 995 2083 civitate
1033 2031 1201 2082 locum
1242 2029 1423 2082 studiis
1467 2029 1701 2082 civilibus
1737 2029 2025 2095 adsecutus,

308 2160 348 2202 1.
383 2160 640 2216 tripertitum
662 2159 716 2212 M,
751 2171 838 2201 non
872 2160 1149 2215 tripartitum.
1212 2159 1254 2201 6.
1276 2158 1561 2214 proturbabat
1582 2158 1637 2210 M,
1670 2171 1757 2199 non
1786 2158 2026 2216 proturbat.

192 2220 235 2262 7.
270 2226 420 2275 captor
436 2220 491 2261 M.
555 2219 597 2262 9.
634 2220 888 2275 inlerptatus
922 2232 1018 2260 cum
1050 2218 1129 2260 lin.
1164 2218 1226 2270 M,
1261 2219 1289 2260 i.
1326 2232 1364 2259 e.
1397 2219 1745 2275 interpr-aelatus.

465 2278 532 2321 16.
566 2278 803 2320 Saloninus
833 2278 898 2330 M,
931 2291 1018 2319 non
1051 2277 1254 2319 Salonius
1285 2277 1504 2319 Beroaldi.
1603 2278 1669 2321 17.

193 2278 281 2321 buit
311 2279 366 2321 M.

297 2378 401 2434 Cap.
449 2381 518 2422 74.
584 2381 738 2425 veteris
783 2380 1067 2437 pro-vinciae.-

192 2451 235 2481 v.
268 2438 323 2481 ad
352 2439 371 2479 Ι
403 2438 473 2481 58.

275 2499 421 2554 prisco
456 2511 562 2554 erqa
586 2498 711 2540 duces
736 2499 924 2540 honore.-
947 2497 1067 2539 ‘olim

194 2561 238 2598 et
269 2556 410 2598 libera
431 2570 478 2598 re
511 2557 687 2611 publica
718 2558 842 2599 multi
876 2559 1068 2611 impera-

190 2620 311 2659 tores
353 2615 484 2667 dicti,
535 2622 582 2656 ut
627 2618 813 2671 quisque
854 2629 945 2657 rem
978 2617 1068 2657 suis

193 2674 400 2727 auspiciis
424 2674 539 2715 benc
560 2676 786 2730 gessisset.
835 2674 1071 2729 Displicuit

192 2732 409 2788 Augusto,
444 2739 487 2774 et
518 2739 564 2773 ut
586 2734 781 2789 reliquos
813 2734 1002 2776 honores
1024 2735 1066 2774 in

193 2802 257 2844 se,
289 2793 354 2833 sic
387 2797 430 2833 et
456 2792 541 2834 hoc
572 2805 732 2835 nomen
763 2795 918 2847 traxit3
952 2793 1069 2848 quod

194 2852 556 2894 communicatum
588 2859 741 2906 postea
774 2867 869 2894 cuni
901 2852 1068 2907 pauciS,

195 2915 239 2952 ct
270 2909 365 2951 fele
397 2911 572 2951 nonnisi
606 2924 660 2952 ex
692 2918 824 2967 gente
851 2912 1064 2968 Augusta.

192 2967 388 3011 Tiberius
421 2975 566 3010 tamen
599 2970 671 3011 hic
688 2970 891 3012 Blaesum
923 2973 1065 3025 impe-

191 3028 348 3070 tatoris
382 3029 559 3070 nomine
590 3029 794 3085 insignit3
829 3042 1016 3085 eumque
1042 3043 1065 3071 e

190 3086 376 3142 privatis
428 3093 717 3141 postiemum,
782 3089 825 3130 id
881 3095 971 3141 est,
1020 3094 1066 3129 ut

190 3145 397 3199 postinde
412 3146 495 3188 soli
515 3148 737 3202 principes
757 3161 809 3191 eo
827 3148 956 3190 titulo
979 3149 1067 3189 siut

190 3206 284 3257 usi,
317 3206 481 3247 nemini
513 3206 627 3247 ultra
660 3219 872 3250 concesso
913 3207 1066 3249 subdi-

188 3268 346 3307 torum.
414 3264 613 3306 Velleius
669 3265 708 3307 lt
755 3267 863 3310 125:
917 3267 1065 3308 Iunius

190 3322 370 3364 Blaesus
396 3325 631 3378 proconsul
659 3327 707 3367 in
737 3326 896 3382 Africa
928 3338 1065 3367 orna..

188 3388 333 3423 menta
353 3383 632 3439 triumphalia
662 3398 756 3427 cum
779 3385 1067 3441 appellatione

188 3440 472 3495 ivnperatoria
509 3444 676 3485 meruit.
739 3444 893 3500 Neque
935 3445 1066 3487 etiam

187 3498 416 3555 indignum
447 3506 573 3553 nota,
625 3503 740 3557 quod
783 3504 1065 3546 observamus

187 3556 235 3599 in
266 3559 453 3601 nummis
484 3565 529 3602 ct
560 3562 946 3632 inscriptionibuS,
978 3564 1064 3606 im·-

106 3684 117 3691 ·
156 3669 169 3674 ,,
186 3618 402 3683 PWQDS
418 3618 607 3676 lilinum,
630 3631 727 3669 cum
746 3623 957 3682 principis
980 3629 1064 3678 est,

1828 2218 2029 2261 blaestri-

1703 2278 1851 2319 asineo
1882 2277 1938 2321 Μ.

1153 2380 1386 2433 praeponi,
1422 2392 1518 2420 cum
1560 2379 1765 2432 victoris,
1798 2379 2028 2435 subiungi3

1155 2438 1238 2480 hoc
1271 2438 1425 2479 modo:
1467 2438 1567 2493 imp.
1606 2439 1772 2480 Caesar
1799 2438 2027 2494 Anqustus,

1155 2503 1305 2539 contra
1351 2497 1499 2539 Iunius
1554 2497 1730 2539 Blaesus
1781 2499 1909 2553 imp„
1964 2497 2026 2540 M.

1159 2556 1316 2598 Tullius
1364 2557 1516 2597 Cicero
1562 2558 1660 2612 imp.
1725 2557 1850 2608 Quod
1898 2557 2027 2598 etiam

1156 2630 1179 2657 e
1204 2616 1400 2657 Suetonii
1434 2615 1546 2657 lulio
1581 2616 1636 2658 76
1669 2616 1869 2672 colligas,
1904 2617 2028 2657 cuius

1154 2674 1197 2715 id
1229 2672 1482 2716 inventum'.
1546 2674 1738 2717 lipsius.

1250 2733 1358 2795 ⁶⁰1³:
1405 2734 1474 2776 75.
1540 2734 1693 2776 Marco
1742 2734 1939 2791 Agrippa
1989 2741 2029 2776 et

1153 2784 1358 2834 Pollione
1359 2793 1510 2835 Asinio
1535 2796 1654 2836 avis.-
1683 2799 1886 2848 parentes
1905 2799 2029 2836 eraut

1154 2853 1364 2907 Vipsania
1394 2853 1615 2908 Agrippae
1655 2854 1745 2895 lilia
1778 2859 1821 2895 et
1850 2853 2028 2895 Asinius

1153 2911 1301 2953 Gallus
1350 2911 1605 2965 Saloninus,
1653 2912 1796 2955 Asinii
1844 2915 2028 2955 oratoris

1151 2971 1266 3012 filius
1313 2972 1387 3026 qui
1437 2972 1686 3025 Vipsaniam
1731 2973 1951 3014 dimissam
2001 2986 2027 3015 a

1150 3029 1322 3071 Tiberio
1372 3029 1455 3071 sibi
1498 3032 1774 3072 matrimonio
1809 3033 1976 3073 iunxit:
2008 3031 2026 3072 1

1155 3089 1222 3130 12.
1272 3088 1424 3130 Frater
1442 3089 1607 3130 Drusus
1641 3096 1705 3131 est
1722 3090 1886 3131 Drusus
1909 3089 2026 3132 Cae-

1150 3160 1234 3199 sar,
1267 3148 1424 3189 'riberii
1458 3162 1482 3190 e
1518 3149 1726 3202 Vipsania
1756 3149 1886 3192 lilius.
1928 3150 2026 3193 Du-

1152 3212 1298 3248 cturus
1344 3206 1523 3248 Asinius
1577 3215 1668 3249 erat
1726 3209 1915 3265 aliquam
1970 3222 2026 3251 cx

1151 3266 1322 3307 filiabus
1362 3265 1632 3309 Germanici:
1677 3268 1762 3310 hoc
1802 3274 1867 3310 est
1915 3268 2024 3311 illud

1153 3326 1414 3380 Caesarique
1449 3326 1668 3386 (Tiberio)
1699 3342 1914 3385 progener
1946 3329 2024 3370 de-

1149 3386 1344 3427 stinaeus.

1251 3445 1399 3487 studiis
1446 3445 1669 3489 civilibus.-
1724 3447 1830 3488 iuris
1877 3444 2021 3487 civilis

1149 3504 1333 3546 studiis:
1375 3504 1431 3546 cf.
1465 3518 1595 3561 supra
1626 3520 1662 3548 c.
1697 3507 1766 3549 70.

1238 3565 1529 3607 consulatum.-
1571 3566 1719 3619 ‘quem
1759 3558 1876 3620 cepit
1907 3563 2021 3605 inter

1145 3625 1354 3675 suffectos
1386 3637 1424 3672 a.
1457 3636 1502 3668 u.
1540 3623 1653 3681 7595
1691 3621 1804 3684 lapis
1848 3623 2019 3684 priscus
