2280 4004
263 284 327 343 so
1028 282 1321 343 ANNAlem

1834 300 1875 331 a.
1907 299 1953 339 u,
1984 287 2090 347 804,

264 422 317 475 ni
365 424 734 491 praetoriarum
807 423 1091 476 cohortium
1158 440 1279 478 cura
1332 425 1693 480 exolverentur
1735 429 1916 483 Lusius
1943 430 2092 500 ‘Geta

264 521 314 568 et
349 517 518 568 Rufius
559 515 846 581 CrispinUS,
887 530 1013 582 quos
1050 517 1356 570 Messalinae
1393 533 1645 573 memores
1683 526 1733 573 et
1767 520 1944 574 liberis
1981 509 2097 577 eius

263 605 528 658 devinctos
571 605 828 657 credebat.

904 607 1064 674 Igitur
1102 607 1314 659 distrahi
1353 609 1593 663 cohortes
1634 611 1821 664 ambitu
1859 611 2091 679 duorum,

262 701 311 748 et
345 697 389 749 si
423 697 485 748 ab
522 712 623 748 uno
666 703 1002 765 regerentur,
1053 699 1376 774 intentiorem
1415 701 1528 754 fore
1580 702 1899 770 disciplinam
1938 703 2095 758 adse-

221 793 469 841 sverante
526 779 715 855 uxore,
780 790 1085 843 transfertur
1133 792 1368 859 regimen
1424 793 1707 846 cohortium
1766 794 1830 847 ad
1877 795 2091 849 Burrum

257 879 543 946 Afranium,
608 881 851 949 egregiae
900 882 1130 934 militaris
1196 883 1388 949 famae,
1447 900 1660 952 gnarum
1718 880 1887 938 tamen
1947 886 2091 939 cuius

257 976 438 1037 sponte
475 971 852 1038 praeficeretur.

927 973 1079 1027 Suum
1125 988 1325 1040 quoque
1376 974 1636 1043 fastigium
1669 975 1955 1044 Agrippina
1994 992 2092 1030 ex-

257 1063 438 1116 tollere
477 1063 654 1128 altius3
699 1069 938 1130 carpento
977 1065 1276 1131 Capitolium
1313 1066 1533 1133 ingredi,
1570 1067 1653 1134 qui
1690 1083 1801 1120 mos
1835 1068 2091 1122 sacerdo-

255 1154 388 1207 tibus
439 1160 488 1207 et
539 1155 703 1207 sacris
759 1157 1030 1223 antiquitus
1098 1173 1376 1209 concessus
1432 1161 1814 1212 venerationem
1864 1161 2085 1228 augebat

194 1261 243 1300 ιο
260 1243 508 1313 feminae,
551 1263 698 1314 quam
734 1247 1040 1314 imperatore
1075 1249 1327 1317 genitam,
1369 1265 1602 1302 sororem
1646 1251 1756 1303 eius
1796 1251 1881 1318 qui
1919 1266 2089 1304 rerum

255 1339 442 1406 potitus
495 1340 562 1391 sit
613 1344 661 1391 et
710 1340 980 1409 coniugem
1032 1346 1082 1393 et
1118 1347 1328 1394 matrem
1366 1342 1555 1408 fuisse,
1609 1343 1815 1394 unicum
1853 1342 2092 1396 adhunc

255 1430 392 1482 diem
431 1429 711 1496 exemplum
748 1436 840 1482 est.

915 1431 1216 1498 Inter-quae
1252 1432 1554 1498 praecipuus
1588 1437 1939 1500 propugnator
1973 1433 2084 1486 eius

255 1521 514 1588 Vitellius,
573 1521 890 1574 validissima
933 1522 1126 1590 gratia,
1183 1528 1348 1575 aetate
1396 1528 1621 1576 extrema
1660 1523 1819 1587 (adeo
1859 1524 2088 1578 incertae

256 1618 372 1665 sunt
419 1613 697 1679 potentium
748 1622 860 1680 res)
905 1614 1234 1666 accusatione
1281 1615 1583 1682 corripitur,
1642 1614 1907 1670 deferente
1945 1606 2089 1669 Iunio

194 1717 241 1764 1⁵
256 1706 410 1772 Lupo,
429 1711 684 1758 senatore.

258 1797 563 1849 obiectabat.

781 1707 828 1757 Is
878 1706 1089 1757 crimina
1127 1707 1405 1758 maiestatis
1469 1713 1518 1758 et
1566 1707 1852 1774 cupidinem
1888 1707 2089 1782 imperii

654 1797 1078 1864 Praebuissetque
1128 1813 1277 1850 aures
1326 1798 1543 1864 Caesar,
1623 1799 1722 1851 nisi
1774 1798 2090 1867 Agrippinae

257 1890 406 1940 minis
445 1890 609 1956 magis
651 1904 798 1955 quam
835 1889 1072 1954 precibus
1109 1895 1324 1941 mutatus
1361 1895 1513 1955 esset,
1544 1895 1598 1940 ut
1634 1891 1923 1943 accusatori
1959 1906 2088 1958 aqua

260 1986 410 2048 atque
446 1980 554 2048 igni
592 1980 936 2033 interdiceret.

375 2157 414 2198 1.
448 2170 534 2197 exs.
570 2155 641 2197 Or.

251 2217 455 2270 ficeretur
485 2228 564 2271 per
596 2219 743 2257 notam
775 2214 869 2256 Ma:
904 2213 938 2257 G
963 2216 1290 2272 praeficeretur.

257 2282 367 2319 etate
399 2273 479 2318 Ma.

348 2434 452 2489 Cap.
488 2435 562 2478 42.
635 2440 839 2491 carpento
875 2433 1134 2490 Capitolium

257 2495 458 2550 inqredi:
503 2507 556 2535 ex
591 2493 829 2534 honoribus
861 2494 1134 2549 Agrippinae

259 2567 283 2594 a
317 2559 473 2594 senatu
507 2555 730 2594 concessis
773 2554 971 2606 carpenti
1010 2566 1134 2594 usum

258 2625 501 2653 memorare
525 2611 697 2652 Tacitus
716 2610 815 2652 ideo
838 2611 996 2664 voluit,
1021 2611 1135 2666 quod

259 2671 481 2711 hominum
537 2670 655 2710 oculi
708 2669 810 2710 hinc
860 2671 1135 2724 potissimum

264 2732 311 2771 in
346 2743 439 2771 eain
477 2730 677 2771 conversi
711 2735 826 2770 sunt.
890 2728 1017 2770 Conf.
1051 2729 1134 2770 Dio

255 2789 329 2831 LX
353 2790 436 2832 33:
478 2793 556 2831 καὶ
596 2789 619 2838 '1‘
650 2789 740 2846 usu
771 2786 884 2845 ταχὺ
918 2793 995 2832 καὶ
1020 2786 1132 2841 adn)

265 2851 544 2891 Μεσσαλίια
580 2851 777 2917 ἐγένετο,
818 2852 897 2890 καὶ
927 2849 1135 2906 μάλιστα

258 2907 332 2951 ὅτι
375 2912 451 2950 καὶ
493 2925 631 2967 nuce
681 2906 815 2954 ἄλλας
866 2922 914 2950 τε
961 2912 1039 2951 καὶ
1082 2907 1134 2951 τὸ

258 2971 521 3026 καρπενιίω
573 2970 624 3010 ἐν
673 2973 775 3014 ταῖς
828 2968 1129 3023 πανηγύρεσι

256 3031 468 3085 χρῆσθαι
495 3024 625 3083 παρὰ
657 3025 738 3077 τῆς
766 3026 931 3082 βουλῆς
960 3028 1134 3082 ἔλαβεν.

351 3087 421 3140 qui
456 3100 544 3127 mos
578 3084 871 3127 sacerdotibus
915 3090 954 3125 et
991 3085 1131 3125 sacris

257 3169 313 3179 -—
347 3159 601 3186 concessus:
644 3143 944 3186 sacerdotibus
984 3150 1027 3185 et
1057 3157 1131 3185 sa-

254 3206 342 3248 ‚cris
377 3206 506 3246 celtis
541 3205 641 3246 anni
676 3203 832 3245 diebus
872 3203 915 3244 in
951 3202 1132 3258 Capito-

259 3262 365 3306 lium
398 3264 677 3305 vehentibus.
743 3264 887 3304 Sacra
928 3263 1131 3318 intelligo

260 3330 513 3377 apparatum
549 3322 860 3374 sacrificalem,
896 3335 1025 3376 quem
1059 3335 1134 3363 sa-

261 3382 462 3425 cerdotes
496 3395 645 3424 secum
679 3384 723 3422 in
759 3387 966 3435 carpento
995 3380 1134 3422 duce-

259 3441 378 3483 bant.
445 3442 580 3483 Varro
630 3441 676 3483 L.
712 3440 758 3481 L.
806 3441 843 3481 V
876 3440 957 3483 47:
1009 3446 1135 3496 caput

259 3501 428 3542 Sacrae
460 3501 579 3552 viae,
625 3526 680 3533 -—
727 3514 835 3554 quae
871 3501 1058 3555 pertinet
1087 3501 1134 3540 in

259 3559 431 3612 Arcem,
455 3574 539 3614 qua
555 3573 686 3601 sacra
705 3566 900 3613 quotquot
925 3559 1135 3600 mensibus

260 3620 461 3671 seruntur
491 3620 538 3659 in
569 3618 741 3660 Arcem.
805 3618 952 3659 Horat.
990 3617 1130 3660 Carm.

260 3674 320 3724 lu
349 3678 407 3724 30
438 3677 492 3722 8:
536 3676 633 3724 dum
664 3676 922 3738 Capitolium
958 3679 1136 3723 scandet

716 2157 758 2199 2.
792 2154 1025 2197 messalina
1057 2168 1285 2197 ememores
1316 2154 1396 2198 Ma.

1010 1978 1265 2033 Hactenus
1302 1981 1531 2033 Vitellius
1568 1981 1817 2034 voluerat.

1469 2156 1510 2200 6.
1547 2157 1715 2213 eyreqie
1744 2154 1825 2198 Ma.
1913 2157 1955 2200 7.
1983 2170 2094 2214 pro-

1382 2214 1424 2258 8.
1458 2219 1566 2274 mos]
1601 2217 1736 2258 honos
1761 2215 1957 2259 Ursinus.
2021 2218 2092 2261 13.

1222 2448 1317 2475 cum
1354 2436 1487 2476 tacita
1518 2434 1686 2490 virqine
1717 2434 1928 2490 pontifex.
1972 2431 2094 2477 Cave

1220 2506 1380 2535 nomen
1423 2494 1563 2535 sacris
1609 2499 1733 2536 sexto
1768 2506 1871 2536 casu
1902 2494 2092 2548 positum

1223 2565 1321 2594 esse
1359 2553 1524 2595 credas.

1319 2626 1445 2665 quam
1503 2613 1762 2666 imperatore
1806 2613 1995 2667 genitam
2035 2615 2092 2651 “-.

1219 2677 1427 2711 matrem.-
1459 2671 1621 2711 oblitus
1651 2676 1717 2713 est
1736 2671 1821 2712 hoc
1850 2683 1975 2712 rarae
1997 2669 2093 2718 for-

1221 2735 1352 2770 tunae
1406 2729 1653 2783 exemplum
1706 2730 1791 2771 sibi
1847 2731 2090 2784 proximum

1220 2788 1400 2840 Plinius,
1436 2802 1531 2830 cum
1565 2790 1740 2843 scripsit
1760 2787 1812 2830 N.
1836 2788 1888 2831 H.
1913 2788 1990 2831 vn
2006 2790 2090 2832 42:

1218 2862 1309 2889 una
1342 2849 1603 2904 feminarum
1621 2849 1668 2889 in
1688 2848 1805 2890 omni
1824 2860 1930 2891 aevo
1957 2847 2092 2894 Lam-

1214 2908 1303 2962 pito
1336 2907 1686 2950 Lacedae-monia
1715 2907 1951 2963 reperitur,
1983 2919 2092 2962 quae

1220 2967 1334 3021 reyis
1362 2968 1471 3020 filia,
1505 2969 1620 3022 reyis
1650 2981 1777 3019 uxor,
1807 2967 1922 3022 reqis
1953 2973 2093 3008 mater

1217 3027 1365 3079 suerit.
1472 3026 1678 3067 hactenus
1720 3023 1918 3068 Vitellius
1940 3024 2091 3067 volue-

1219 3091 1315 3125 ναις
1356 3087 1419 3126 ira
1467 3086 1560 3126 eius
1604 3086 1711 3126 citra
1753 3083 1905 3126 ultima
1954 3085 2089 3136 stetit,

1217 3149 1263 3182 ut
1296 3149 1526 3184 contentus
1561 3149 1678 3185 esset
1706 3142 1841 3185 exilio
1865 3143 2089 3197 delatoris,

1219 3215 1315 3243 cum
1339 3201 1509 3244 Claudii
1531 3203 1732 3244 socordia
1756 3208 1800 3243 et
1819 3203 2090 3259 Agrippinae

1218 3263 1404 3303 saevitia
1460 3264 1591 3303 etiam
1643 3261 1907 3316 supplicium
1952 3261 2088 3305 facile

1219 3322 1558 3363 concessissent.

1295 3379 1398 3434 Cap.
1434 3382 1506 3423 43.
1570 3382 1706 3424 multa
1738 3395 1785 3423 eo
1816 3393 1932 3422 anno
1958 3378 2087 3447 prod.

1220 3453 1424 3482 evenere.-
1472 3454 1527 3481 ne
1559 3440 1675 3483 forte
1707 3440 1836 3484 rebus
1879 3438 2084 3490 externis,

1219 3513 1329 3555 quae
1363 3498 1447 3540 hoc
1479 3512 1591 3541 anno
1625 3506 1771 3556 gestas
1796 3498 1938 3540 statim
1963 3507 2086 3537 com-

1219 3559 1425 3613 plectitur
1459 3562 1520 3613 (c.
1547 3560 1764 3615 44-51),
1796 3554 2009 3598 absolutis
2031 3554 2086 3596 ad

1219 3619 1480 3659 domesticas
1522 3620 1678 3659 iterum
1719 3629 1768 3658 se
1825 3619 2085 3657 convertere

1218 3678 1389 3723 'tacitus
1432 3682 1689 3735 cogeretur,
1729 3676 1817 3721 iam
1855 3686 1972 3721 nunc
2003 3672 2084 3722 ad.-
