2280 4004
171 284 280 331 a'C.
309 287 382 331 49.
745 287 908 331 LIBER
939 286 1034 330 ΧΠ.
1097 286 1204 330 CAr.
1238 289 1427 333 22—23.
1931 289 2002 332 61²

88 428 559 494 23repetundarum
613 426 798 491 Cadius
843 427 1001 479 Rufus
1060 427 1413 478 accusantibus
1462 425 1705 493 Bithynis.
1803 426 1994 478 Galliae

171 519 490 571 Narbonensi
530 519 594 570 ob
633 518 891 586 egregiam
930 518 982 568 in
1030 522 1198 584 patres
1235 517 1572 569 reverentiam
1613 517 1780 568 datum
1814 523 1869 568 ut
1906 533 1995 569 se—

170 610 434 661 natoribus
481 610 588 661 eius
635 609 934 675 provinciae
983 624 1085 660 non
1137 609 1384 675 exquisita
1431 608 1673 675 principis
1722 609 2002 673 sententia,

172 701 282 752 iure
319 715 416 766 quo
443 700 615 753 Sicilia
652 699 940 765 haberetur,
983 714 1067 751 res
1107 715 1225 751 suas
1261 700 1486 751 invisere
1521 700 1714 752 liceret.
1778 700 1997 751 Ituraei-

173 805 270 856 que
316 795 366 841 et
416 789 588 840 Iudaei
647 789 899 841 defunctis
955 789 1189 856 regibuS,
1249 789 1499 842 Sohaemo
1550 795 1699 856 atque
1744 789 1988 857 Agrippa,
2006 806 2041 848 ς.

169 881 464 947 provinciae
487 880 665 946 Syriae
702 880 876 931 additi.
951 881 1134 933 Salutis
1162 881 1424 948 augurium
1462 882 1681 947 quinque
1710 886 1758 933 et
1788 886 2002 947 septua-;

169 973 309 1039 ginta
327 950 343 982 ³
362 971 508 1022 annis
568 971 808 1021 omissum
853 971 1013 1037 repeti
1068 986 1127 1021 ac
1182 971 1367 1022 deinde
1418 973 1703 1023 continuari
1737 972 2000 1038 placitum.

169 1063 231 1113 Et
254 1062 542 1128 pomerium
580 1061 721 1131 urbis
759 1062 897 1112 auxit
937 1063 1154 1126 Caesar,
1215 1077 1357 1113 more
1406 1063 1606 1128 prisce,
1666 1077 1763 1128 quo
1809 1063 1872 1114 iis
1909 1064 2003 1130 qui.

167 1151 424 1218 protulere
470 1151 733 1217 imperium
778 1152 927 1202 etiam
981 1152 1225 1202 terminos
1282 1152 1423 1203 urbis
1483 1168 1771 1219 propagare
1829 1153 1990 1204 datur.

166 1243 274 1295 Nec
331 1247 501 1293 tamen
560 1242 715 1293 duces
771 1242 1012 1306 Romani,
1089 1230 1385 1308 quamquam
1450 1244 1649 1310 magnis
1704 1244 2056 1303 nationibusw

169 1333 425 1398 subactiS,
463 1339 857 1399 usurpaverant,
906 1333 1016 1394 Jiisi
1051 1334 1234 1385 Lucius
1275 1333 1409 1387 Sulla
1447 1340 1495 1387 et
1529 1334 1674 1385 divus
1714 1335 2001 1412 AugustuS.

292 1462 330 1502 1.
364 1459 536 1501 himinis
558 1457 637 1500 Ma.
700 1462 742 1504 2.
764 1460 1038 1502 Narbonensi
1057 1473 1106 1514 pr
1125 1460 1205 1514 Ma,
1241 1459 1336 1502 add.
1362 1474 1414 1501 ex
1437 1474 1546 1503 corr.
1567 1461 1714 1506 littera
1743 1479 1778 1507 s.
1840 1464 1882 1507 4.
1904 1466 1992 1506 itu..

170 1521 315 1574 reique
347 1526 386 1560 et
416 1519 531 1559 iudei
561 1516 642 1560 Ma.
765 1519 805 1560 5.
839 1519 1006 1559 schemo
1039 1518 1120 1562 Ma.
1241 1519 1284 1562 6.
1318 1522 1502 1575 auguria
1534 1520 1614 1562 Ma.
1723 1525 1995 1580 septuayinta

173 1579 339 1620 editor:
374 1576 440 1620 Ma
470 1577 562 1619 XX.
661 1577 703 1619 8.
734 1579 971 1634 pomerium
998 1579 1116 1620 urbis
1146 1577 1236 1620 Ma:
1271 1580 1474 1621 omittunt
1505 1581 1623 1622 urbis
1653 1582 1740 1623 BG.
1842 1585 1879 1625 is
1911 1583 1992 1625 Ma.

173 1639 242 1681 10.
275 1650 516 1692 quanquam
545 1633 626 1677 Ma.
750 1638 819 1679 11.
853 1638 903 1679 L.
936 1638 1017 1680 Ma.
1138 1637 1239 1679 silla
1269 1637 1348 1680 Ma.
1479 1647 1651 1695 agustus
1681 1654 1731 1696 pr
1761 1641 1843 1684 Ma.

167 1737 220 1779 LI
266 1738 336 1781 20.
395 1737 574 1779 Sueton.
624 1736 738 1792 Aug.
781 1738 852 1779 31.
918 1738 1042 1788 Quod

169 1797 274 1838 dicit
307 1795 573 1848 waltherus,
608 1807 720 1835 anno
755 1797 838 1838 741
871 1799 1040 1851 repeti-

169 1862 256 1897 tum
290 1868 388 1897 esse
420 1855 535 1896 idem
582 1855 812 1910 augurium
855 1855 907 1895 ab
945 1857 1039 1905 Au-

170 1921 299 1972 gusto
331 1914 631 1970 pontificatum
653 1913 812 1967 adepto
836 1913 1038 1970 (adeptus

171 1979 237 2016 est
268 1974 568 2028 pontificatum
593 1972 757 2026 Lepido
791 1980 961 2014 mortuo
998 1988 1037 2017 a.

170 2034 280 2076 741:
324 2033 408 2074 Dio
441 2032 533 2074 LIV
566 2032 671 2088 27),
704 2031 836 2087 idque
872 2032 1040 2088 liquere

172 2105 227 2134 ex
259 2092 457 2135 Suetonii
489 2091 602 2145 Aug.
639 2103 675 2130 c.
710 2091 782 2143 31,
816 2090 888 2132 hic
923 2105 1042 2133 error

169 2152 306 2205 ipsius
360 2157 426 2192 est:
479 2163 533 2191 ex
585 2150 787 2204 ignorata
838 2152 1039 2192 narrandi

173 2209 490 2251 consuetudine
539 2208 737 2250 Suetonii
785 2217 1039 2264 susceptus:

172 2270 334 2324 quippe
366 2270 402 2309 is
443 2279 608 2324 genera
652 2279 795 2308 rerum
829 2271 1038 2323 sequitur,

170 2340 257 2368 non
282 2339 489 2368 annorum
513 2327 686 2377 seriem,
720 2326 923 2381 idemque
947 2329 974 2371 l.
1001 2343 1038 2370 c.

172 2385 286 2428 haud
319 2386 450 2427 dubie
484 2385 536 2426 de
562 2384 715 2427 salutis
736 2388 920 2441 augurio
939 2387 1039 2429 anni

173 2446 257 2487 725
289 2444 462 2487 locutus
497 2450 575 2486 est.
624 2443 710 2485 lam
743 2445 858 2486 inter
881 2459 1037 2487 annum

174 2504 259 2546 725
305 2510 348 2546 et
387 2506 501 2546 inter
531 2503 620 2546 802
653 2503 784 2544 medii
818 2505 1038 2548 interiecti

169 2568 269 2605 sunt
301 2565 401 2604 anni
435 2562 506 2615 76,
540 2567 583 2603 et
613 2561 784 2603 Tacitus
827 2576 913 2604 uno
947 2566 1038 2606 dis-

172 2628 322 2676 crepat
363 2622 416 2664 ab
458 2633 666 2662 annorum
710 2635 918 2675 numero,
964 2626 1037 2678 qui

171 2694 225 2722 ex
267 2681 422 2722 Dionis
460 2680 560 2722 loco
604 2678 675 2737 (LI
706 2682 782 2737 20)
824 2695 920 2722 cum
953 2681 1038 2724 hoc

168 2746 317 2781 nostro
361 2744 607 2793 comparato
648 2740 891 2782 conficitur.
955 2742 1038 2783 Sed

171 2798 284 2840 idem
318 2794 588 2852 discreparet
618 2798 722 2839 totis
754 2801 879 2840 annis
907 2802 1037 2855 quin-

171 2858 379 2912 quaginta
432 2863 474 2898 et
524 2856 730 2909 amplius,
786 2859 820 2898 si
872 2858 1036 2900 librarii

171 2916 352 2970 quinque
373 2922 410 2956 et
431 2916 582 2970 viyinti
601 2921 718 2956 recte
743 2918 1035 2971 scripsissent.

170 2971 216 3014 Id
259 2986 364 3015 vero
408 2986 535 3015 secus
585 2980 664 3014 cst.
725 2974 829 3015 Nam
880 2977 916 3017 si
960 2990 1039 3031 per

171 3033 363 3087 quinque
397 3037 440 3074 et
456 3033 610 3088 viginti
637 3045 773 3075 annos
795 3041 894 3076 ante
922 3036 1037 3077 hunc

169 3090 257 3133 802
276 3091 429 3132 salutis
452 3093 679 3147 augurium
700 3095 902 3134 omissum
931 3103 1035 3148 crat,

172 3155 343 3203 captum
372 3149 414 3190 id
438 3156 503 3191 est
523 3162 636 3190 anno
657 3151 741 3194 776
759 3150 864 3194 Gaio
881 3154 1035 3194 Asinio

172 3213 215 3248 et
248 3207 353 3249 Gaio
387 3207 577 3249 Antistio
612 3209 878 3263 consulibus,
913 3214 1036 3266 prin-

177 3268 273 3320 cipe
307 3265 494 3308 'l'iberio.
555 3268 686 3322 Atqui
719 3270 762 3309 in
795 3272 903 3311 actis
936 3273 1035 3312 anni

172 3324 290 3367 illius
323 3324 495 3366 'l‘acitus
530 3325 608 3380 (lv
638 3327 800 3383 1—16)
836 3329 944 3368 nihil
982 3329 1036 3371 de

171 3383 326 3425 salutis
357 3386 540 3440 augurio
568 3384 749 3437 rettulit,
779 3398 1033 3441 quamquam

171 3455 223 3484 ea
280 3456 347 3483 res
393 3442 523 3498 digna
570 3454 673 3496 prae
722 3446 880 3486 ceteris
928 3452 1033 3498 erat,

171 3503 340 3557 quaein
359 3501 586 3543 annalibus
611 3511 1033 3557 commemoraretur,

169 3571 314 3617 neque
355 3560 585 3617 quidquam
620 3560 672 3602 de
717 3562 868 3604 codem
902 3576 1035 3620 argu-

171 3624 317 3663 mento
350 3619 463 3678 apud
511 3620 643 3664 alium
676 3623 931 3680 scriptorem
966 3622 1034 3668 le-

1123 1739 1279 1794 gimus.
1333 1739 1454 1790 Quae
1486 1753 1580 1781 cum
1601 1742 1661 1783 ita
1679 1743 1780 1795 sint,
1805 1742 1993 1786 dubitari

1123 1799 1290 1852 nequit,
1326 1799 1429 1853 quin
1463 1798 1627 1841 librarii
1661 1803 1799 1842 autin
1823 1804 1992 1844 numeri

1122 1859 1237 1898 notis
1270 1857 1422 1900 LXXV
1454 1859 1633 1911 primam
1667 1861 1947 1916 neglexerint
1968 1876 1992 1904 a

1121 1916 1246 1957 nobis
1265 1916 1536 1971 postliminio
1556 1920 1885 1973 restituendam,
1919 1928 1994 1963 aut

1124 1988 1218 2015 cum
1254 1982 1372 2017 esset
1415 1977 1459 2016 in
1506 1979 1805 2020 vetustissimo
1840 1993 1992 2022 exem..

1122 2034 1230 2087 plari
1266 2036 1300 2075 V
1332 2034 1400 2075 ET
1435 2035 1677 2078 VllGlN'rA
1698 2037 1765 2092 (h.
1791 2052 1829 2080 e.
1865 2042 1991 2093 quin-

1123 2107 1199 2147 que
1241 2101 1280 2134 et
1318 2097 1635 2151 septuayinta),
1679 2095 1723 2136 id
1762 2110 1990 2151 perperam

1124 2152 1380 2204 QVINQVE
1412 2153 1481 2194 ET
1516 2154 1721 2196 VIGINTI
1752 2155 1958 2212 legerint.

1212 2219 1250 2253 et
1277 2214 1512 2267 pomerium
1541 2214 1659 2255 urbis
1693 2217 1836 2256 auxit:
1869 2218 1991 2259 auxit

1121 2282 1242 2312 more
1286 2271 1576 2327 exemploque
1620 2276 1687 2327 (v,
1723 2273 1817 2315 Liv.
1865 2274 1989 2320 144.

1123 2328 1233 2371 Gell.
1262 2329 1357 2370 XIII
1382 2330 1459 2388 14)
1493 2333 1702 2373 maiorum
1735 2332 1790 2374 ob
1814 2333 1991 2377 Britan..

1120 2389 1235 2429 niam
1278 2388 1371 2429 orbi
1412 2390 1606 2431 Romano
1652 2392 1880 2435 adiectam.
1942 2396 1990 2437 In

1123 2446 1267 2500 lapide
1309 2448 1406 2488 aevi
1449 2448 1674 2490 Claudiani
1717 2453 1783 2505 (v.
1819 2451 1990 2497 Gruter.

1127 2518 1227 2562 pag.
1282 2507 1377 2549 196.
1436 2507 1590 2549 Orellii
1639 2523 1681 2550 n.
1733 2511 1877 2567 710).-
1925 2513 1988 2556 TI.

1122 2565 1420 2607 CLAVDIVS.
1465 2567 1650 2610 DRVSl.
1684 2567 1733 2611 F.
1769 2569 1986 2615 CAlSAR.

1119 2623 1252 2665 AVG.
1279 2624 1639 2668 GERMANICVS
1668 2626 1820 2670 PONT.
1854 2631 1989 2675 MAX.

1120 2696 1260 2739 TRIB.
1293 2697 1408 2740 Por.
1435 2686 1570 2742 Vini.
1600 2692 1843 2744 nuz'x—VT.
1871 2703 1987 2747 cos,

1119 2767 1207 2808 11¹1.
1241 2769 1471 2812 CENSOR.
1506 2771 1551 2813 P.
1580 2773 1624 2814 P.
1657 2774 1855 2818 AVCTIS
1892 2777 1989 2820 ΡΟ..

1119 2826 1247 2869 I'VLI
1286 2829 1501 2872 ROMANI
1544 2831 1765 2875 FlNIBVS
1813 2835 1989 2878 POME..

1119 2885 1260 2928 RIVM
1283 2887 1577 2931 AMPLIAAIT
1597 2892 1987 2947 TERMINAAITQ.

1120 2944 1372 3000 Pomerium,
1406 2961 1493 2989 non
1527 2954 1813 3005 pomoerium,
1848 2954 1914 2996 Nla
1946 2961 1989 2996 et

1119 3005 1455 3059 inscriptiones:
1491 3010 1606 3051 conf.
1631 3012 1745 3064 apud
1777 3012 1988 3055 Orellium

1119 3076 1161 3105 n.
1199 3066 1218 3106 1
1245 3071 1288 3106 et
1310 3065 1421 3118 811,
1456 3067 1681 3110 Gruterum
1715 3083 1756 3123 p.
1783 3072 1894 3114 1078
1919 3074 1985 3115 10.

1121 3121 1545 3181 (ἰνειευίπομῆριογ.
1596 3127 1708 3177 Quid
1741 3130 1796 3169 sit
1829 3142 1985 3182 pome-

1118 3182 1228 3221 rium
1262 3183 1453 3235 explicat
1485 3184 1634 3225 Livius
1666 3187 1682 3226 1
1711 3187 1784 3238 44,
1820 3187 1987 3229 Gellius

1120 3238 1215 3280 xm
1250 3242 1328 3292 143
1363 3241 1418 3283 cs.
1443 3242 1578 3283 Varro
1610 3243 1656 3286 L.
1680 3244 1725 3286 L.
1759 3246 1792 3286 V
1821 3246 1984 3297 §.143.

1206 3299 1292 3338 nisi
1326 3298 1484 3341 Lucius
1516 3302 1641 3343 Sulla
1677 3311 1715 3344 et
1748 3304 1866 3345 clivus
1889 3305 1984 3346 An-

1117 3363 1287 3410 ¹qustus:
1319 3361 1544 3412 usurpavit
1563 3363 1692 3402 etiam
1709 3361 1843 3403 Iulius
1868 3363 1983 3405 Cae*

1119 3427 1214 3467 sar3
1247 3427 1289 3456 V.
1328 3415 1439 3458 Gell.
1473 3418 1567 3460 >4111
1607 3422 1673 3463 14.
1738 3421 1820 3463 Dio
1854 3422 1984 3464 XLllI

1120 3474 1190 3525 50,
1225 3473 1358 3515 XLIV
1390 3475 1462 3517 49.
1525 3477 1616 3520 Cic.
1663 3479 1715 3520 ad
1753 3481 1842 3522 Au.
1886 3482 1985 3523 Xlll

1119 3533 1205 3575 20:
1239 3533 1289 3573 cle
1319 3534 1423 3575 urbe
1457 3538 1656 3592 auqenda
1687 3539 1785 3593 quid
1806 3541 1858 3581 sit
1875 3554 1984 3597 pro-

1118 3591 1374 3646 mulgatum,
1417 3607 1505 3637 non
1537 3597 1756 3654 intelleoei5
1804 3598 1850 3641 id
1878 3612 1984 3645 sane

1119 3650 1230 3698 scire
1261 3651 1400 3699 velim.
