2280 4004
281 298 344 341 84
608 295 900 341 ANNALIVM
935 293 1099 341 LIBER
1130 295 1162 339 I.
1184 293 1310 339 CCAr'.
1338 291 1534 349 80-81,
1609 310 1649 341 a.
1682 309 1726 340 u.
1760 297 1861 343 768.
1895 297 1926 342 α’
1953 296 2002 342 G.
2023 293 2110 343 715.

281 439 549 492 eminentis
602 439 815 491 virtutes
866 438 1186 504 sectabatur,
1259 442 1308 490 et
1357 451 1558 491 rursum
1609 437 1733 492 vitia
1770 439 1992 492 oderat:
2045 454 2111 493 ex

280 531 480 598 optimis
504 530 781 598 periculum
811 530 925 595 sibi,
955 546 983 582 a
1012 530 1247 597 pessimis
1287 530 1512 582 dedecus
1547 530 1802 597 publicum
1837 529 2107 584 metuebat.

232 629 241 684 ἰ,
280 624 389 685 Qua
428 623 767 676 haesitatione
801 627 1061 688 postremo
1124 636 1186 674 eo
1234 627 1509 688 provectus
1559 627 1637 675 est
1687 627 1742 674 ut
1792 622 2112 675 mandaverit

238 688 246 749 ἶ
278 714 576 781 quibusdam
602 714 912 780 provinciaS,
951 701 1079 780 quos
1109 714 1299 782 egredi
1334 715 1463 766 urbe
1498 729 1602 766 non
1637 719 1746 766 erat
1778 729 2038 781 passurus
2107 729 2110 731 *

239 819 261 856 s
328 823 331 826 ’
413 807 488 858 De
525 806 744 857 comitiis
785 806 1157 872 consularibuS,
1198 821 1328 873 quae
1366 812 1468 858 tum
1501 806 1716 874 primum
1754 806 1842 858 illo
1879 805 2109 873 principe
2129 802 2196 852 81

277 911 338 948 ac
374 896 616 963 deinceps
653 897 813 962 fuere,
857 897 943 949 vix
981 897 1247 964 quicquam
1275 897 1476 950 firmare
1509 894 1698 950 au‘sim:
1738 897 1869 950 adeo
1905 897 2109 950 diversa

275 1003 379 1039 non
403 988 558 1040 modo
594 988 725 1055 apud
763 992 998 1040 auctores
1030 988 1121 1040 sed
1159 989 1211 1039 in
1236 988 1393 1055 ipsius
1421 989 1736 1041 orationibus
1770 989 2108 1055 reperiuntur.

272 1080 426 1134 Modo
477 1080 749 1132 subtractis
807 1080 1191 1133 candidatorum
1230 1081 1518 1133 nominibus
1560 1081 1811 1149 originem
1865 1062 2109 1146 cuiusque

276 1177 326 1224 et
359 1173 514 1224 vitam
555 1177 603 1225 et
642 1172 893 1239 stipendia
934 1172 1232 1239 descripsit,
1281 1177 1336 1223 ut
1375 1173 1458 1239 qui
1497 1172 1664 1224 forent
1700 1171 2108 1239 intellegeretur:

211 1277 259 1313 no
275 1264 546 1330 aliquando
586 1279 880 1338 ‘epa-(quoque
917 1265 1292 1339 significatione
1325 1264 1600 1333 subtracta,
1645 1262 1944 1315 candidatos
1974 1262 2113 1314 hor-

272 1359 404 1407 tatus
443 1371 508 1407 ne
545 1356 732 1408 ambitu
769 1356 972 1407 comitia
1010 1338 1298 1421 turbarent,
1348 1370 1487 1407 suam
1537 1354 1600 1406 ad
1645 1354 1696 1406 id
1741 1365 1945 1406 curam
1949 1353 2111 1421 polli-

275 1447 403 1499 citus
438 1451 530 1498 est
604 1447 902 1513 Plerumque
941 1461 1031 1499 eos
1059 1451 1250 1499 tantum
1288 1445 1418 1513 apud
1454 1461 1512 1498 se
1507 1445 1818 1530 professos
1848 1443 2109 1510 disseruit,

1854 1516 2070 1529 —w-,wp-..up

275 1553 488 1605 quorum
523 1539 730 1590 nomina
769 1528 1062 1591 consulibus
1100 1530 1373 1591 edidisset:
1398 1538 1567 1605 posse
1609 1543 1659 1589 et
1698 1521 1841 1591 alios
1844 1518 2105 1603 profiteri,

274 1630 319 1681 si
358 1629 557 1696 gratiae
590 1634 675 1680 aut
710 1630 904 1682 meritis
945 1629 1275 1681 confiderent.
1350 1629 1595 1695 Speciosa
1627 1628 1818 1693 verbiS,
1845 1643 1923 1679 re
1929 1627 2110 1678 inanit!

210 1737 260 1776 15
276 1725 361 1771 aut
394 1721 638 1786 subdola,
684 1726 972 1787 quantoque
1012 1721 1206 1772 maiore
1244 1719 1492 1772 libertatis
1530 1719 1753 1788 imagine
1789 1717 2108 1786 tegebantur,

273 1817 414 1864 tanto
452 1818 687 1879 eruptura
726 1813 789 1864 ad
826 1813 1075 1864 infensius
1118 1812 1392 1867 servitium.

394 1970 432 2012 1.
466 1968 634 2011 virtutis
667 1968 722 2011 M.
787 1970 828 2013 2.
862 1969 944 2010 sibi
974 1968 1054 2010 sibi
1084 1969 1179 2010 sine
1203 1967 1559 2022 interpunctione
1582 1967 1637 2010 M.
1689 1969 1732 2011 4.
1767 1966 2030 2024 quibustdam
2048 1965 2108 2010 M.

274 2027 315 2072 ’7.
351 2036 454 2084 aput
488 2036 661 2070 autores
693 2028 748 2070 Μ.
874 2041 990 2070 nunc
1022 2029 1096 2069 sed
1127 2028 1181 2069 M.
1327 2028 1632 2083 repperiuntur
1662 2027 1717 2069 M.
1822 2028 1890 2072 12.
1923 2033 2026 2085 aput
2055 2026 2111 2069 M.

276 2090 346 2131 14.
379 2089 426 2129 in
467 2090 652 2144 spetiosa
683 2088 740 2130 M.
901 2087 967 2131 16.
1001 2088 1238 2130 seruit-ium.
1282 2086 1450 2129 FINIT
1487 2085 1532 2128 P.
1570 2086 1843 2130 CORNELI
1883 2085 2042 2130 LIBJ.
2088 2086 2104 2135 ΙΙ

273 2147 505 2210 INCIPIT
533 2147 733 2190 LIBER.
770 2146 833 2190 11.
1777 2167 1779 2169 ¹
1880 2167 1882 2169 >

359 2303 405 2338 ut
445 2297 717 2338 mandaverit
755 2296 1003 2351 quibusdam
1045 2311 1154 2353 pro..
1237 2296 1505 2353 suggerebat
1541 2296 1613 2351 qui
1647 2293 1906 2351 designandi
1935 2293 2018 2338 sibi
2042 2294 2114 2336 vi-

270 2356 437 2397 vincias
469 2380 525 2389 ——
554 2370 787 2412 passurus:
829 2355 932 2412 lege
976 2355 1033 2397 VI
1079 2358 1150 2401 27.
1239 2356 1459 2397 dei-entur.

272 2415 453 2458 Sueton.
517 2415 659 2458 Tiber
711 2416 791 2458 63·
819 2420 862 2456 et
912 2417 984 2457 41.
1068 2415 1151 2457 Dio
1324 2429 1379 2457 ne
1432 2414 1590 2456 ambitu
1639 2414 1811 2457 comitia
1858 2412 2113 2456 turbarent:

270 2474 405 2516 LVIII
427 2475 494 2519 19
527 2474 701 2530 Ioseph.
720 2475 821 2516 Ant.
841 2473 980 2515 XVIII
1002 2474 1091 2526 ὃς.
1109 2475 1149 2517 5.
1236 2487 1292 2516 ne
1334 2480 1581 2516 senatorum
1627 2473 1836 2530 suffragia
1863 2471 2114 2515 'ambiendo

360 2533 464 2589 Cap.
505 2534 576 2577 81.
649 2549 757 2589 quae
806 2542 890 2576 tum
938 2535 1151 2591 primum.-
1239 2533 1476 2575 conciliare
1509 2532 1591 2575 sibi
1624 2532 1862 2574 studerent.
1907 2545 2028 2574 suam
2055 2531 2115 2574 ad

268 2590 478 2634 ‘secundo
513 2606 627 2635 anno
651 2594 826 2646 Tiberii,
862 2606 947 2647 quo
964 2594 1151 2663 primum
1235 2593 1281 2634 id
1313 2607 1462 2635 curam
1488 2591 1735 2649 pollicitus:
1775 2595 1820 2633 in
1859 2590 1928 2633 his
1973 2592 2114 2634 comi..
2172 2625 2182 2629 ,

271 2652 521 2722 designavit
555 2654 774 2695 consules.
824 2653 930 2694 Nam
953 2654 1150 2707 proxime
1237 2654 1309 2693 tiis
1344 2652 1558 2694 dominari
1591 2665 1703 2692 unus
1735 2650 1899 2704 voluit,
1941 2662 2029 2692 non
2062 2656 2115 2692 εἰ

270 2713 405 2766 priori
441 2711 679 2754 destinarat
712 2714 952 2768 Augustus.
1010 2713 1151 2754 Dein·
1236 2711 1536 2754 moderatione
1568 2711 1631 2751 uti
1665 2723 1791 2766 quam
1812 2711 1855 2752 in
1911 2702 2115 2751 raetoriis

271 2784 369 2827 ceps
422 2772 626 2828 intellige
685 2771 738 2813 de
788 2772 972 2828 reliquis
1027 2773 1151 2813 annis
1238 2773 1462 2828 (v.c.15)
1488 2771 1740 2812 ostentavit.
1773 2769 1857 2811 Dio
1925 2763 2021 2810 VIII
2040 2768 2113 2813 20.

272 2831 469 2872 eiusdem
509 2830 693 2884 Tiberii,
744 2844 830 2872 non
873 2832 926 2873 de
970 2844 1151 2872 succes-
1238 2829 1365 2872 Conf.
1399 2830 1533 2872 Tacit.
1566 2828 1708 2872 1142.

271 2891 443 2931 soi-ibus
477 2892 587 2932 eius.
643 2890 771 2932 Conf.
806 2891 889 2933 Dio
911 2890 1044 2933 LVIII
1064 2889 1151 2934 20?
1324 2897 1399 2931 aut
1439 2888 1641 2931 subdola.-
1695 2885 1870 2930 scilicet
1913 2883 2114 2930 nonnulli

269 2947 496 2991 Womus.
1237 2950 1311 3004 qui
1345 2948 1506 2990 'liberii
1546 2946 1694 2991 verbis
1735 2945 1988 2999 crederent,
2026 2945 2114 2987 im-

361 3008 615 3050 candidatos
659 3009 877 3051 hortatus.-
925 3010 1008 3051 hoc
1051 3010 1146 3063 ipso
1234 3007 1467 3062 prudentia
1522 3021 1600 3050 sua
1656 3006 1943 3048 circumventi
1995 3007 2111 3046 sunt.

271 3067 387 3123 quod
422 3067 674 3110 candidatos
699 3069 949 3110 nominabat
971 3074 1014 3110 et
1042 3068 1148 3109 hor-
1237 3067 1363 3108 Grati
1392 3067 1587 3108 clausula
1605 3065 1719 3107 liber
1735 3065 1909 3117 desinit,
1930 3061 2112 3119 perinde

270 3126 467 3181 tabatur,
530 3127 724 3183 patribus
778 3127 1055 3184 significabat
1107 3133 1150 3168 et
1235 3124 1454 3168 secundus
1491 3132 1534 3167 et
1567 3125 1737 3176 tertius,
1770 3123 1844 3165 ubi
1877 3123 1936 3165 cf.
1959 3127 2108 3164 annot.
