<?xml version="1.0" encoding="UTF-8"?>
<!DOCTYPE html PUBLIC "-//W3C//DTD XHTML 1.0 Transitional//EN"
    "http://www.w3.org/TR/xhtml1/DTD/xhtml1-transitional.dtd">
<html xmlns="http://www.w3.org/1999/xhtml" xml:lang="en" lang="en">
 <head>
  <title>
</title>
<meta http-equiv="Content-Type" content="text/html;charset=utf-8" />
  <meta name='ocr-system' content='tesseract 3.04.00' />
  <meta name='ocr-capabilities' content='ocr_page ocr_carea ocr_par ocr_line ocrx_word'/>
</head>
<body>
  <div class='ocr_page' id='page_1' title='image "./operaadcodicesan01taciuoft_0476.png"; bbox 0 0 2280 4004; ppageno 0'>
   <div class='ocr_carea' id='block_1_1' title="bbox 272 418 1520 484">
    <p class='ocr_par' dir='ltr' id='par_1_1' title="bbox 272 418 1520 484">
     <span class='ocr_line' id='line_1_1' title="bbox 272 418 1520 484; baseline 0 -10"><span class='ocrx_word' id='word_1_1' title='bbox 272 424 516 484; x_wconf 78' lang='lat' dir='ltr'>exactOS,</span> <span class='ocrx_word' id='word_1_2' title='bbox 577 424 630 471; x_wconf 93' lang='lat' dir='ltr'>ut</span> <span class='ocrx_word' id='word_1_3' title='bbox 685 423 801 471; x_wconf 82' lang='lat' dir='ltr'>rem&#39;</span> <span class='ocrx_word' id='word_1_4' title='bbox 831 418 1096 472; x_wconf 88' lang='lat' dir='ltr'>militarem</span> <span class='ocrx_word' id='word_1_5' title='bbox 1143 420 1520 475; x_wconf 84' lang='lat' dir='ltr'>comitarentur.</span> 
     </span>
    </p>
   </div>
   <div class='ocr_carea' id='block_1_2' title="bbox 1040 276 1330 324">
    <p class='ocr_par' dir='ltr' id='par_1_2' title="bbox 1040 276 1330 324">
     <span class='ocr_line' id='line_1_2' title="bbox 1040 276 1330 324; baseline 0 -1"><span class='ocrx_word' id='word_1_6' title='bbox 1040 276 1247 323; x_wconf 76' lang='lat' dir='ltr'><strong>AN-NALI</strong></span> <span class='ocrx_word' id='word_1_7' title='bbox 1253 278 1330 324; x_wconf 69' lang='lat' dir='ltr'>VH</span> 
     </span>
    </p>
   </div>
   <div class='ocr_carea' id='block_1_3' title="bbox 1798 284 2102 336">
    <p class='ocr_par' dir='ltr' id='par_1_3' title="bbox 1798 284 2102 336">
     <span class='ocr_line' id='line_1_3' title="bbox 1798 284 2102 336; baseline -0.003 -6"><span class='ocrx_word' id='word_1_8' title='bbox 1798 328 1804 330; x_wconf 69' lang='grc'><strong>,</strong></span> <span class='ocrx_word' id='word_1_9' title='bbox 1850 299 1890 331; x_wconf 82' lang='lat' dir='ltr'>a.</span> <span class='ocrx_word' id='word_1_10' title='bbox 1900 284 1967 330; x_wconf 51' lang='grc' dir='ltr'>ἰζ</span> <span class='ocrx_word' id='word_1_11' title='bbox 1986 284 2102 336; x_wconf 61' lang='grc' dir='ltr'>ωε.</span> 
     </span>
    </p>
   </div>
   <div class='ocr_carea' id='block_1_4' title="bbox 227 503 2150 947">
    <p class='ocr_par' dir='ltr' id='par_1_4' title="bbox 227 503 2150 947">
     <span class='ocr_line' id='line_1_4' title="bbox 270 503 2150 589; baseline 0.005 -26"><span class='ocrx_word' id='word_1_12' title='bbox 270 511 492 578; x_wconf 84' lang='lat' dir='ltr'>negotiis</span> <span class='ocrx_word' id='word_1_13' title='bbox 546 511 645 561; x_wconf 91' lang='lat' dir='ltr'>duo</span> <span class='ocrx_word' id='word_1_14' title='bbox 698 510 880 575; x_wconf 91' lang='lat' dir='ltr'>additi,</span> <span class='ocrx_word' id='word_1_15' title='bbox 945 511 1030 577; x_wconf 93' lang='lat' dir='ltr'>qui</span> <span class='ocrx_word' id='word_1_16' title='bbox 1068 512 1260 564; x_wconf 90' lang='lat' dir='ltr'>Romae</span> <span class='ocrx_word' id='word_1_17' title='bbox 1316 520 1568 567; x_wconf 87' lang='lat' dir='ltr'>curarent.</span> <span class='ocrx_word' id='word_1_18' title='bbox 1652 517 1772 569; x_wconf 82' lang='lat' dir='ltr'>Mox</span> <span class='ocrx_word' id='word_1_19' title='bbox 1800 503 2150 589; x_wconf 55' lang='lat' dir='ltr'>&amp;W</span> 
     </span>
     <span class='ocr_line' id='line_1_5' title="bbox 269 599 2149 678; baseline 0.004 -24"><span class='ocrx_word' id='word_1_20' title='bbox 269 615 524 665; x_wconf 87' lang='lat' dir='ltr'>numerus,</span> <span class='ocrx_word' id='word_1_21' title='bbox 555 601 883 666; x_wconf 87' lang='lat' dir='ltr'>stipendiaria</span> <span class='ocrx_word' id='word_1_22' title='bbox 921 602 1019 653; x_wconf 88' lang='lat' dir='ltr'>iam</span> <span class='ocrx_word' id='word_1_23' title='bbox 1058 603 1197 654; x_wconf 88' lang='lat' dir='ltr'>Italia</span> <span class='ocrx_word' id='word_1_24' title='bbox 1237 609 1286 655; x_wconf 93' lang='lat' dir='ltr'>et</span> <span class='ocrx_word' id='word_1_25' title='bbox 1327 606 1688 661; x_wconf 76' lang='lat' dir='ltr'><strong>accedentibus</strong></span> <span class='ocrx_word' id='word_1_26' title='bbox 1723 599 2115 676; x_wconf 44' lang='lat' dir='ltr'>provineiffl‘</span> <span class='ocrx_word' id='word_1_27' title='bbox 2147 675 2149 678; x_wconf 10' lang='grc' dir='ltr'><strong><em>Δ</em></strong></span> 
     </span>
     <span class='ocr_line' id='line_1_6' title="bbox 268 692 2097 774; baseline 0.007 -31"><span class='ocrx_word' id='word_1_28' title='bbox 268 692 622 759; x_wconf 78' lang='lat' dir='ltr'>vectigalibus.</span> <span class='ocrx_word' id='word_1_29' title='bbox 684 693 802 745; x_wconf 85' lang='lat' dir='ltr'><strong>Post</strong></span> <span class='ocrx_word' id='word_1_30' title='bbox 825 693 942 762; x_wconf 85' lang='lat' dir='ltr'>lege</span> <span class='ocrx_word' id='word_1_31' title='bbox 969 695 1137 774; x_wconf 80' lang='lat' dir='ltr'>Sullae</span> <span class='ocrx_word' id='word_1_32' title='bbox 1164 696 1346 764; x_wconf 83' lang='lat' dir='ltr'>viginti</span> <span class='ocrx_word' id='word_1_33' title='bbox 1378 700 1537 750; x_wconf 88' lang='lat' dir='ltr'>creati</span> <span class='ocrx_word' id='word_1_34' title='bbox 1564 701 2097 770; x_wconf 48' lang='lat' dir='ltr'>supplendoffsm</span> 
     </span>
     <span class='ocr_line' id='line_1_7' title="bbox 227 779 2100 861; baseline 0.007 -29"><span class='ocrx_word' id='word_1_35' title='bbox 227 783 352 835; x_wconf 64' lang='lat' dir='ltr'>acui</span> <span class='ocrx_word' id='word_1_36' title='bbox 373 784 563 836; x_wconf 89' lang='lat' dir='ltr'>iudicia</span> <span class='ocrx_word' id='word_1_37' title='bbox 591 784 889 837; x_wconf 83' lang='lat' dir='ltr'>tradiderat.</span> <span class='ocrx_word' id='word_1_38' title='bbox 964 787 1025 838; x_wconf 93' lang='lat' dir='ltr'>Et</span> <span class='ocrx_word' id='word_1_39' title='bbox 1061 779 1361 854; x_wconf 77' lang='lat' dir='ltr'>quamquam</span> <span class='ocrx_word' id='word_1_40' title='bbox 1386 791 1580 857; x_wconf 84' lang='lat' dir='ltr'>equites</span> <span class='ocrx_word' id='word_1_41' title='bbox 1609 792 1799 845; x_wconf 91' lang='lat' dir='ltr'>iudicia</span> <span class='ocrx_word' id='word_1_42' title='bbox 1835 783 2100 861; x_wconf 55' lang='lat' dir='ltr'>recissum</span> 
     </span>
     <span class='ocr_line' id='line_1_8' title="bbox 266 874 2099 947; baseline 0.007 -21"><span class='ocrx_word' id='word_1_43' title='bbox 266 874 477 941; x_wconf 65' lang='lat' dir='ltr'>wis-sent,</span> <span class='ocrx_word' id='word_1_44' title='bbox 519 881 788 942; x_wconf 83' lang='lat' dir='ltr'>quaestura</span> <span class='ocrx_word' id='word_1_45' title='bbox 824 882 992 930; x_wconf 87' lang='lat' dir='ltr'>tamen</span> <span class='ocrx_word' id='word_1_46' title='bbox 1032 895 1097 931; x_wconf 79' lang='lat' dir='ltr'>ex</span> <span class='ocrx_word' id='word_1_47' title='bbox 1136 880 1383 947; x_wconf 84' lang='lat' dir='ltr'>dignitate</span> <span class='ocrx_word' id='word_1_48' title='bbox 1422 883 1806 938; x_wconf 89' lang='lat' dir='ltr'>candidatorum</span> <span class='ocrx_word' id='word_1_49' title='bbox 1843 885 2099 939; x_wconf 50' lang='lat' dir='ltr'>nutriat·-</span> 
     </span>
    </p>
   </div>
   <div class='ocr_carea' id='block_1_5' title="bbox 265 965 1536 1039">
    <p class='ocr_par' dir='ltr' id='par_1_5' title="bbox 265 965 1536 1039">
     <span class='ocr_line' id='line_1_9' title="bbox 265 965 1536 1039; baseline 0.006 -21"><span class='ocrx_word' id='word_1_50' title='bbox 265 965 407 1018; x_wconf 87' lang='lat' dir='ltr'>litate</span> <span class='ocrx_word' id='word_1_51' title='bbox 470 965 794 1020; x_wconf 84' lang='lat' dir='ltr'>tribuentium</span> <span class='ocrx_word' id='word_1_52' title='bbox 848 969 1070 1036; x_wconf 88' lang='lat' dir='ltr'>gratuito</span> <span class='ocrx_word' id='word_1_53' title='bbox 1130 972 1536 1039; x_wconf 83' lang='lat' dir='ltr'>concedebatur,</span> 
     </span>
    </p>
   </div>
   <div class='ocr_carea' id='block_1_6' title="bbox 264 1056 1163 1113">
    <p class='ocr_par' dir='ltr' id='par_1_6' title="bbox 264 1056 1163 1113">
     <span class='ocr_line' id='line_1_10' title="bbox 264 1056 1163 1113; baseline 0.001 -2"><span class='ocrx_word' id='word_1_54' title='bbox 264 1056 563 1111; x_wconf 84' lang='lat' dir='ltr'>Dolabellae</span> <span class='ocrx_word' id='word_1_55' title='bbox 599 1058 736 1110; x_wconf 86' lang='lat' dir='ltr'>velut</span> <span class='ocrx_word' id='word_1_56' title='bbox 770 1060 1163 1113; x_wconf 87' lang='lat' dir='ltr'>venundaretur.</span> 
     </span>
    </p>
   </div>
   <div class='ocr_carea' id='block_1_7' title="bbox 1619 975 2095 1037">
    <p class='ocr_par' dir='ltr' id='par_1_7' title="bbox 1619 975 2095 1037">
     <span class='ocr_line' id='line_1_11' title="bbox 1619 975 2095 1037; baseline 0.004 -11"><span class='ocrx_word' id='word_1_57' title='bbox 1619 975 1786 1029; x_wconf 80' lang='lat' dir='ltr'>donec</span> <span class='ocrx_word' id='word_1_58' title='bbox 1812 1013 1814 1015; x_wconf 62' lang='grc'><em>»</em></span> <span class='ocrx_word' id='word_1_59' title='bbox 1843 976 2095 1037; x_wconf 74' lang='lat' dir='ltr'>sententia</span> 
     </span>
    </p>
   </div>
   <div class='ocr_carea' id='block_1_8' title="bbox 204 1148 2182 1499">
    <p class='ocr_par' dir='ltr' id='par_1_8' title="bbox 204 1148 2182 1499">
     <span class='ocr_line' id='line_1_12' title="bbox 407 1148 2182 1227; baseline 0.008 -26"><span class='ocrx_word' id='word_1_60' title='bbox 407 1148 538 1201; x_wconf 93' lang='lat' dir='ltr'>Aulo</span> <span class='ocrx_word' id='word_1_61' title='bbox 577 1150 778 1202; x_wconf 89' lang='lat' dir='ltr'>Vitellio</span> <span class='ocrx_word' id='word_1_62' title='bbox 828 1152 985 1203; x_wconf 90' lang='lat' dir='ltr'>Lucio</span> <span class='ocrx_word' id='word_1_63' title='bbox 1029 1154 1271 1219; x_wconf 82' lang='lat' dir='ltr'>Vipstano</span> <span class='ocrx_word' id='word_1_64' title='bbox 1332 1156 1625 1208; x_wconf 91' lang='lat' dir='ltr'>consulibus</span> <span class='ocrx_word' id='word_1_65' title='bbox 1683 1173 1795 1210; x_wconf 91' lang='lat' dir='ltr'>cum</span> <span class='ocrx_word' id='word_1_66' title='bbox 1851 1158 1916 1212; x_wconf 88' lang='lat' dir='ltr'>de</span> <span class='ocrx_word' id='word_1_67' title='bbox 1970 1167 2182 1227; x_wconf 79' lang='lat' dir='ltr'>sup-23</span> 
     </span>
     <span class='ocr_line' id='line_1_13' title="bbox 204 1239 2094 1317; baseline 0.006 -27"><span class='ocrx_word' id='word_1_68' title='bbox 204 1239 454 1308; x_wconf 67' lang='lat' dir='ltr'>replendo</span> <span class='ocrx_word' id='word_1_69' title='bbox 494 1247 672 1292; x_wconf 85' lang='lat' dir='ltr'>senatu</span> <span class='ocrx_word' id='word_1_70' title='bbox 723 1243 1031 1310; x_wconf 85' lang='lat' dir='ltr'>agitaretur,</span> <span class='ocrx_word' id='word_1_71' title='bbox 1083 1245 1434 1313; x_wconf 83' lang='lat' dir='ltr'>primoresque</span> <span class='ocrx_word' id='word_1_72' title='bbox 1473 1247 1667 1303; x_wconf 85' lang='lat' dir='ltr'>Galliae</span> <span class='ocrx_word' id='word_1_73' title='bbox 1717 1264 1846 1315; x_wconf 87' lang='lat' dir='ltr'>quae</span> <span class='ocrx_word' id='word_1_74' title='bbox 1880 1250 2094 1317; x_wconf 65' lang='lat' dir='ltr'>&gt;Comata</span> 
     </span>
     <span class='ocr_line' id='line_1_14' title="bbox 267 1324 2094 1408; baseline 0.004 -22"><span class='ocrx_word' id='word_1_75' title='bbox 267 1332 573 1402; x_wconf 84' lang='lat' dir='ltr'>appellatur,</span> <span class='ocrx_word' id='word_1_76' title='bbox 629 1333 840 1386; x_wconf 87' lang='lat' dir='ltr'>foedera</span> <span class='ocrx_word' id='word_1_77' title='bbox 899 1341 948 1386; x_wconf 90' lang='lat' dir='ltr'>et</span> <span class='ocrx_word' id='word_1_78' title='bbox 989 1336 1241 1388; x_wconf 87' lang='lat' dir='ltr'>civitatem</span> <span class='ocrx_word' id='word_1_79' title='bbox 1279 1324 1557 1390; x_wconf 86' lang='lat' dir='ltr'>Romanam</span> <span class='ocrx_word' id='word_1_80' title='bbox 1599 1340 1796 1405; x_wconf 91' lang='lat' dir='ltr'>pridem</span> <span class='ocrx_word' id='word_1_81' title='bbox 1848 1341 2094 1408; x_wconf 82' lang='lat' dir='ltr'>adsecuti,</span> 
     </span>
     <span class='ocr_line' id='line_1_15' title="bbox 262 1429 2095 1499; baseline 0.005 -18"><span class='ocrx_word' id='word_1_82' title='bbox 262 1429 344 1481; x_wconf 91' lang='lat' dir='ltr'>ius</span> <span class='ocrx_word' id='word_1_83' title='bbox 386 1429 833 1497; x_wconf 87' lang='lat' dir='ltr'>adipiscendorum</span> <span class='ocrx_word' id='word_1_84' title='bbox 889 1431 942 1480; x_wconf 91' lang='lat' dir='ltr'>in</span> <span class='ocrx_word' id='word_1_85' title='bbox 976 1431 1104 1483; x_wconf 90' lang='lat' dir='ltr'>urbe</span> <span class='ocrx_word' id='word_1_86' title='bbox 1151 1431 1400 1484; x_wconf 89' lang='lat' dir='ltr'>honorum</span> <span class='ocrx_word' id='word_1_87' title='bbox 1439 1437 1767 1499; x_wconf 84' lang='lat' dir='ltr'>expeterent,</span> <span class='ocrx_word' id='word_1_88' title='bbox 1815 1433 1999 1485; x_wconf 81' lang='lat' dir='ltr'>multus</span> <span class='ocrx_word' id='word_1_89' title='bbox 2027 1437 2095 1490; x_wconf 63' lang='lat' dir='ltr'>‘ei</span> 
     </span>
    </p>
   </div>
   <div class='ocr_carea' id='block_1_9' title="bbox 376 1583 1554 1749">
    <p class='ocr_par' dir='ltr' id='par_1_9' title="bbox 376 1583 1554 1749">
     <span class='ocr_line' id='line_1_16' title="bbox 376 1583 1554 1689; baseline 0.003 -63"><span class='ocrx_word' id='word_1_90' title='bbox 376 1583 421 1631; x_wconf 79' lang='lat'>4.</span> <span class='ocrx_word' id='word_1_91' title='bbox 455 1584 568 1641; x_wconf 72' lang='lat' dir='ltr'>leqe‘,</span> <span class='ocrx_word' id='word_1_92' title='bbox 601 1586 644 1627; x_wconf 90' lang='lat' dir='ltr'>id</span> <span class='ocrx_word' id='word_1_93' title='bbox 678 1591 744 1628; x_wconf 89' lang='lat' dir='ltr'>est</span> <span class='ocrx_word' id='word_1_94' title='bbox 775 1586 924 1642; x_wconf 72' lang='lat' dir='ltr'>leyem,</span> <span class='ocrx_word' id='word_1_95' title='bbox 958 1585 1046 1628; x_wconf 73' lang='lat' dir='ltr'>Ma:</span> <span class='ocrx_word' id='word_1_96' title='bbox 1082 1592 1330 1689; x_wconf 50' lang='grc' dir='ltr'>οοηῗεῐιῗνιηὲ</span> <span class='ocrx_word' id='word_1_97' title='bbox 1359 1587 1475 1629; x_wconf 89' lang='lat' dir='ltr'>inest</span> <span class='ocrx_word' id='word_1_98' title='bbox 1507 1586 1554 1629; x_wconf 87' lang='lat' dir='ltr'>G.</span> 
     </span>
     <span class='ocr_line' id='line_1_17' title="bbox 1178 1679 1378 1749; baseline 0 -1"><span class='ocrx_word' id='word_1_99' title='bbox 1178 1679 1262 1748; x_wconf 72' lang='lat' dir='ltr'>cos.</span> <span class='ocrx_word' id='word_1_100' title='bbox 1297 1679 1378 1749; x_wconf 69' lang='lat' dir='ltr'>Ma.</span> 
     </span>
    </p>
   </div>
   <div class='ocr_carea' id='block_1_10' title="bbox 258 1644 1086 1762">
    <p class='ocr_par' dir='ltr' id='par_1_10' title="bbox 258 1644 1086 1762">
     <span class='ocr_line' id='line_1_18' title="bbox 258 1644 1086 1701; baseline -0.001 -12"><span class='ocrx_word' id='word_1_101' title='bbox 258 1647 624 1701; x_wconf 60' lang='lat' dir='ltr'>receptu-avissent</span> <span class='ocrx_word' id='word_1_102' title='bbox 657 1645 736 1689; x_wconf 67' lang='lat' dir='ltr'>Ma.</span> <span class='ocrx_word' id='word_1_103' title='bbox 842 1646 883 1689; x_wconf 86' lang='lat'>9.</span> <span class='ocrx_word' id='word_1_104' title='bbox 917 1646 972 1689; x_wconf 92' lang='lat' dir='ltr'>A.</span> <span class='ocrx_word' id='word_1_105' title='bbox 1004 1644 1086 1688; x_wconf 71' lang='lat' dir='ltr'>Ma.</span> 
     </span>
     <span class='ocr_line' id='line_1_19' title="bbox 258 1703 1066 1762; baseline -0.002 -13"><span class='ocrx_word' id='word_1_106' title='bbox 258 1704 317 1749; x_wconf 82' lang='lat'>48</span> <span class='ocrx_word' id='word_1_107' title='bbox 349 1704 403 1747; x_wconf 87' lang='lat' dir='ltr'>ad</span> <span class='ocrx_word' id='word_1_108' title='bbox 435 1705 714 1748; x_wconf 87' lang='lat' dir='ltr'>Reinesium:</span> <span class='ocrx_word' id='word_1_109' title='bbox 765 1703 832 1749; x_wconf 79' lang='lat' dir='ltr'>Ma</span> <span class='ocrx_word' id='word_1_110' title='bbox 865 1706 1066 1762; x_wconf 70' lang='lat' dir='ltr'>uipsana.</span> 
     </span>
    </p>
   </div>
   <div class='ocr_carea' id='block_1_11' title="bbox 1448 1586 2095 1756">
    <p class='ocr_par' dir='ltr' id='par_1_11' title="bbox 1448 1586 2095 1756">
     <span class='ocr_line' id='line_1_20' title="bbox 1692 1586 2093 1635; baseline 0.002 -6"><span class='ocrx_word' id='word_1_111' title='bbox 1692 1586 1847 1630; x_wconf 79' lang='lat' dir='ltr'>suillae</span> <span class='ocrx_word' id='word_1_112' title='bbox 1878 1586 1958 1635; x_wconf 66' lang='lat' dir='ltr'>Ma.</span> <span class='ocrx_word' id='word_1_113' title='bbox 2048 1589 2093 1634; x_wconf 63' lang='lat'>5.</span> 
     </span>
     <span class='ocr_line' id='line_1_21' title="bbox 1448 1646 2095 1756; baseline 0.006 -8"><span class='ocrx_word' id='word_1_114' title='bbox 1448 1646 2095 1756; x_wconf 53' lang='lat' dir='ltr'>V³¹i⁸1⁶f¹&#39;5ssss.¹‘&#39;b¹}‘f“³⁰⁵1i”?⁹{⁵‡</span> 
     </span>
    </p>
   </div>
   <div class='ocr_carea' id='block_1_12' title="bbox 258 1762 1478 1821">
    <p class='ocr_par' dir='ltr' id='par_1_12' title="bbox 258 1762 1478 1821">
     <span class='ocr_line' id='line_1_22' title="bbox 258 1762 1478 1821; baseline 0.001 -16"><span class='ocrx_word' id='word_1_115' title='bbox 258 1775 309 1821; x_wconf 90' lang='lat' dir='ltr'>pr</span> <span class='ocrx_word' id='word_1_116' title='bbox 332 1762 412 1819; x_wconf 67' lang='lat' dir='ltr'>Ma,</span> <span class='ocrx_word' id='word_1_117' title='bbox 446 1770 492 1806; x_wconf 88' lang='lat' dir='ltr'>ut</span> <span class='ocrx_word' id='word_1_118' title='bbox 521 1765 717 1809; x_wconf 82' lang='lat' dir='ltr'>videtur:</span> <span class='ocrx_word' id='word_1_119' title='bbox 751 1779 867 1809; x_wconf 91' lang='lat' dir='ltr'>nunc</span> <span class='ocrx_word' id='word_1_120' title='bbox 899 1765 1045 1809; x_wconf 84' lang='lat' dir='ltr'>littera</span> <span class='ocrx_word' id='word_1_121' title='bbox 1077 1767 1207 1808; x_wconf 81' lang='lat' dir='ltr'>tertia</span> <span class='ocrx_word' id='word_1_122' title='bbox 1242 1778 1364 1808; x_wconf 87' lang='lat' dir='ltr'>erasa</span> <span class='ocrx_word' id='word_1_123' title='bbox 1397 1771 1478 1808; x_wconf 83' lang='lat' dir='ltr'>est.</span> 
     </span>
    </p>
   </div>
   <div class='ocr_carea' id='block_1_13' title="bbox 252 1886 1135 3728">
    <p class='ocr_par' dir='ltr' id='par_1_13' title="bbox 252 1886 1135 3728">
     <span class='ocr_line' id='line_1_23' title="bbox 257 1886 1135 1932; baseline 0 -1"><span class='ocrx_word' id='word_1_124' title='bbox 257 1891 304 1931; x_wconf 78' lang='lat' dir='ltr'>et</span> <span class='ocrx_word' id='word_1_125' title='bbox 349 1886 647 1930; x_wconf 83' lang='lat' dir='ltr'>demonstrare</span> <span class='ocrx_word' id='word_1_126' title='bbox 689 1893 871 1930; x_wconf 88' lang='lat' dir='ltr'>conatur</span> <span class='ocrx_word' id='word_1_127' title='bbox 918 1902 973 1931; x_wconf 86' lang='lat' dir='ltr'>ex</span> <span class='ocrx_word' id='word_1_128' title='bbox 1015 1888 1135 1932; x_wconf 86' lang='lat' dir='ltr'>Livii</span> 
     </span>
     <span class='ocr_line' id='line_1_24' title="bbox 257 1946 1129 2004; baseline -0.003 -15"><span class='ocrx_word' id='word_1_129' title='bbox 257 1946 406 1989; x_wconf 77' lang='lat' dir='ltr'>verbis</span> <span class='ocrx_word' id='word_1_130' title='bbox 438 1947 496 1989; x_wconf 87' lang='lat'>111</span> <span class='ocrx_word' id='word_1_131' title='bbox 527 1947 717 2001; x_wconf 76' lang='lat'>24—-25,</span> <span class='ocrx_word' id='word_1_132' title='bbox 751 1948 824 1989; x_wconf 89' lang='lat' dir='ltr'>ubi</span> <span class='ocrx_word' id='word_1_133' title='bbox 858 1954 957 2002; x_wconf 84' lang='lat' dir='ltr'>post</span> <span class='ocrx_word' id='word_1_134' title='bbox 990 1962 1129 2004; x_wconf 89' lang='lat' dir='ltr'>quae...</span> 
     </span>
     <span class='ocr_line' id='line_1_25' title="bbox 257 2008 1130 2062; baseline 0.001 -11"><span class='ocrx_word' id='word_1_135' title='bbox 257 2012 399 2051; x_wconf 79' lang='lat' dir='ltr'>stores</span> <span class='ocrx_word' id='word_1_136' title='bbox 455 2008 499 2048; x_wconf 91' lang='lat' dir='ltr'>in</span> <span class='ocrx_word' id='word_1_137' title='bbox 545 2020 676 2049; x_wconf 84' lang='lat' dir='ltr'>causa</span> <span class='ocrx_word' id='word_1_138' title='bbox 728 2008 906 2062; x_wconf 86' lang='lat' dir='ltr'>capitali</span> <span class='ocrx_word' id='word_1_139' title='bbox 954 2021 992 2050; x_wconf 86' lang='lat' dir='ltr'>a.</span> <span class='ocrx_word' id='word_1_140' title='bbox 1044 2008 1130 2052; x_wconf 79' lang='lat'>295</span> 
     </span>
     <span class='ocr_line' id='line_1_26' title="bbox 258 2068 1132 2123; baseline 0.001 -15"><span class='ocrx_word' id='word_1_141' title='bbox 258 2069 326 2122; x_wconf 79' lang='lat' dir='ltr'>(c.</span> <span class='ocrx_word' id='word_1_142' title='bbox 366 2069 446 2123; x_wconf 83' lang='lat'>24)</span> <span class='ocrx_word' id='word_1_143' title='bbox 483 2074 843 2109; x_wconf 87' lang='lat' dir='ltr'>commemoratos</span> <span class='ocrx_word' id='word_1_144' title='bbox 885 2079 987 2108; x_wconf 86' lang='lat' dir='ltr'>mox</span> <span class='ocrx_word' id='word_1_145' title='bbox 1027 2068 1132 2109; x_wconf 89' lang='lat' dir='ltr'>novi</span> 
     </span>
     <span class='ocr_line' id='line_1_27' title="bbox 259 2125 1133 2184; baseline 0.001 -17"><span class='ocrx_word' id='word_1_146' title='bbox 259 2125 468 2168; x_wconf 89' lang='lat' dir='ltr'>consules</span> <span class='ocrx_word' id='word_1_147' title='bbox 503 2129 628 2182; x_wconf 87' lang='lat' dir='ltr'>(anni</span> <span class='ocrx_word' id='word_1_148' title='bbox 661 2127 770 2184; x_wconf 76' lang='lat'>296)</span> <span class='ocrx_word' id='word_1_149' title='bbox 806 2128 999 2182; x_wconf 89' lang='lat' dir='ltr'>itemque</span> <span class='ocrx_word' id='word_1_150' title='bbox 1033 2127 1133 2168; x_wconf 80' lang='lat' dir='ltr'>novi</span> 
     </span>
     <span class='ocr_line' id='line_1_28' title="bbox 257 2186 1133 2240; baseline -0.001 -12"><span class='ocrx_word' id='word_1_151' title='bbox 257 2192 504 2240; x_wconf 80' lang='lat' dir='ltr'>quaestores</span> <span class='ocrx_word' id='word_1_152' title='bbox 549 2186 743 2228; x_wconf 88' lang='lat' dir='ltr'>eiusdem</span> <span class='ocrx_word' id='word_1_153' title='bbox 787 2199 944 2228; x_wconf 88' lang='lat' dir='ltr'>causae</span> <span class='ocrx_word' id='word_1_154' title='bbox 987 2187 1133 2227; x_wconf 90' lang='lat' dir='ltr'>nomi-</span> 
     </span>
     <span class='ocr_line' id='line_1_29' title="bbox 256 2244 1132 2302; baseline -0.001 -15"><span class='ocrx_word' id='word_1_155' title='bbox 256 2252 415 2287; x_wconf 83' lang='lat' dir='ltr'>nantur</span> <span class='ocrx_word' id='word_1_156' title='bbox 467 2249 527 2301; x_wconf 89' lang='lat' dir='ltr'>(c.</span> <span class='ocrx_word' id='word_1_157' title='bbox 577 2246 675 2302; x_wconf 82' lang='lat'><strong>25).</strong></span> <span class='ocrx_word' id='word_1_158' title='bbox 740 2245 825 2288; x_wconf 90' lang='lat' dir='ltr'>Sed</span> <span class='ocrx_word' id='word_1_159' title='bbox 877 2244 1132 2287; x_wconf 87' lang='lat' dir='ltr'>consulibus</span> 
     </span>
     <span class='ocr_line' id='line_1_30' title="bbox 256 2305 1132 2362; baseline -0.001 -15"><span class='ocrx_word' id='word_1_160' title='bbox 256 2310 451 2362; x_wconf 87' lang='lat' dir='ltr'>potestas</span> <span class='ocrx_word' id='word_1_161' title='bbox 486 2318 582 2347; x_wconf 89' lang='lat' dir='ltr'>cum</span> <span class='ocrx_word' id='word_1_162' title='bbox 607 2311 724 2347; x_wconf 88' lang='lat' dir='ltr'>esset</span> <span class='ocrx_word' id='word_1_163' title='bbox 746 2305 970 2361; x_wconf 87' lang='lat' dir='ltr'>deligendi</span> <span class='ocrx_word' id='word_1_164' title='bbox 992 2318 1132 2360; x_wconf 88' lang='lat' dir='ltr'>quae-</span> 
     </span>
     <span class='ocr_line' id='line_1_31' title="bbox 256 2365 1131 2419; baseline -0.003 -11"><span class='ocrx_word' id='word_1_165' title='bbox 256 2371 400 2408; x_wconf 72' lang='lat' dir='ltr'>stores</span> <span class='ocrx_word' id='word_1_166' title='bbox 420 2366 464 2406; x_wconf 90' lang='lat' dir='ltr'>in</span> <span class='ocrx_word' id='word_1_167' title='bbox 490 2366 632 2406; x_wconf 86' lang='lat' dir='ltr'>causis</span> <span class='ocrx_word' id='word_1_168' title='bbox 656 2365 931 2419; x_wconf 86' lang='lat' dir='ltr'>capitalibus,</span> <span class='ocrx_word' id='word_1_169' title='bbox 960 2379 984 2406; x_wconf 89' lang='lat' dir='ltr'>a</span> <span class='ocrx_word' id='word_1_170' title='bbox 1004 2365 1131 2405; x_wconf 89' lang='lat' dir='ltr'>novis</span> 
     </span>
     <span class='ocr_line' id='line_1_32' title="bbox 259 2423 1132 2480; baseline -0.002 -13"><span class='ocrx_word' id='word_1_171' title='bbox 259 2425 514 2468; x_wconf 79' lang='lat' dir='ltr'>consulibus</span> <span class='ocrx_word' id='word_1_172' title='bbox 562 2437 698 2466; x_wconf 89' lang='lat' dir='ltr'>novos</span> <span class='ocrx_word' id='word_1_173' title='bbox 750 2430 1007 2480; x_wconf 84' lang='lat' dir='ltr'>quaestores</span> <span class='ocrx_word' id='word_1_174' title='bbox 1051 2423 1132 2465; x_wconf 90' lang='lat' dir='ltr'>de-</span> 
     </span>
     <span class='ocr_line' id='line_1_33' title="bbox 255 2484 1131 2538; baseline -0.002 -12"><span class='ocrx_word' id='word_1_175' title='bbox 255 2486 409 2527; x_wconf 87' lang='lat' dir='ltr'>stinari</span> <span class='ocrx_word' id='word_1_176' title='bbox 445 2490 789 2526; x_wconf 83' lang='lat' dir='ltr'>consentaneum</span> <span class='ocrx_word' id='word_1_177' title='bbox 833 2484 938 2537; x_wconf 86' lang='lat' dir='ltr'>fuit,</span> <span class='ocrx_word' id='word_1_178' title='bbox 987 2496 1131 2538; x_wconf 90' lang='lat' dir='ltr'>neque</span> 
     </span>
     <span class='ocr_line' id='line_1_34' title="bbox 256 2543 1128 2599; baseline -0.005 -13"><span class='ocrx_word' id='word_1_179' title='bbox 256 2544 359 2587; x_wconf 86' lang='lat' dir='ltr'>inde</span> <span class='ocrx_word' id='word_1_180' title='bbox 378 2543 529 2599; x_wconf 88' lang='lat' dir='ltr'>colligi</span> <span class='ocrx_word' id='word_1_181' title='bbox 551 2550 696 2597; x_wconf 88' lang='lat' dir='ltr'>potest</span> <span class='ocrx_word' id='word_1_182' title='bbox 715 2544 827 2585; x_wconf 90' lang='lat' dir='ltr'>hanc</span> <span class='ocrx_word' id='word_1_183' title='bbox 854 2549 1128 2598; x_wconf 86' lang='lat' dir='ltr'>quaesturam</span> 
     </span>
     <span class='ocr_line' id='line_1_35' title="bbox 254 2602 1129 2658; baseline -0.005 -12"><span class='ocrx_word' id='word_1_184' title='bbox 254 2616 445 2647; x_wconf 86' lang='lat' dir='ltr'>annuum</span> <span class='ocrx_word' id='word_1_185' title='bbox 470 2603 607 2643; x_wconf 90' lang='lat' dir='ltr'>fuisse</span> <span class='ocrx_word' id='word_1_186' title='bbox 631 2604 945 2658; x_wconf 84' lang='lat' dir='ltr'>magistratum.</span> <span class='ocrx_word' id='word_1_187' title='bbox 980 2602 1129 2643; x_wconf 88' lang='lat' dir='ltr'>Livius</span> 
     </span>
     <span class='ocr_line' id='line_1_36' title="bbox 256 2663 1130 2718; baseline -0.005 -13"><span class='ocrx_word' id='word_1_188' title='bbox 256 2668 534 2718; x_wconf 85' lang='lat' dir='ltr'>quaestorum</span> <span class='ocrx_word' id='word_1_189' title='bbox 568 2663 725 2702; x_wconf 85' lang='lat' dir='ltr'>aerarii</span> <span class='ocrx_word' id='word_1_190' title='bbox 758 2674 903 2702; x_wconf 89' lang='lat' dir='ltr'>curam</span> <span class='ocrx_word' id='word_1_191' title='bbox 934 2667 1130 2702; x_wconf 87' lang='lat' dir='ltr'>tractan-</span> 
     </span>
     <span class='ocr_line' id='line_1_37' title="bbox 254 2720 1129 2763; baseline -0.003 0"><span class='ocrx_word' id='word_1_192' title='bbox 254 2723 363 2763; x_wconf 90' lang='lat' dir='ltr'>tium</span> <span class='ocrx_word' id='word_1_193' title='bbox 401 2722 722 2762; x_wconf 85' lang='lat' dir='ltr'>institutionem</span> <span class='ocrx_word' id='word_1_194' title='bbox 772 2733 851 2762; x_wconf 89' lang='lat' dir='ltr'>suo</span> <span class='ocrx_word' id='word_1_195' title='bbox 895 2720 993 2762; x_wconf 89' lang='lat' dir='ltr'>loco</span> <span class='ocrx_word' id='word_1_196' title='bbox 1042 2732 1129 2760; x_wconf 91' lang='lat' dir='ltr'>non</span> 
     </span>
     <span class='ocr_line' id='line_1_38' title="bbox 255 2780 1127 2832; baseline -0.003 -10"><span class='ocrx_word' id='word_1_197' title='bbox 255 2780 445 2832; x_wconf 81' lang='lat' dir='ltr'>tradidit,</span> <span class='ocrx_word' id='word_1_198' title='bbox 481 2781 558 2822; x_wconf 87' lang='lat' dir='ltr'>sed</span> <span class='ocrx_word' id='word_1_199' title='bbox 593 2780 764 2821; x_wconf 89' lang='lat' dir='ltr'>demum</span> <span class='ocrx_word' id='word_1_200' title='bbox 798 2780 842 2820; x_wconf 92' lang='lat' dir='ltr'>in</span> <span class='ocrx_word' id='word_1_201' title='bbox 864 2780 994 2822; x_wconf 87' lang='lat' dir='ltr'>rebus</span> <span class='ocrx_word' id='word_1_202' title='bbox 1024 2780 1127 2820; x_wconf 89' lang='lat' dir='ltr'>anni</span> 
     </span>
     <span class='ocr_line' id='line_1_39' title="bbox 255 2839 1129 2893; baseline -0.006 -9"><span class='ocrx_word' id='word_1_203' title='bbox 255 2855 296 2884; x_wconf 77' lang='lat' dir='ltr'>a.</span> <span class='ocrx_word' id='word_1_204' title='bbox 339 2853 381 2881; x_wconf 80' lang='lat' dir='ltr'>U.</span> <span class='ocrx_word' id='word_1_205' title='bbox 428 2841 538 2893; x_wconf 78' lang='lat'>333,</span> <span class='ocrx_word' id='word_1_206' title='bbox 594 2839 666 2880; x_wconf 86' lang='lat' dir='ltr'>ubi</span> <span class='ocrx_word' id='word_1_207' title='bbox 719 2852 923 2881; x_wconf 86' lang='lat' dir='ltr'>numerus</span> <span class='ocrx_word' id='word_1_208' title='bbox 979 2851 1129 2881; x_wconf 87' lang='lat' dir='ltr'>eorum</span> 
     </span>
     <span class='ocr_line' id='line_1_40' title="bbox 256 2898 1129 2954; baseline -0.002 -13"><span class='ocrx_word' id='word_1_209' title='bbox 256 2899 503 2954; x_wconf 86' lang='lat' dir='ltr'>duplicatus</span> <span class='ocrx_word' id='word_1_210' title='bbox 537 2905 628 2951; x_wconf 86' lang='lat' dir='ltr'>cst,</span> <span class='ocrx_word' id='word_1_211' title='bbox 673 2898 826 2940; x_wconf 87' lang='lat' dir='ltr'>horum</span> <span class='ocrx_word' id='word_1_212' title='bbox 861 2899 1129 2940; x_wconf 88' lang='lat' dir='ltr'>mentionem</span> 
     </span>
     <span class='ocr_line' id='line_1_41' title="bbox 256 2958 1129 3014; baseline -0.007 -10"><span class='ocrx_word' id='word_1_213' title='bbox 256 2959 364 3004; x_wconf 76' lang='lat' dir='ltr'>fecit</span> <span class='ocrx_word' id='word_1_214' title='bbox 388 2958 447 3000; x_wconf 87' lang='lat' dir='ltr'>lv</span> <span class='ocrx_word' id='word_1_215' title='bbox 479 2959 561 3003; x_wconf 64' lang='lat'>43:</span> <span class='ocrx_word' id='word_1_216' title='bbox 594 2960 853 3014; x_wconf 78' lang='lat' dir='ltr'>necopinata</span> <span class='ocrx_word' id='word_1_217' title='bbox 877 2958 1006 3000; x_wconf 89' lang='lat' dir='ltr'>moles</span> <span class='ocrx_word' id='word_1_218' title='bbox 1039 2958 1129 2998; x_wconf 82' lang='lat' dir='ltr'>dis-</span> 
     </span>
     <span class='ocr_line' id='line_1_42' title="bbox 258 3017 1130 3073; baseline -0.003 -13"><span class='ocrx_word' id='word_1_219' title='bbox 258 3018 507 3060; x_wconf 65' lang='lat' dir='ltr'>cardian-um</span> <span class='ocrx_word' id='word_1_220' title='bbox 547 3020 661 3059; x_wconf 80' lang='lat' dir='ltr'>inter</span> <span class='ocrx_word' id='word_1_221' title='bbox 698 3017 863 3073; x_wconf 81' lang='lat' dir='ltr'>plebem</span> <span class='ocrx_word' id='word_1_222' title='bbox 894 3032 948 3058; x_wconf 87' lang='lat' dir='ltr'>ac</span> <span class='ocrx_word' id='word_1_223' title='bbox 982 3025 1130 3073; x_wconf 80' lang='lat' dir='ltr'>patres</span> 
     </span>
     <span class='ocr_line' id='line_1_43' title="bbox 259 3077 1129 3133; baseline -0.003 -14"><span class='ocrx_word' id='word_1_224' title='bbox 259 3085 414 3119; x_wconf 68' lang='lat' dir='ltr'>exorta</span> <span class='ocrx_word' id='word_1_225' title='bbox 456 3084 541 3129; x_wconf 84' lang='lat' dir='ltr'>est,</span> <span class='ocrx_word' id='word_1_226' title='bbox 586 3084 737 3133; x_wconf 80' lang='lat' dir='ltr'>coepta</span> <span class='ocrx_word' id='word_1_227' title='bbox 775 3078 828 3119; x_wconf 83' lang='lat' dir='ltr'>ab</span> <span class='ocrx_word' id='word_1_228' title='bbox 871 3077 1129 3133; x_wconf 76' lang='lat' dir='ltr'>duplicando</span> 
     </span>
     <span class='ocr_line' id='line_1_44' title="bbox 259 3138 1129 3193; baseline -0.005 -14"><span class='ocrx_word' id='word_1_229' title='bbox 259 3144 529 3193; x_wconf 80' lang='lat' dir='ltr'>quaestorum</span> <span class='ocrx_word' id='word_1_230' title='bbox 582 3150 773 3179; x_wconf 86' lang='lat' dir='ltr'>numero.</span> <span class='ocrx_word' id='word_1_231' title='bbox 837 3138 976 3189; x_wconf 79' lang='lat' dir='ltr'>Quam</span> <span class='ocrx_word' id='word_1_232' title='bbox 1025 3149 1129 3187; x_wconf 80' lang='lat' dir='ltr'>rem,</span> 
     </span>
     <span class='ocr_line' id='line_1_45' title="bbox 252 3196 1131 3254; baseline -0.002 -16"><span class='ocrx_word' id='word_1_233' title='bbox 252 3203 432 3254; x_wconf 77' lang='lat' dir='ltr'>praeter</span> <span class='ocrx_word' id='word_1_234' title='bbox 464 3196 566 3237; x_wconf 77' lang='lat' dir='ltr'>duos</span> <span class='ocrx_word' id='word_1_235' title='bbox 597 3196 785 3238; x_wconf 81' lang='lat' dir='ltr'>urbanos</span> <span class='ocrx_word' id='word_1_236' title='bbox 818 3202 1061 3250; x_wconf 80' lang='lat' dir='ltr'>quaestores</span> <span class='ocrx_word' id='word_1_237' title='bbox 1085 3202 1131 3236; x_wconf 80' lang='lat' dir='ltr'>ut</span> 
     </span>
     <span class='ocr_line' id='line_1_46' title="bbox 258 3254 1132 3298; baseline -0.002 -1"><span class='ocrx_word' id='word_1_238' title='bbox 258 3257 339 3298; x_wconf 80' lang='lat' dir='ltr'>duo</span> <span class='ocrx_word' id='word_1_239' title='bbox 377 3255 619 3297; x_wconf 79' lang='lat' dir='ltr'>consulibus</span> <span class='ocrx_word' id='word_1_240' title='bbox 658 3256 716 3297; x_wconf 85' lang='lat' dir='ltr'>ad</span> <span class='ocrx_word' id='word_1_241' title='bbox 759 3256 1001 3298; x_wconf 76' lang='lat' dir='ltr'>ministeria</span> <span class='ocrx_word' id='word_1_242' title='bbox 1034 3254 1132 3297; x_wconf 78' lang='lat' dir='ltr'>belli</span> 
     </span>
     <span class='ocr_line' id='line_1_47' title="bbox 252 3314 1131 3373; baseline -0.001 -17"><span class='ocrx_word' id='word_1_243' title='bbox 252 3323 427 3373; x_wconf 75' lang='lat' dir='ltr'>praesto</span> <span class='ocrx_word' id='word_1_244' title='bbox 452 3323 603 3367; x_wconf 78' lang='lat' dir='ltr'>essent,</span> <span class='ocrx_word' id='word_1_245' title='bbox 639 3329 666 3356; x_wconf 79' lang='lat' dir='ltr'>a</span> <span class='ocrx_word' id='word_1_246' title='bbox 689 3315 929 3356; x_wconf 76' lang='lat' dir='ltr'>consulibus</span> <span class='ocrx_word' id='word_1_247' title='bbox 945 3314 1131 3357; x_wconf 82' lang='lat' dir='ltr'>relatam</span> 
     </span>
     <span class='ocr_line' id='line_1_48' title="bbox 258 3382 1130 3430; baseline -0.002 -15"><span class='ocrx_word' id='word_1_248' title='bbox 258 3389 353 3416; x_wconf 83' lang='lat' dir='ltr'>cum</span> <span class='ocrx_word' id='word_1_249' title='bbox 394 3382 433 3416; x_wconf 86' lang='lat' dir='ltr'>et</span> <span class='ocrx_word' id='word_1_250' title='bbox 472 3382 618 3430; x_wconf 82' lang='lat' dir='ltr'>patres</span> <span class='ocrx_word' id='word_1_251' title='bbox 665 3388 826 3416; x_wconf 83' lang='lat' dir='ltr'>summa</span> <span class='ocrx_word' id='word_1_252' title='bbox 858 3388 934 3430; x_wconf 86' lang='lat' dir='ltr'>ope</span> <span class='ocrx_word' id='word_1_253' title='bbox 967 3387 1130 3429; x_wconf 79' lang='lat' dir='ltr'>appro-</span> 
     </span>
     <span class='ocr_line' id='line_1_49' title="bbox 259 3433 1130 3488; baseline -0.003 -13"><span class='ocrx_word' id='word_1_254' title='bbox 259 3434 443 3486; x_wconf 81' lang='lat' dir='ltr'>bassent,</span> <span class='ocrx_word' id='word_1_255' title='bbox 479 3439 562 3474; x_wconf 89' lang='lat' dir='ltr'>cet.</span> <span class='ocrx_word' id='word_1_256' title='bbox 619 3433 847 3475; x_wconf 89' lang='lat' dir='ltr'>Falluntur</span> <span class='ocrx_word' id='word_1_257' title='bbox 868 3435 941 3488; x_wconf 90' lang='lat' dir='ltr'>qui</span> <span class='ocrx_word' id='word_1_258' title='bbox 959 3433 1130 3475; x_wconf 89' lang='lat' dir='ltr'>Livium</span> 
     </span>
     <span class='ocr_line' id='line_1_50' title="bbox 257 3493 1131 3546; baseline -0.001 -13"><span class='ocrx_word' id='word_1_259' title='bbox 257 3494 302 3533; x_wconf 90' lang='lat' dir='ltr'>in</span> <span class='ocrx_word' id='word_1_260' title='bbox 335 3493 403 3534; x_wconf 89' lang='lat' dir='ltr'>his</span> <span class='ocrx_word' id='word_1_261' title='bbox 437 3493 609 3534; x_wconf 84' lang='lat' dir='ltr'>diversa</span> <span class='ocrx_word' id='word_1_262' title='bbox 633 3493 873 3534; x_wconf 78' lang='lat' dir='ltr'>a&#39;racitinis</span> <span class='ocrx_word' id='word_1_263' title='bbox 899 3494 1131 3546; x_wconf 84' lang='lat' dir='ltr'>opinantur</span> 
     </span>
     <span class='ocr_line' id='line_1_51' title="bbox 257 3552 1129 3605; baseline 0.002 -14"><span class='ocrx_word' id='word_1_264' title='bbox 257 3564 459 3604; x_wconf 86' lang='lat' dir='ltr'>narrare,</span> <span class='ocrx_word' id='word_1_265' title='bbox 508 3552 647 3593; x_wconf 81' lang='lat' dir='ltr'>veluti</span> <span class='ocrx_word' id='word_1_266' title='bbox 680 3552 905 3595; x_wconf 85' lang='lat' dir='ltr'>Beckerus</span> <span class='ocrx_word' id='word_1_267' title='bbox 940 3552 968 3594; x_wconf 90' lang='lat' dir='ltr'>l.</span> <span class='ocrx_word' id='word_1_268' title='bbox 1005 3566 1042 3594; x_wconf 92' lang='lat' dir='ltr'>c.</span> <span class='ocrx_word' id='word_1_269' title='bbox 1087 3565 1129 3605; x_wconf 84' lang='lat' dir='ltr'>p.</span> 
     </span>
     <span class='ocr_line' id='line_1_52' title="bbox 260 3611 1130 3666; baseline 0 -13"><span class='ocrx_word' id='word_1_270' title='bbox 260 3611 344 3653; x_wconf 80' lang='lat'>337</span> <span class='ocrx_word' id='word_1_271' title='bbox 378 3624 471 3666; x_wconf 84' lang='lat' dir='ltr'>sqq.</span> <span class='ocrx_word' id='word_1_272' title='bbox 537 3611 715 3653; x_wconf 82' lang='lat' dir='ltr'>Scilicet</span> <span class='ocrx_word' id='word_1_273' title='bbox 751 3626 804 3654; x_wconf 82' lang='lat' dir='ltr'>ex</span> <span class='ocrx_word' id='word_1_274' title='bbox 836 3612 950 3654; x_wconf 87' lang='lat' dir='ltr'>Livii</span> <span class='ocrx_word' id='word_1_275' title='bbox 983 3613 1130 3654; x_wconf 84' lang='lat' dir='ltr'>verbis</span> 
     </span>
     <span class='ocr_line' id='line_1_53' title="bbox 260 3669 1132 3728; baseline 0.006 -18"><span class='ocrx_word' id='word_1_276' title='bbox 260 3679 349 3715; x_wconf 83' lang='lat' dir='ltr'>non</span> <span class='ocrx_word' id='word_1_277' title='bbox 382 3669 424 3711; x_wconf 88' lang='lat' dir='ltr'>id</span> <span class='ocrx_word' id='word_1_278' title='bbox 443 3671 739 3728; x_wconf 78' lang='lat' dir='ltr'>consequitur,</span> <span class='ocrx_word' id='word_1_279' title='bbox 773 3676 1027 3728; x_wconf 76' lang='lat' dir='ltr'>quaestores</span> <span class='ocrx_word' id='word_1_280' title='bbox 1057 3671 1132 3728; x_wconf 89' lang='lat' dir='ltr'>qui</span> 
     </span>
    </p>
   </div>
   <div class='ocr_carea' id='block_1_14' title="bbox 1207 1887 2093 3726">
    <p class='ocr_par' dir='ltr' id='par_1_14' title="bbox 1210 1887 2093 2541">
     <span class='ocr_line' id='line_1_54' title="bbox 1218 1887 2093 1945; baseline 0.005 -16"><span class='ocrx_word' id='word_1_281' title='bbox 1218 1887 1362 1929; x_wconf 89' lang='lat' dir='ltr'>adhuc</span> <span class='ocrx_word' id='word_1_282' title='bbox 1396 1893 1520 1929; x_wconf 87' lang='lat' dir='ltr'>erant</span> <span class='ocrx_word' id='word_1_283' title='bbox 1563 1887 1640 1942; x_wconf 87' lang='lat' dir='ltr'>(ab</span> <span class='ocrx_word' id='word_1_284' title='bbox 1674 1900 1714 1930; x_wconf 90' lang='lat' dir='ltr'>a.</span> <span class='ocrx_word' id='word_1_285' title='bbox 1747 1888 1833 1932; x_wconf 87' lang='lat'>307</span> <span class='ocrx_word' id='word_1_286' title='bbox 1866 1899 2006 1945; x_wconf 70' lang='lat' dir='ltr'>usque</span> <span class='ocrx_word' id='word_1_287' title='bbox 2036 1888 2093 1939; x_wconf 72' lang='lat' dir='ltr'>nd</span> 
     </span>
     <span class='ocr_line' id='line_1_55' title="bbox 1218 1947 2093 2004; baseline 0 -14"><span class='ocrx_word' id='word_1_288' title='bbox 1218 1949 1346 2003; x_wconf 82' lang='lat'>333),</span> <span class='ocrx_word' id='word_1_289' title='bbox 1377 1947 1566 1989; x_wconf 77' lang='lat' dir='ltr'>urbanos</span> <span class='ocrx_word' id='word_1_290' title='bbox 1607 1947 1770 2000; x_wconf 91' lang='lat' dir='ltr'>fuisse,</span> <span class='ocrx_word' id='word_1_291' title='bbox 1811 1948 1943 1993; x_wconf 83' lang='lat' dir='ltr'>immo</span> <span class='ocrx_word' id='word_1_292' title='bbox 1974 1948 2093 2004; x_wconf 60' lang='lat' dir='ltr'>quad</span> 
     </span>
     <span class='ocr_line' id='line_1_56' title="bbox 1217 2006 2092 2059; baseline 0.002 -11"><span class='ocrx_word' id='word_1_293' title='bbox 1217 2009 1261 2048; x_wconf 93' lang='lat' dir='ltr'>in</span> <span class='ocrx_word' id='word_1_294' title='bbox 1294 2007 1487 2048; x_wconf 86' lang='lat' dir='ltr'>futurum</span> <span class='ocrx_word' id='word_1_295' title='bbox 1524 2007 1732 2048; x_wconf 87' lang='lat' dir='ltr'>constitui</span> <span class='ocrx_word' id='word_1_296' title='bbox 1775 2006 1939 2059; x_wconf 80' lang='lat' dir='ltr'>velint,</span> <span class='ocrx_word' id='word_1_297' title='bbox 1980 2019 2092 2055; x_wconf 67' lang='lat' dir='ltr'>cen-</span> 
     </span>
     <span class='ocr_line' id='line_1_57' title="bbox 1217 2065 2091 2117; baseline -0.003 -9"><span class='ocrx_word' id='word_1_298' title='bbox 1217 2066 1335 2108; x_wconf 89' lang='lat' dir='ltr'>sules</span> <span class='ocrx_word' id='word_1_299' title='bbox 1367 2066 1580 2117; x_wconf 82' lang='lat' dir='ltr'>referunt,</span> <span class='ocrx_word' id='word_1_300' title='bbox 1615 2079 1667 2107; x_wconf 91' lang='lat' dir='ltr'>ac</span> <span class='ocrx_word' id='word_1_301' title='bbox 1685 2065 1836 2106; x_wconf 84' lang='lat' dir='ltr'>Livius</span> <span class='ocrx_word' id='word_1_302' title='bbox 1855 2066 1955 2112; x_wconf 78' lang='lat' dir='ltr'>aliis</span> <span class='ocrx_word' id='word_1_303' title='bbox 1985 2078 2091 2109; x_wconf 77' lang='lat' dir='ltr'>ver.</span> 
     </span>
     <span class='ocr_line' id='line_1_58' title="bbox 1216 2124 2089 2180; baseline 0.002 -14"><span class='ocrx_word' id='word_1_304' title='bbox 1216 2126 1283 2167; x_wconf 83' lang='lat' dir='ltr'>bis</span> <span class='ocrx_word' id='word_1_305' title='bbox 1316 2125 1431 2167; x_wconf 90' lang='lat' dir='ltr'>idem</span> <span class='ocrx_word' id='word_1_306' title='bbox 1453 2124 1584 2166; x_wconf 87' lang='lat' dir='ltr'>tradit</span> <span class='ocrx_word' id='word_1_307' title='bbox 1607 2125 1723 2180; x_wconf 85' lang='lat' dir='ltr'>quod</span> <span class='ocrx_word' id='word_1_308' title='bbox 1740 2126 1884 2167; x_wconf 83' lang='lat' dir='ltr'>statim</span> <span class='ocrx_word' id='word_1_309' title='bbox 1901 2125 2089 2180; x_wconf 75' lang='lat' dir='ltr'>Tacitus,</span> 
     </span>
     <span class='ocr_line' id='line_1_59' title="bbox 1217 2184 2090 2240; baseline 0.003 -14"><span class='ocrx_word' id='word_1_310' title='bbox 1217 2186 1317 2226; x_wconf 78' lang='lat' dir='ltr'>dein</span> <span class='ocrx_word' id='word_1_311' title='bbox 1347 2184 1623 2240; x_wconf 72' lang='lat' dir='ltr'>yliscentibus</span> <span class='ocrx_word' id='word_1_312' title='bbox 1653 2185 1836 2240; x_wconf 69' lang='lat' dir='ltr'>neyotiis</span> <span class='ocrx_word' id='word_1_313' title='bbox 1878 2185 1962 2226; x_wconf 79' lang='lat' dir='ltr'>duo</span> <span class='ocrx_word' id='word_1_314' title='bbox 2007 2186 2090 2229; x_wconf 70' lang='lat' dir='ltr'>ad·-</span> 
     </span>
     <span class='ocr_line' id='line_1_60' title="bbox 1217 2243 2089 2299; baseline 0.001 -12"><span class='ocrx_word' id='word_1_315' title='bbox 1217 2245 1294 2287; x_wconf 76' lang='lat' dir='ltr'>diti</span> <span class='ocrx_word' id='word_1_316' title='bbox 1326 2246 1397 2298; x_wconf 84' lang='lat' dir='ltr'>qui</span> <span class='ocrx_word' id='word_1_317' title='bbox 1413 2246 1578 2287; x_wconf 85' lang='lat' dir='ltr'>Romae</span> <span class='ocrx_word' id='word_1_318' title='bbox 1603 2250 1823 2287; x_wconf 80' lang='lat' dir='ltr'>curarent.</span> <span class='ocrx_word' id='word_1_319' title='bbox 1871 2243 1956 2287; x_wconf 83' lang='lat' dir='ltr'>Illa</span> <span class='ocrx_word' id='word_1_320' title='bbox 1972 2244 2089 2299; x_wconf 83' lang='lat' dir='ltr'>Livii</span> 
     </span>
     <span class='ocr_line' id='line_1_61' title="bbox 1210 2303 2090 2361; baseline 0.003 -16"><span class='ocrx_word' id='word_1_321' title='bbox 1210 2310 1388 2361; x_wconf 80' lang='lat' dir='ltr'>praeter</span> <span class='ocrx_word' id='word_1_322' title='bbox 1440 2304 1544 2346; x_wconf 81' lang='lat' dir='ltr'>daos</span> <span class='ocrx_word' id='word_1_323' title='bbox 1596 2303 1787 2345; x_wconf 77' lang='lat' dir='ltr'>urbanos</span> <span class='ocrx_word' id='word_1_324' title='bbox 1845 2311 2090 2358; x_wconf 69' lang='lat' dir='ltr'>quaestores</span> 
     </span>
     <span class='ocr_line' id='line_1_62' title="bbox 1217 2362 2091 2418; baseline 0.003 -12"><span class='ocrx_word' id='word_1_325' title='bbox 1217 2363 1542 2418; x_wconf 89' lang='lat' dir='ltr'>interpretanda</span> <span class='ocrx_word' id='word_1_326' title='bbox 1560 2369 1661 2404; x_wconf 86' lang='lat' dir='ltr'>sunt</span> <span class='ocrx_word' id='word_1_327' title='bbox 1694 2362 1807 2407; x_wconf 80' lang='grc' dir='ltr'><em>ἄνευ</em></span> <span class='ocrx_word' id='word_1_328' title='bbox 1842 2362 1980 2408; x_wconf 75' lang='grc' dir='ltr'><strong><em>δυοῖν</em></strong></span> <span class='ocrx_word' id='word_1_329' title='bbox 2004 2380 2091 2409; x_wconf 59' lang='lat' dir='ltr'>ra*</span> 
     </span>
     <span class='ocr_line' id='line_1_63' title="bbox 1212 2420 2090 2483; baseline 0.002 -17"><span class='ocrx_word' id='word_1_330' title='bbox 1212 2424 1341 2483; x_wconf 80' lang='grc' dir='ltr'>μιιῦν</span> <span class='ocrx_word' id='word_1_331' title='bbox 1389 2422 1632 2475; x_wconf 78' lang='grc' dir='ltr'>οἷσιυκῶν,</span> <span class='ocrx_word' id='word_1_332' title='bbox 1683 2434 1770 2464; x_wconf 84' lang='lat' dir='ltr'>non</span> <span class='ocrx_word' id='word_1_333' title='bbox 1816 2420 1930 2467; x_wconf 79' lang='grc' dir='ltr'><em>ἄνευ</em></span> <span class='ocrx_word' id='word_1_334' title='bbox 1960 2424 2090 2471; x_wconf 74' lang='grc' dir='ltr'>,τῶν</span> 
     </span>
     <span class='ocr_line' id='line_1_64' title="bbox 1215 2481 2084 2541; baseline 0.001 -14"><span class='ocrx_word' id='word_1_335' title='bbox 1215 2485 1350 2527; x_wconf 67' lang='grc' dir='ltr'><em>δυοῖν</em></span> <span class='ocrx_word' id='word_1_336' title='bbox 1381 2481 1562 2541; x_wconf 75' lang='grc' dir='ltr'><em>ταμιῶν</em></span> <span class='ocrx_word' id='word_1_337' title='bbox 1593 2486 1706 2527; x_wconf 76' lang='grc' dir='ltr'>τῶν</span> <span class='ocrx_word' id='word_1_338' title='bbox 1740 2483 1973 2527; x_wconf 64' lang='lat' dir='ltr'>daramiu-</span> <span class='ocrx_word' id='word_1_339' title='bbox 2055 2514 2084 2528; x_wconf 65' lang='grc'>«.</span> 
     </span>
    </p>

    <p class='ocr_par' dir='ltr' id='par_1_15' title="bbox 1207 2540 2087 2951">
     <span class='ocr_line' id='line_1_65' title="bbox 1302 2540 2087 2597; baseline -0.001 -13"><span class='ocrx_word' id='word_1_340' title='bbox 1302 2556 1402 2584; x_wconf 74' lang='lat' dir='ltr'>mox</span> <span class='ocrx_word' id='word_1_341' title='bbox 1443 2540 1684 2597; x_wconf 83' lang='lat' dir='ltr'>duplicatus</span> <span class='ocrx_word' id='word_1_342' title='bbox 1722 2555 1950 2584; x_wconf 71' lang='lat' dir='ltr'>numerus:</span> <span class='ocrx_word' id='word_1_343' title='bbox 1999 2541 2087 2587; x_wconf 77' lang='lat' dir='ltr'>hoo</span> 
     </span>
     <span class='ocr_line' id='line_1_66' title="bbox 1214 2599 2087 2647; baseline 0 -4"><span class='ocrx_word' id='word_1_344' title='bbox 1214 2602 1376 2643; x_wconf 84' lang='lat' dir='ltr'>factum</span> <span class='ocrx_word' id='word_1_345' title='bbox 1411 2607 1476 2642; x_wconf 87' lang='lat' dir='ltr'>est</span> <span class='ocrx_word' id='word_1_346' title='bbox 1507 2612 1620 2641; x_wconf 88' lang='lat' dir='ltr'>anno</span> <span class='ocrx_word' id='word_1_347' title='bbox 1652 2599 1738 2643; x_wconf 82' lang='lat'>487</span> <span class='ocrx_word' id='word_1_348' title='bbox 1773 2599 1886 2642; x_wconf 88' lang='lat' dir='ltr'>lulio</span> <span class='ocrx_word' id='word_1_349' title='bbox 1917 2600 2087 2647; x_wconf 71' lang='lat' dir='ltr'>Libone</span> 
     </span>
     <span class='ocr_line' id='line_1_67' title="bbox 1213 2658 2083 2716; baseline -0.001 -14"><span class='ocrx_word' id='word_1_350' title='bbox 1213 2660 1349 2702; x_wconf 86' lang='lat' dir='ltr'>Atilio</span> <span class='ocrx_word' id='word_1_351' title='bbox 1385 2659 1557 2716; x_wconf 87' lang='lat' dir='ltr'>Regulo</span> <span class='ocrx_word' id='word_1_352' title='bbox 1592 2658 1872 2700; x_wconf 83' lang='lat' dir='ltr'>consulibus:</span> <span class='ocrx_word' id='word_1_353' title='bbox 1909 2672 1953 2701; x_wconf 91' lang='lat' dir='ltr'>v.</span> <span class='ocrx_word' id='word_1_354' title='bbox 1987 2659 2083 2704; x_wconf 78' lang='lat' dir='ltr'><strong>Liv.</strong></span> 
     </span>
     <span class='ocr_line' id='line_1_68' title="bbox 1212 2719 2085 2774; baseline -0.002 -14"><span class='ocrx_word' id='word_1_355' title='bbox 1212 2719 1328 2773; x_wconf 89' lang='lat' dir='ltr'>Epit.</span> <span class='ocrx_word' id='word_1_356' title='bbox 1358 2720 1435 2762; x_wconf 82' lang='lat'>15:</span> <span class='ocrx_word' id='word_1_357' title='bbox 1469 2724 1741 2774; x_wconf 82' lang='lat' dir='ltr'>quaestorum</span> <span class='ocrx_word' id='word_1_358' title='bbox 1760 2731 1963 2763; x_wconf 66' lang='lat' dir='ltr'>wunnerus</span> <span class='ocrx_word' id='word_1_359' title='bbox 1988 2733 2085 2762; x_wconf 83' lang='lat' dir='ltr'>am..</span> 
     </span>
     <span class='ocr_line' id='line_1_69' title="bbox 1207 2777 2084 2835; baseline 0.005 -16"><span class='ocrx_word' id='word_1_360' title='bbox 1207 2778 1370 2835; x_wconf 75' lang='lat' dir='ltr'>pliatus</span> <span class='ocrx_word' id='word_1_361' title='bbox 1416 2785 1498 2830; x_wconf 83' lang='lat' dir='ltr'>est,</span> <span class='ocrx_word' id='word_1_362' title='bbox 1546 2784 1592 2819; x_wconf 79' lang='lat' dir='ltr'>ut</span> <span class='ocrx_word' id='word_1_363' title='bbox 1632 2784 1725 2818; x_wconf 86' lang='lat' dir='ltr'>octo</span> <span class='ocrx_word' id='word_1_364' title='bbox 1763 2784 1914 2820; x_wconf 72' lang='lat' dir='ltr'>essent.</span> <span class='ocrx_word' id='word_1_365' title='bbox 1974 2777 2084 2833; x_wconf 82' lang='lat' dir='ltr'>Lyd.</span> 
     </span>
     <span class='ocr_line' id='line_1_70' title="bbox 1215 2835 2083 2894; baseline 0.003 -15"><span class='ocrx_word' id='word_1_366' title='bbox 1215 2838 1268 2880; x_wconf 89' lang='lat' dir='ltr'>de</span> <span class='ocrx_word' id='word_1_367' title='bbox 1300 2838 1412 2894; x_wconf 82' lang='lat' dir='ltr'>Mag.</span> <span class='ocrx_word' id='word_1_368' title='bbox 1447 2839 1465 2878; x_wconf 89' lang='lat'>1</span> <span class='ocrx_word' id='word_1_369' title='bbox 1496 2838 1567 2880; x_wconf 82' lang='lat'>27.</span> <span class='ocrx_word' id='word_1_370' title='bbox 1629 2835 1898 2881; x_wconf 82' lang='lat' dir='ltr'>Niebuhrius</span> <span class='ocrx_word' id='word_1_371' title='bbox 1945 2837 1999 2884; x_wconf 84' lang='grc' dir='ltr'>Η,</span> <span class='ocrx_word' id='word_1_372' title='bbox 2032 2837 2083 2884; x_wconf 82' lang='lat' dir='ltr'>R.</span> 
     </span>
     <span class='ocr_line' id='line_1_71' title="bbox 1214 2897 1544 2951; baseline 0 -13"><span class='ocrx_word' id='word_1_373' title='bbox 1214 2904 1243 2938; x_wconf 88' lang='lat' dir='ltr'>t.</span> <span class='ocrx_word' id='word_1_374' title='bbox 1277 2897 1334 2939; x_wconf 88' lang='grc' dir='ltr'>ΙΙΙ</span> <span class='ocrx_word' id='word_1_375' title='bbox 1365 2910 1406 2951; x_wconf 87' lang='lat' dir='ltr'>p.</span> <span class='ocrx_word' id='word_1_376' title='bbox 1442 2897 1544 2940; x_wconf 75' lang='lat'><strong>645.</strong></span> 
     </span>
    </p>

    <p class='ocr_par' dir='ltr' id='par_1_16' title="bbox 1208 2955 2085 3188">
     <span class='ocr_line' id='line_1_72' title="bbox 1302 2955 2085 3012; baseline 0.003 -14"><span class='ocrx_word' id='word_1_377' title='bbox 1302 2958 1394 3011; x_wconf 64' lang='lat' dir='ltr'>lege</span> <span class='ocrx_word' id='word_1_378' title='bbox 1426 2955 1574 2997; x_wconf 84' lang='lat' dir='ltr'>Sullae</span> <span class='ocrx_word' id='word_1_379' title='bbox 1616 2956 1769 3011; x_wconf 70' lang='lat' dir='ltr'>viqinti</span> <span class='ocrx_word' id='word_1_380' title='bbox 1810 2955 1953 2998; x_wconf 73' lang='lat' dir='ltr'>creati</span> <span class='ocrx_word' id='word_1_381' title='bbox 1978 2969 2085 3012; x_wconf 74' lang='lat' dir='ltr'>sup-</span> 
     </span>
     <span class='ocr_line' id='line_1_73' title="bbox 1208 3015 2084 3072; baseline 0.001 -17"><span class='ocrx_word' id='word_1_382' title='bbox 1208 3016 1366 3072; x_wconf 79' lang='lat' dir='ltr'>plendo</span> <span class='ocrx_word' id='word_1_383' title='bbox 1417 3016 1615 3057; x_wconf 79' lang='lat' dir='ltr'>senatui.-</span> <span class='ocrx_word' id='word_1_384' title='bbox 1680 3015 1753 3070; x_wconf 88' lang='lat' dir='ltr'>qui</span> <span class='ocrx_word' id='word_1_385' title='bbox 1807 3020 2084 3070; x_wconf 79' lang='lat' dir='ltr'>quaesturam</span> 
     </span>
     <span class='ocr_line' id='line_1_74' title="bbox 1213 3075 2082 3130; baseline 0 -14"><span class='ocrx_word' id='word_1_386' title='bbox 1213 3077 1470 3130; x_wconf 83' lang='lat' dir='ltr'>gessissent,</span> <span class='ocrx_word' id='word_1_387' title='bbox 1492 3076 1532 3116; x_wconf 89' lang='lat' dir='ltr'>in</span> <span class='ocrx_word' id='word_1_388' title='bbox 1549 3075 1713 3116; x_wconf 91' lang='lat' dir='ltr'>curiam</span> <span class='ocrx_word' id='word_1_389' title='bbox 1733 3075 2082 3128; x_wconf 79' lang='lat' dir='ltr'>recipiebantur:</span> 
     </span>
     <span class='ocr_line' id='line_1_75' title="bbox 1215 3133 1719 3188; baseline -0.002 -13"><span class='ocrx_word' id='word_1_390' title='bbox 1215 3134 1270 3176; x_wconf 79' lang='lat' dir='ltr'>cf.</span> <span class='ocrx_word' id='word_1_391' title='bbox 1305 3134 1430 3175; x_wconf 85' lang='lat' dir='ltr'>Nieb.</span> <span class='ocrx_word' id='word_1_392' title='bbox 1468 3134 1507 3175; x_wconf 90' lang='lat'>11</span> <span class='ocrx_word' id='word_1_393' title='bbox 1542 3147 1582 3188; x_wconf 85' lang='lat' dir='ltr'>p.</span> <span class='ocrx_word' id='word_1_394' title='bbox 1616 3133 1719 3176; x_wconf 85' lang='lat'><strong>486.</strong></span> 
     </span>
    </p>

    <p class='ocr_par' dir='ltr' id='par_1_17' title="bbox 1214 3191 2084 3472">
     <span class='ocr_line' id='line_1_76' title="bbox 1301 3191 2084 3248; baseline 0.001 -14"><span class='ocrx_word' id='word_1_395' title='bbox 1301 3194 1465 3234; x_wconf 79' lang='lat' dir='ltr'>iudicia</span> <span class='ocrx_word' id='word_1_396' title='bbox 1487 3194 1870 3248; x_wconf 77' lang='lat' dir='ltr'>reciperaoissem:</span> <span class='ocrx_word' id='word_1_397' title='bbox 1902 3191 2084 3248; x_wconf 80' lang='lat' dir='ltr'>recipe-</span> 
     </span>
     <span class='ocr_line' id='line_1_77' title="bbox 1214 3251 2084 3306; baseline 0.001 -13"><span class='ocrx_word' id='word_1_398' title='bbox 1214 3258 1420 3294; x_wconf 79' lang='lat' dir='ltr'>raverunt</span> <span class='ocrx_word' id='word_1_399' title='bbox 1453 3254 1529 3304; x_wconf 87' lang='lat' dir='ltr'>ita,</span> <span class='ocrx_word' id='word_1_400' title='bbox 1563 3258 1611 3292; x_wconf 82' lang='lat' dir='ltr'>ut</span> <span class='ocrx_word' id='word_1_401' title='bbox 1642 3257 1787 3306; x_wconf 82' lang='lat' dir='ltr'>patres</span> <span class='ocrx_word' id='word_1_402' title='bbox 1818 3263 1907 3297; x_wconf 68' lang='lat' dir='ltr'>non</span> <span class='ocrx_word' id='word_1_403' title='bbox 1926 3251 2084 3294; x_wconf 72' lang='lat' dir='ltr'>exclu-</span> 
     </span>
     <span class='ocr_line' id='line_1_78' title="bbox 1214 3310 2080 3367; baseline 0.003 -15"><span class='ocrx_word' id='word_1_404' title='bbox 1214 3312 1445 3354; x_wconf 81' lang='lat' dir='ltr'>derentur:</span> <span class='ocrx_word' id='word_1_405' title='bbox 1480 3312 1582 3367; x_wconf 86' lang='lat' dir='ltr'>lege</span> <span class='ocrx_word' id='word_1_406' title='bbox 1617 3312 1732 3352; x_wconf 89' lang='lat' dir='ltr'>enim</span> <span class='ocrx_word' id='word_1_407' title='bbox 1749 3310 1930 3355; x_wconf 75' lang='lat' dir='ltr'>Aurelia</span> <span class='ocrx_word' id='word_1_408' title='bbox 1946 3310 2080 3366; x_wconf 72' lang='lat'><strong>(684)</strong></span> 
     </span>
     <span class='ocr_line' id='line_1_79' title="bbox 1214 3370 2081 3426; baseline 0 -15"><span class='ocrx_word' id='word_1_409' title='bbox 1214 3377 1359 3426; x_wconf 84' lang='lat' dir='ltr'>patres</span> <span class='ocrx_word' id='word_1_410' title='bbox 1391 3378 1434 3413; x_wconf 89' lang='lat' dir='ltr'>et</span> <span class='ocrx_word' id='word_1_411' title='bbox 1460 3372 1631 3426; x_wconf 88' lang='lat' dir='ltr'>equites</span> <span class='ocrx_word' id='word_1_412' title='bbox 1657 3371 1908 3425; x_wconf 79' lang='lat' dir='ltr'>tribunique</span> <span class='ocrx_word' id='word_1_413' title='bbox 1924 3370 2081 3413; x_wconf 74' lang='lat' dir='ltr'>aerarii</span> 
     </span>
     <span class='ocr_line' id='line_1_80' title="bbox 1214 3430 1715 3472; baseline 0 0"><span class='ocrx_word' id='word_1_414' title='bbox 1214 3430 1377 3472; x_wconf 87' lang='lat' dir='ltr'>iudicia</span> <span class='ocrx_word' id='word_1_415' title='bbox 1410 3436 1715 3472; x_wconf 82' lang='lat' dir='ltr'>exercuerunt.</span> 
     </span>
    </p>

    <p class='ocr_par' dir='ltr' id='par_1_18' title="bbox 1213 3488 2083 3726">
     <span class='ocr_line' id='line_1_81' title="bbox 1304 3488 2083 3545; baseline -0.003 -14"><span class='ocrx_word' id='word_1_416' title='bbox 1304 3489 1407 3545; x_wconf 81' lang='lat' dir='ltr'>Cap.</span> <span class='ocrx_word' id='word_1_417' title='bbox 1443 3491 1515 3535; x_wconf 80' lang='lat'>23.</span> <span class='ocrx_word' id='word_1_418' title='bbox 1579 3490 1758 3544; x_wconf 75' lang='lat' dir='ltr'>foedera</span> <span class='ocrx_word' id='word_1_419' title='bbox 1790 3495 1830 3531; x_wconf 80' lang='lat' dir='ltr'>et</span> <span class='ocrx_word' id='word_1_420' title='bbox 1869 3488 2083 3530; x_wconf 55' lang='lat' dir='ltr'>&amp;vitalem</span> 
     </span>
     <span class='ocr_line' id='line_1_82' title="bbox 1215 3545 2082 3604; baseline -0.003 -12"><span class='ocrx_word' id='word_1_421' title='bbox 1215 3552 1457 3593; x_wconf 83' lang='lat' dir='ltr'>Romanam</span> <span class='ocrx_word' id='word_1_422' title='bbox 1495 3549 1664 3604; x_wconf 81' lang='lat' dir='ltr'>pridem</span> <span class='ocrx_word' id='word_1_423' title='bbox 1704 3547 1922 3589; x_wconf 71' lang='lat' dir='ltr'>adsemaeis</span> <span class='ocrx_word' id='word_1_424' title='bbox 1970 3545 2082 3589; x_wconf 72' lang='lat' dir='ltr'>hacc</span> 
     </span>
     <span class='ocr_line' id='line_1_83' title="bbox 1215 3604 2082 3665; baseline -0.003 -13"><span class='ocrx_word' id='word_1_425' title='bbox 1215 3623 1302 3652; x_wconf 89' lang='lat' dir='ltr'>non</span> <span class='ocrx_word' id='word_1_426' title='bbox 1335 3610 1397 3652; x_wconf 84' lang='lat' dir='ltr'>de</span> <span class='ocrx_word' id='word_1_427' title='bbox 1422 3609 1766 3665; x_wconf 85' lang='lat' dir='ltr'>quibuscumque</span> <span class='ocrx_word' id='word_1_428' title='bbox 1797 3604 1964 3651; x_wconf 75' lang='lat' dir='ltr'>Galliae</span> <span class='ocrx_word' id='word_1_429' title='bbox 1989 3604 2082 3649; x_wconf 68' lang='lat' dir='ltr'>Go-</span> 
     </span>
     <span class='ocr_line' id='line_1_84' title="bbox 1213 3664 2083 3726; baseline -0.008 -11"><span class='ocrx_word' id='word_1_430' title='bbox 1213 3675 1354 3715; x_wconf 81' lang='lat' dir='ltr'>matae</span> <span class='ocrx_word' id='word_1_431' title='bbox 1398 3667 1654 3726; x_wconf 83' lang='lat' dir='ltr'>proceribus</span> <span class='ocrx_word' id='word_1_432' title='bbox 1708 3664 1921 3721; x_wconf 75' lang='lat' dir='ltr'>capienda</span> <span class='ocrx_word' id='word_1_433' title='bbox 1962 3671 2083 3720; x_wconf 76' lang='lat' dir='ltr'>sunt,</span> 
     </span>
    </p>
   </div>
   <div class='ocr_carea' id='block_1_15' title="bbox 1594 425 2187 496">
    <p class='ocr_par' dir='ltr' id='par_1_19' title="bbox 1594 425 2187 496">
     <span class='ocr_line' id='line_1_85' title="bbox 1594 425 2187 496; baseline 0.005 -19"><span class='ocrx_word' id='word_1_434' title='bbox 1594 425 2105 496; x_wconf 29' lang='lat' dir='ltr'>Deinvglisoeuffl</span> <span class='ocrx_word' id='word_1_435' title='bbox 2178 440 2187 451; x_wconf 93' lang='lat'><strong>·</strong></span> 
     </span>
    </p>
   </div>
  </div>
 </body>
</html>
