2280 4004
253 284 345 335 iss
1022 280 1315 336 Annmw
1828 307 1870 340 a.
1897 288 1946 341 ¹5.
1971 278 2081 342 ῥυ.

255 447 381 488 suae
430 436 644 488 feminas
694 431 1070 502 pulchritudine
1120 439 1482 505 supergressa,
1542 421 1759 506 gloriani
1809 434 2000 507 pariter
2030 420 2086 493 ’ὑὶ

255 528 469 581 turmam
500 527 726 579 dederat.
804 527 940 595 opes
972 523 1259 581 claritudini
1284 530 1491 598 generis
1518 529 1853 584 sufficiebant.
1902 515 2081 586 samo

255 620 432 684 comte,
473 626 571 670 nec
615 617 887 672 absurdum
925 620 1203 689 ingenium.
1275 621 1576 675 Modestiatn
1614 611 1880 691 praeferre
1914 615 2084 698 ethi-f

252 709 413 762 seivia
449 710 537 762 uti.
611 712 772 765 Rarus
809 713 861 763 in
896 708 1150 780 publicum
1203 715 1474 782 egressiiS‚
1528 715 1682 782 idque
1727 712 1893 768 velata
1939 709 2083 783 parte

214 801 376 867 tertii,
415 807 480 854 'ne
518 802 726 855 satiaret
754 808 1027 871 aspectum,
1057 805 1140 857 vel
1178 805 1293 872 quia
1325 805 1400 858 sic
1433 805 1665 858 decebat.
1739 804 1922 859 Famae
1949 811 2085 858 nuni:

252 904 400 959 quam
438 895 694 961 pepercit,
746 896 956 949 maritos
994 901 1045 949 et
1083 897 1343 950 adulteros
1384 902 1488 949 non
1526 897 1876 966 distinguens,
1915 896 2084 964 *neque

253 983 475 1037 adfectui
514 1000 608 1037 suo
646 991 731 1037 aut
767 987 934 1039 alieno
980 988 1232 1042 obnoxiat
1288 988 1425 1040 unde
1472 988 1662 1041 utilitas
1707 984 2080 1054 ostenderetur,

251 1075 372 1127 illuc
407 1074 669 1129 libidinem
719 1078 1074 1131 transferebat.
1162 1079 1322 1147 Igitur
1369 1084 1604 1148 agentern
1657 1091 1768 1132 eam
1820 1079 1872 1130 in
1906 1077 2086 1131 matri-⁶

253 1167 425 1219 monio
462 1169 589 1221 Rufii
628 1169 847 1236 Crispini
886 1171 1066 1238 equitis
1106 1172 1346 1238 Romani,
1385 1176 1450 1223 ex
1487 1187 1586 1238 quo
1622 1171 1775 1223 filium
1815 1173 2081 1240 genuerat,

190 1273 241 1312 ze
258 1259 388 1313 Otho
422 1261 630 1326 pellexit
665 1262 867 1314 iuventa
903 1278 963 1314 ac
998 1263 1134 1328 luxu,
1171 1266 1221 1315 et
1257 1264 1373 1330 quia
1408 1263 1830 1331 flagrantissimus
1865 1263 1919 1315 in
1956 1247 2086 1316 amia

254 1351 372 1403 citia
409 1353 627 1404 Neronis
667 1353 959 1405 habebatur.
1034 1355 1140 1406 Nec
1175 1364 1318 1406 mora
1371 1355 1491 1421 quin
1528 1354 1780 1406 adulterio
1816 1352 2083 1407 matrinae-¹

251 1442 386 1494 nium
424 1444 737 1512 iungeretur.
814 1443 945 1498 Otho
983 1446 1094 1497 sive
1127 1460 1302 1498 amore
1347 1446 1581 1497 incautus
1616 1445 1828 1498 laudare
1866 1444 2080 1498 fortunii}
2098 1453 2168 1504 46

253 1533 658 1602 elegantiamque
693 1536 870 1588 uxoris
909 1536 1040 1603 apud
1075 1536 1385 1603 principem,
1423 1537 1533 1589 sive
1566 1539 1622 1588 ut
1657 1535 1968 1590 accenderet
2000 1540 2080 1604 aeq

252 1623 296 1677 si
337 1626 514 1678 eadem
554 1626 739 1679 femina
774 1632 1098 1694 poterentur,
1159 1627 1211 1679 id
1253 1636 1454 1695 quoque
1503 1627 1760 1681 vinculum
1807 1628 2082 1696 potentiam

188 1728 236 1768 ιε
253 1717 301 1769 ei
337 1717 578 1771 adiceret.
653 1717 815 1786 Saepe
863 1720 1062 1772 auditus
1102 1725 1178 1772 est
1219 1734 1535 1789 consurgens
1587 1725 1616 1773 e
1665 1719 1906 1773 convivio
1951 1713 2085 1773 caea

253 1810 417 1877 saris,
471 1825 528 1863 se
577 1811 654 1864 ire
695 1811 758 1863 ad
799 1811 965 1878 illam,
1019 1812 1118 1866 sibi
1156 1827 1455 1866 concessam
1495 1811 1730 1866 dictitans
1767 1811 2082 1865 nobilitatem

374 1986 412 2028 1.
447 2000 520 2028 sue
553 1984 632 2029 Ma.
728 1986 770 2030 5.
803 1989 920 2043 fame
952 1986 1032 2031 Ma.

255 2056 309 2085 an
341 2047 472 2101 rufri,
504 2046 713 2103 distingui
745 2049 914 2103 nequit.

259 2105 328 2147 14.
361 2107 606 2161 potirentur
637 2106 790 2164 vulgo,
887 2105 955 2150 15.
994 2109 1034 2149 ei
1064 2108 1276 2150 adiiceret
1305 2107 1361 2150 G:
1395 2121 1448 2149 ea
1480 2108 1640 2151 diceret
1657 2107 1752 2162 Ma,

186 2195 199 2207 f
224 2217 227 2221 ἱ
254 2170 336 2216 ret,
369 2170 417 2206 ut
448 2172 646 2207 narratur
676 2166 792 2221 apud
822 2166 1090 2211 Bekkerum.
1187 2167 1256 2211 16.
1290 2181 1334 2210 se
1364 2167 1504 2211 ABG:
1537 2166 1604 2211 Ma
1633 2180 1774 2224 seque.

254 2221 335 2278 Ma,
368 2224 428 2267 ibi
456 2225 514 2268 G:
549 2228 739 2268 correxit
768 2226 957 2282 Lipsius,
1782 2245 1789 2249 ’

1137 1987 1177 2031 7.
1212 1988 1375 2043 afectui
1404 1986 1485 2031 Ma.
1589 1988 1630 2032 9.
1663 1989 1780 2031 sitne
1811 1988 1857 2030 in
1888 1984 1957 2032 Ma
1985 1978 2086 2043 ΝΜ

1038 2048 1172 2104 crispi
1201 2047 1268 2090 Ma
1316 2062 1412 2090 cum
1455 2049 1643 2091 ceteris:
1676 2049 1867 2091 correxit
1896 2048 2084 2104 Lipsius»

1783 2121 1872 2152 non
1905 2107 2085 2150 addice-

1877 2167 1981 2225 sibi]
2012 2167 2087 2211 uli

348 2369 465 2423 Rufii
500 2368 718 2424 Crispini-⁸
750 2367 809 2410 cf.
845 2367 923 2424 XII
956 2368 1030 2421 42,
1062 2366 1137 2409 ubi

256 2434 324 2471 est
343 2430 491 2484 Rufius
512 2429 735 2486 Crispinus
744 2442 759 2483 ,-
791 2428 836 2468 in
871 2420 939 2470 Ma
964 2429 1000 2470 si
1025 2430 1143 2468 'nilne

257 2493 323 2530 est
355 2491 485 2545 rufri,
523 2489 639 2545 quod
661 2480 863 2530 lia-iterus
888 2493 1007 2530 certe
1032 2491 1140 2542 pro-

256 2546 459 2605 nuntiare
514 2549 739 2605 nequivit,
800 2561 825 2588 r
879 2547 1027 2588 littera
1087 2560 1141 2590 ex

257 2607 558 2663 'subsequente
601 2606 820 2650 vocabulo
857 2606 1046 2660 Crispini
1080 2605 1140 2648 il-

258 2666 347 2708 lata
388 2673 453 2708 est
501 2664 684 2721 perinde
727 2672 773 2706 ut
816 2663 895 2706 XV
940 2667 1020 2718 71,
1064 2665 1138 2706 ubi

257 2726 301 2767 in
320 2724 382 2769 llla
400 2728 565 2782 rufrius
584 2727 835 2782 Crispinus3
863 2723 994 2779 paulo
1013 2724 1141 2766 aliter

253 2786 314 2828 ab
348 2785 502 2828 eodem
536 2791 765 2840 peccatum
794 2780 894 2825 XVI
919 2785 970 2826 17
998 2786 1140 2842 (rusus

258 2846 519 2902 Crispinus).
571 2843 709 2887 Filius
744 2842 935 2898 Crispini
970 2850 1014 2886 et
1045 2844 1140 2898 ipse

258 2906 405 2959 Rufius
426 2905 650 2961 Crispinus
669 2910 852 2947 vocatur
878 2916 903 2945 a
929 2903 1139 2946 Suetonio

257 2963 359 3007 Ner.
394 2965 466 3007 35.

349 3024 450 3079 quin
473 3023 686 3066 adulterio
707 3023 1024 3065 matrimonium
1036 3023 1139 3063 iun-

260 3091 461 3139 geretur:
492 3083 700 3140 nonphoc
733 3089 904 3137 tempus
940 3082 1137 3136 respicit,

260 3143 338 3185 sed
380 3143 495 3199 quod
538 3143 668 3199 paulo
701 3149 800 3197 post
853 3147 1138 3184 consecutum

261 3209 342 3256 est,
378 3216 474 3245 cum
495 3204 547 3246 H.
566 3202 584 3244 1
605 3205 657 3246 13
687 3203 840 3245 scribit
865 3201 938 3243 hic
961 3207 1137 3243 noster:

261 3276 391 3318 eoque
410 3264 498 3304 iam
517 3263 760 3319 Poppaeam
775 3260 1137 3317 Sabinam,prin-

258 3323 400 3378 cipale
431 3330 640 3374 scortum,
683 3328 729 3363 ut
773 3321 887 3378 apud
923 3320 1138 3362 conscium

266 3381 549 3438 (Othonem)
603 3381 826 3423 libidinum
884 3381 1139 3437 deposuerat

258 3441 452 3498 (Nero),
509 3442 643 3483 donec
695 3440 919 3482 Octaviam
959 3453 1138 3481 uxorem

260 3501 527 3543 amoliretur.
593 3501 734 3542 Aliter
767 3501 1001 3542 Suetonius
1035 3497 1134 3541 oth.

262 3561 315 3602 3:
358 3561 458 3601 item
490 3560 732 3615 Poppaeam
770 3559 1003 3612 Sabinam,
1038 3566 1138 3600 tunc

263 3616 407 3659 adhuc
438 3620 623 3660 amicam
656 3621 743 3660 eius
768 3619 1021 3674 (Neronis),
1055 3618 1135 3658 ab-

265 3676 436 3721 ductam
465 3679 619 3722 marito
646 3678 1028 3734 demandatamque
1062 3678 1136 3720 in-

1206 2369 1331 2410 terim
1354 2369 1448 2423 sibi,
1473 2369 1722 2428 nuptiarum
1743 2367 1883 2426 specie
1901 2367 2079 2427 recepit.

1206 2426 1273 2471 Cf.
1306 2427 1391 2470 Dio
1426 2432 1495 2484 ap.
1529 2425 1695 2484 Xiphil.
1729 2427 1821 2471 LXI
1858 2426 1926 2471 11.

1286 2487 1390 2543 Cap.
1423 2487 1496 2531 46.
1559 2503 1604 2530 se
1630 2489 1695 2530 ire
1720 2487 1779 2530 ad
1806 2486 1955 2530 illam.-
1985 2483 2083 2531 Me-

1204 2545 1318 2589 dicei
1361 2549 1578 2601 scriptura
1616 2562 1742 2603 seque
1796 2561 1851 2589 ex
1894 2548 2082 2602 proximi

1202 2611 1356 2648 versus
1402 2619 1513 2649 voce
1554 2620 1722 2662 quoque
1753 2605 1950 2648 ultimam
1983 2605 2081 2661 syl-

1203 2663 1345 2707 labam
1379 2669 1526 2719 traxit,
1562 2665 1804 2708 infeliciter
1833 2666 2081 2707 restitutam

1202 2724 1254 2765 ab
1310 2724 1496 2767 Orelli0.
1557 2723 1605 2766 In
1663 2724 1912 2784 ἀρχετύπῳ
1964 2724 2081 2767 unde

1203 2783 1449 2839 descriptus
1493 2782 1572 2838 Ma,
1606 2783 1692 2825 duo
1723 2796 1878 2837 versus
1909 2785 1975 2826 {iic
2007 2785 2081 2829 vi..

1202 2841 1359 2885 dentur
1381 2844 1584 2899 dispositi
1603 2843 1759 2898 fuisse,
1791 2849 1838 2886 ut
1861 2842 2080 2886 vocubula

1201 2915 1361 2959 quoque
1407 2910 1451 2946 et
1491 2918 1536 2945 se
1576 2908 1650 2944 aut
1693 2904 1739 2945 in
1781 2903 1868 2946 fine
1917 2908 1993 2945 aut
2034 2903 2080 2944 in

1200 2963 1420 3018 principio
1462 2965 1693 3018 utriusque
1739 2964 1901 3018 scripta
1948 2962 2079 3019 lege..

1199 3029 1365 3065 rentur.
1491 3021 1760 3064 nobilitatem
1785 3020 2079 3080 pulchritudi-

1199 3094 1321 3134 nem,
1354 3089 1455 3124 vota
1487 3082 1676 3124 omnium
1707 3089 1748 3123 et
1780 3081 1944 3137 qaudi'a
1972 3081 2078 3137 feli-

1203 3142 1341 3183 cium.-
1378 3141 1434 3184 cf.
1471 3147 1619 3183 annot.
1656 3140 1710 3182 ad
1741 3139 1799 3183 x1
1830 3140 1873 3184 6.

1271 3214 1352 3242 nec
1370 3211 1494 3257 posse
1515 3201 1836 3242 matrimonium
1850 3201 2072 3243 amittere.-

1198 3259 1371 3316 vulgari
1404 3261 1502 3301 usui
1522 3262 1663 3317 magis
1688 3259 1926 3315 respondet
1948 3259 2075 3302 omit-

1199 3326 1311 3373 tere,
1359 3325 1406 3361 ut
1446 3325 1516 3361 est
1555 3318 1601 3361 in
1645 3320 1799 3362 codice
1837 3317 2077 3376 Agricolae

1200 3379 1268 3434 (in
1302 3378 1335 3421 G
1367 3393 1396 3421 a
1429 3385 1496 3421 est
1522 3391 1548 3420 a
1574 3384 1704 3421 manu
1729 3377 1961 3435 secunda),
1993 3373 2071 3419 w!

1200 3438 1358 3480 callida
1387 3438 1546 3480 mulier
1570 3438 1771 3480 consulto
1801 3437 1933 3492 paulo
1965 3446 2069 3491 gra-

1197 3498 1365 3539 viorem
1399 3510 1556 3540 vocem
1588 3498 1764 3539 videtur
1793 3496 1997 3551 elegisse.

1282 3557 1437 3613 pellice
1489 3556 1655 3598 ancilla
1705 3564 1745 3598 et
1789 3551 2064 3595 adsuetudine

1195 3617 1324 3658 Actes
1338 3617 1577 3658 devinctum
1589 3631 1603 3657 .·
1622 3614 1817 3657 invidiae·
1832 3608 2060 3668 augendae

1196 3675 1250 3720 iul
1281 3676 1545 3720 vocabulum
1571 3673 1728 3735 pellice
1770 3670 1943 3716 accedit
1982 3679 2068 3715 ana.
