2280 4004
278 277 368 323 224

281 421 394 474 aliis
447 420 805 484 consulebant,

1041 275 1333 322 ANNALIVM

1852 292 1893 323 a.
1924 290 1971 327 1.
2003 279 2109 326 817.

873 418 989 474 dum
1049 419 1257 473 trahunt
1307 419 1562 474 invalidos
1622 426 1708 475 aut
1763 422 2106 491 opperiuntur,

277 528 395 581 pars
422 528 581 578 mora,
622 527 739 578 pars
766 511 1029 577 festinans,
1070 518 1250 568 cuncta
1277 513 1636 580 impediebant.
1696 514 1759 566 Et
1781 529 1955 582 saepe,
1977 514 2109 569 idm

277 606 331 656 in
370 611 568 672 tergum
604 609 920 670 respectant,
981 604 1226 657 lateribus
1283 609 1368 657 aut
1415 606 1584 659 fronte
1636 605 2112 661 circumvenieban-

278 703 359 748 tur
371 715 386 761 3
427 696 510 748 vel
547 697 590 748 si
629 696 682 747 in
717 696 949 763 proxima
989 702 1279 762 evaserant,
1318 697 1417 751 illis
1459 713 1662 766 quoqne
1695 699 1802 767 igni
1842 699 2107 766 correptis,

237 789 426 841 setiam
463 803 592 855 quae
614 788 893 856 longinqua
935 781 1261 842 crediderant
1298 790 1351 840 in
1388 789 1571 844 eodem
1611 791 2106 858 casu-reperiemus

274 880 552 946 PostremO,
595 880 712 946 quid
739 880 959 932 vitarent
995 881 1114 947 quid
1147 886 1379 948 peterent
1409 882 1649 951 ambigui,
1676 883 1946 950 *complere
1977 883 2108 949 uias,

274 971 432 1023 sterni
485 987 579 1038 per
633 986 817 1039 agros3
874 971 1077 1038 quidam
1111 973 1326 1025 ‘amissis
1364 974 1598 1026 omnihus
1640 974 1887 1040 fortunis»,
1940 974 2108 1027 diurni

275 1076 476 1129 quoque
512 1062 676 1114 victus
710 1062 864 1129 eyem',
907 1063 992 1114 alii
1021 1064 1232 1116 caritate
1269 1080 1493 1131 suorum,
1522 1079 1649 1132 quos
1684 1066 1889 1132 eripere
1918 1079 2109 1132 nep-

272 1159 455 1207 verant
469 1194 484 1220 ,

549 1155 778 1222 quamvis
833 1160 1035 1222 patente
1093 1155 1286 1224 effugio
1342 1157 1600 1210 interiere.

1692 1159 1799 1210 Nec
1842 1157 2105 1225 quiswnm

211 1256 259 1293 ¹⁰
275 1247 554 1299 defendere
591 1247 836 1313 audebat,
898 1248 1093 1300 crebris
1134 1248 1400 1300 multorum
1437 1251 1587 1302 minis
1624 1251 1953 1318 restinguere
1981 1265 2109 1318 pm·-

273 1339 582 1405 hibentium,
631 1344 683 1390 et
725 1340 840 1406 quia
881 1340 966 1391 alii
1002 1340 1165 1406 palam
1201 1341 1342 1393 faces
1379 1342 1636 1393 iaciebant
1672 1347 1823 1409 atque
1855 1356 1974 1394 esse
2004 1341 2108 1395 sihi

271 1435 531 1483 auctorem
568 1431 1010 1497 vociferabantur,
1052 1432 1164 1483 sive
1202 1436 1258 1482 ut
1294 1437 1467 1498 raptus
1506 1431 1741 1485 licentius
1781 1437 2103 1499 exercenut,

269 1536 362 1575 seu
415 1523 572 1575 iussu

387 1664 429 1707 2.
463 1676 587 1705 mora
617 1661 697 1716 Ma,
733 1676 909 1704 morans
942 1663 990 1705 G.

260 1782 491 1839 periebant
520 1782 553 1825 Ι.
590 1780 659 1825 Fr.
694 1780 955 1825 Gronovius.

266 1849 444 1885 auctore
475 1841 556 1885 Ma.

273 1963 417 1999 aetate
455 1970 601 2012 neque
644 1957 826 2000 tolerari
878 1956 972 1999 ullo
1016 1957 1147 1999 modo

267 2022 440 2071 potest,
475 2030 528 2059 ex
562 2019 735 2059 sincero
768 2019 872 2072 sessi
902 2032 1007 2059 aevo
1039 2030 1147 2072 pro-

268 2076 349 2118 diit
370 2078 445 2129 ita,
475 2082 524 2117 ut
554 2076 716 2119 litteris
743 2077 989 2120 dissociatis
1013 2078 1148 2133 sessia

269 2140 330 2195 (ε
346 2137 451 2193 fessi
482 2138 528 2194 a)
557 2137 672 2180 male
696 2139 993 2194 corrigeretur
1013 2140 1144 2192 fessa,

269 2212 343 2240 evo
368 2196 587 2252 reliquum
620 2197 694 2239 vel
719 2211 781 2250 ev,
818 2211 912 2239 cum
947 2212 970 2239 ο
999 2197 1163 2239 littera

266 2270 292 2299 a
327 2257 528 2312 proximo
563 2264 638 2298 aut
683 2256 843 2299 hausta
877 2263 1017 2310 esset,
1065 2269 1144 2312 pro

267 2315 527 2370 compendio
551 2317 739 2360 nominis
773 2324 915 2359 aetate
947 2331 971 2359 a
1001 2317 1145 2359 scriba

266 2375 503 2418 haberetur
544 2376 587 2417 in
622 2378 866 2431 proximum
905 2385 1027 2419 aetas
1057 2378 1142 2418 iam

266 2437 452 2478 intento.
517 2434 644 2479 Conf.
690 2436 789 2478 XVI
832 2438 912 2480 30:
963 2437 1145 2493 yrandis

265 2509 370 2538 aevo
398 2508 575 2552 parens.
660 2498 738 2539 13:
785 2503 927 2538 aetate
958 2503 1033 2538 aut
1063 2510 1141 2538 va-

266 2555 453 2597 letudine
486 2556 603 2610 sessi.
669 2555 720 2597 H.
754 2555 812 2597 ΙΙΙ
844 2558 894 2599 2:
926 2555 1142 2598 valetudi-

264 2615 389 2656 nibus
420 2616 569 2669 fessos.
631 2613 668 2656 11
700 2617 784 2657 42:
828 2618 964 2669 fessus
1006 2616 1139 2656 senio.

266 2674 350 2716 54:
395 2673 648 2729 provincias
688 2701 743 2707 —
785 2675 959 2715 iniuriis
1003 2678 1142 2729 fessas

575 2731 634 2774 Ill
677 2733 759 2776 63:
805 2747 982 2787 quorum
1015 2735 1142 2790 copia

264 2733 499 2789 refovebat.

637 2791 713 2834 XII
763 2794 845 2835 13:
894 2793 1062 2835 nivibus
1102 2800 1141 2835 et

263 2793 368 2848 sessi
395 2799 558 2848 patres.

263 2852 474 2893 montibus
503 2852 619 2906 fessi.
686 2852 736 2893 H.
774 2852 811 2893 V
848 2852 924 2895 16:
960 2853 1051 2907 quis
1083 2878 1139 2885 -—

261 2912 387 2967 fessis
420 2911 526 2953 bello
556 2912 678 2967 pacis
710 2925 845 2953 amor.
907 2912 1061 2967 Neque
1093 2913 1138 2952 in

265 2982 318 3013 eo
360 2971 474 3012 iusta
522 2971 706 3012 offensio
762 2972 877 3026 quod
921 2971 1138 3013 vocabula

263 3029 429 3085 alioqui
462 3043 706 3084 synonyma
749 3032 793 3071 in
829 3031 1018 3072 confinio
1053 3043 1136 3084 po..

262 3091 347 3132 sita
379 3095 505 3131 sunt.-
536 3103 634 3131 nam
655 3103 804 3132 aevum
836 3102 951 3131 nunc
979 3089 1135 3130 huma-

261 3163 345 3191 nae
379 3150 499 3192 vitae
531 3155 726 3204 tempus,
775 3149 894 3191 rudis
921 3150 1134 3206 pueritiae

261 3215 383 3251 aetas
443 3222 519 3251 eos
570 3210 644 3265 qui
701 3208 777 3251 tali
838 3215 937 3251 sunt
990 3214 1135 3250 aetate

262 3269 456 3311 denotat.

350 3329 478 3370 etiam
510 3341 618 3382 quae
637 3352 693 3360 —
713 3327 1014 3384 reperiebant:
1045 3339 1132 3369 non

258 3387 388 3428 modo
402 3388 605 3443 promima
630 3388 734 3443 igne
766 3393 967 3441 correpta
988 3387 1131 3429 offen-

259 3446 441 3499 debant,
490 3445 567 3488 sed
615 3459 726 3501 quae
758 3446 999 3503 longinqua
1031 3459 1131 3489 cre-

258 3505 481 3559 tuderani,
527 3507 657 3547 etiam
702 3505 812 3548 haec
875 3508 919 3547 in
976 3506 1129 3548 eodem

259 3578 362 3606 casu
423 3565 719 3620 reperiebant.
807 3565 1128 3621 significandae

258 3626 322 3664 rei
354 3626 491 3667 atroci
537 3630 581 3667 et
625 3624 797 3666 cadenti
840 3631 1014 3679 praeter
1046 3639 1126 3667 ex-

255 3685 551 3737 pectationem
594 3683 734 3727 forma
764 3685 890 3729 verbi
929 3686 1122 3742 reperie-

1068 1665 1111 1706 4.
1145 1664 1258 1719 iynis
1289 1662 1379 1705 Ma.

266 1724 429 1778 yinqua
461 1737 534 1764 cre
569 1724 638 1778 (in
674 1734 828 1764 versus
861 1722 970 1780 fine)
1006 1723 1283 1765 crediderant
1314 1722 1393 1765 Ma.

1077 1782 1120 1825 8.
1163 1784 1287 1840 cycni
1327 1784 1632 1839 interpositum
1663 1783 1716 1825 ab
1755 1782 1941 1828 editore.
2035 1785 2103 1829 12.

669 1523 744 1574 Eo
794 1523 847 1574 in
897 1527 1125 1589 tempore
1164 1524 1301 1576 Nero
1337 1523 1477 1574 Antii
1529 1537 1688 1591 agens
1738 1537 1841 1575 non
1887 1528 2009 1576 ante
2046 1523 2189 1580 ⁶⁸39

1416 1664 1450 1707 G
1479 1664 1586 1721 iqui.
1674 1664 1715 1707 5.
1751 1678 1829 1719 que
1859 1664 1940 1707 Ma.
2003 1665 2103 1708 lon-

1516 1724 1872 1780 repperiebantur
1901 1722 1991 1767 Ma:
2025 1738 2104 1766 re-

1231 1957 1334 2000 bant
1359 1958 1542 2015 egregie
1574 1958 1799 2001 convenit.
1843 1955 2104 2014 comptum

1229 2024 1375 2060 autem
1435 2018 1763 2075 reperiebantur
1818 2023 1965 2060 natum
2020 2023 2102 2072 est,

1230 2091 1325 2119 cum
1358 2083 1486 2119 vetus
1513 2077 1716 2119 librarius
1747 2089 1826 2132 pro
1858 2078 2104 2135 reperiebat

1228 2137 1382 2193 legere
1420 2137 1504 2179 sibi
1559 2137 1679 2179 visus
1734 2143 1803 2180 est
1858 2137 2104 2218 reperiebat(

1227 2209 1324 2238 cum
1359 2196 1496 2238 cauda
1526 2197 1571 2238 in
1605 2196 1752 2239 littera
1779 2204 1810 2240 e.

1317 2256 1463 2298 diurni
1487 2270 1648 2312 qnoque
1668 2258 1838 2299 victus*-⁶
1856 2257 2101 2314 genitivum

1226 2329 1251 2357 a
1279 2316 1468 2358 nominis
1511 2317 1692 2358 notione
1734 2329 1847 2372 quae
1888 2315 2100 2359 lamii!

1224 2377 1412 2430 fortunis
1460 2381 1534 2417 aut
1581 2377 1774 2429 amissis,
1839 2384 2099 2431 suspenrm

1224 2435 1393 2476 faciunt
1424 2436 1711 2489 interpretes,
1754 2434 1830 2477 ani
1862 2435 1916 2478 de
1948 2437 2097 2493 ωρὺὶ,

1224 2494 1299 2536 alii
1334 2494 1388 2536 de
1418 2495 1569 2551 inopia
1601 2501 1676 2537 aut
1707 2495 1938 2537 amissione
1962 2496 2097 2553 cog!-

1223 2559 1379 2596 tanteS.
1441 2553 1539 2608 Ipsa
1572 2553 1867 2609 discrepantia
1880 2553 2097 2597 ''osteffl

1223 2626 1347 2668 quam
1382 2614 1549 2656 incerta
1572 2619 1615 2656 et
1634 2623 1811 2669 prorsus
1830 2612 2095 2657 dubimme

1221 2674 1334 2713 ratio
1367 2674 1439 2714 sit,
1501 2672 1588 2714 Iam
1609 2674 1839 2715 varietatis
1867 2671 2092 2715 amorh-

1224 2733 1311 2773 cito
1345 2732 1546 2787 proprius
1590 2744 1677 2774 non
1712 2733 2010 2786 concesserit,
2043 2737 2092 2774 ut

1222 2791 1404 2832 eandem
1421 2797 1679 2833 structuram
1702 2791 2091 2844 continuarent&

1221 2850 1414 2904 postulat
1458 2857 1505 2892 ut
1537 2852 1781 2908 genitivum
1810 2863 1839 2892 a
1866 2850 2090 2894 >matulo

1219 2922 1305 2951 non
1338 2923 1416 2952 sua
1438 2910 1566 2965 culpa
1591 2912 1752 2952 omisso
1781 2909 1976 2965 pendere
1996 2916 2091 2954 σοι·

1219 2975 1404 3011 tuamus.
1466 2970 1573 3012 Eam
1605 2983 1760 3012 vocem
1793 2969 1932 3012 fuisse
1966 2970 2091 3026 oyen&

1217 3029 1433 3083 probabili
1476 3032 1751 3082 coniectura,
1816 3038 1902 3070 non
1934 3035 2088 3100 certa,

1219 3088 1429 3131 divinavi.
1492 3088 1620 3131 Conf.
1664 3090 1680 3130 Ι
1714 3089 1795 3132 53:
1828 3089 1966 3131 manis
1996 3089 2088 3146 spei

1218 3161 1396 3203 eyenam
1425 3173 1482 3181 —
1511 3149 1704 3204 peremit.
1783 3147 1863 3190 XV
1891 3149 1946 3191 3.
1985 3149 2088 3204 quia

1217 3220 1353 3263 eyena
1382 3221 1591 3262 aquarum
1619 3208 1738 3262 reyt'o
1771 3214 1846 3249 est.

1306 3265 1408 3321 Cap.
1429 3267 1500 3310 39.
1557 3281 1640 3323 qua.
1660 3266 1871 3308 Palatium
1893 3272 1934 3308 et
1957 3266 2087 3309 Maes-

1216 3327 1380 3368 cenatis
1405 3326 1550 3369 hortos
1573 3327 1931 3368 continuantem-avt¹
1953 3327 2085 3368 etiam

1215 3391 1316 3428 ante
1365 3399 1491 3442 quam
1525 3388 1763 3428 immensae
1794 3385 1942 3428 molis
1952 3396 2084 3440 epus,

1218 3444 1390 3486 domum
1442 3458 1639 3498 auream,
1684 3445 1799 3488 Nero
1845 3447 2081 3496 extrueret,

1215 3505 1461 3561 magnificis
1525 3504 1904 3547 aedificationibus
1972 3513 2082 3557 opes

1213 3564 1412 3618 publicas
1437 3578 1488 3606 ac
1508 3577 1607 3607 suas
1630 3565 1855 3607 effuderat.
1900 3561 2078 3605 Sueten.

1213 3637 1251 3666 e.
1285 3625 1366 3667 31:
1405 3637 1493 3666 non
1530 3626 1578 3666 in
1618 3623 1710 3665 alia
1747 3637 1796 3664 re
1826 3628 1969 3664 tmen
1997 3620 2080 3662 da-

1209 3684 1401 3726 mnosior
1436 3697 1562 3740 quam
1587 3685 1635 3726 in
1653 3680 1936 3737 aedificando.
1982 3678 2081 3723 Do-
