2280 4004
120 1247 172 1294 220

182 269 272 326 ’184

944 269 1239 321 ΔΝΝΑΙᾸἺΜ

1755 281 1872 325 a-fu·
1906 272 2007 326 ⁷702

185 414 430 483 distingui
467 415 657 468 Caesar
690 412 990 481 postulavit,
1049 399 1404 478 damnarique,
1453 411 1501 469 si
1537 423 1634 478 qua
1679 412 1746 468 de
1777 411 2010 487 Augusto

182 506 482 572 inreligiose
521 506 753 561 dixisset:
797 505 850 560 in
891 519 948 558 se
988 503 1121 557 iacta
1162 503 1298 559 nolle
1336 502 1400 559 ad
1438 503 1786 570 cognitionem
1815 505 2009 564 votmi.

184 598 530 665 Interrogatus
584 612 611 653 a
653 594 862 646 consule
915 595 1034 663 quid
1083 595 1149 653 de
1188 595 1252 650 iis
1307 600 1542 653 censeret
1586 610 1718 662 quae
1754 594 1820 652 de
1854 599 2016 653 matre

185 693 294 754 eius
323 692 505 767 locuta
549 703 698 759 secus
737 691 1061 754 argueretur,
1092 687 1340 750 reticuit3
1381 687 1499 745 dein
1536 687 1769 753 proximo
1807 691 2014 746 senatus

144 783 269 847 ‘die
307 757 440 840 illins
477 793 676 846 quoque
712 779 919 832 nomine
955 778 1122 832 oravit
1157 793 1223 831 ne
1251 778 1332 833 cui
1371 778 1527 836 verba
1566 779 1618 835 in
1657 794 1770 834 earn
1790 793 2013 845 quoquo

182 873 337 925 modo
392 872 562 924 habita
621 870 817 922 crimini
875 869 1058 922 forent

1166 869 1521 935 Liberavitque
1572 869 1838 936 Apuleiani
1896 868 2014 937 lege

182 962 487 1017 maiestatis:
528 961 760 1016 adulterii
794 961 1086 1027 graviorem
1117 975 1332 1026 poenam
1356 961 1675 1027 deprecatus,
1706 966 1759 1017 ut
1785 961 2015 1028 exemplo

182 1053 428 1103 maiorum
452 1052 748 1127 propinquis
781 1052 899 1125 suis
907 1046 1044 1102 ultra
1069 1051 1466 1103 ducentesimum
1484 1051 2019 1130 lapidempemovere-v

172 1147 276 1217 tur
286 1142 460 1195 suasit.
533 1142 779 1198 Adultero
807 1118 993 1193 Manlio
1018 1140 1158 1196 Italia
1195 1146 1343 1207 atque
1371 1141 1546 1195 Africa
1574 1143 1895 1200 interdictum
1923 1147 2015 1194 est.

324 1233 400 1284 De
437 1237 674 1299 praetore
716 1233 766 1282 in
802 1232 969 1286 locum
1008 1232 1235 1298 Vipstani
1277 1232 1438 1297 Galli,
1481 1248 1628 1299 quem
1666 1248 1803 1289 mors
1841 1234 2100 1293 abste-51

186 1323 330 1390 lerat,
362 1324 691 1392 subrogando
723 1328 979 1379 certamen
1006 1323 1231 1376 incessit.
1294 1324 1623 1376 Germanicus
1653 1329 1802 1390 atque
1823 1324 2018 1383 Drusus

187 1420 329 1478 (nam
365 1415 515 1470 etiam
542 1420 643 1467 tum
666 1416 857 1466 Romae
897 1420 1066 1481 erant)
1093 1415 1351 1467 Haterium
1379 1416 1654 1483 Agrippam
1685 1416 2019 1482 propinquum

186 1506 474 1565 Germanici
513 1507 782 1561 fovebant:
835 1511 1012 1558 contra
1063 1506 1296 1573 plerique
1348 1508 1638 1562 nitebantur
1686 1513 1741 1562 ut
1780 1521 2021 1567 numerus

185 1598 462 1650 liberorum
500 1598 552 1647 in
579 1597 864 1648 candidatis
899 1598 1258 1663 praepolleret,
1303 1599 1439 1666 quod
1474 1599 1559 1650 lex
1593 1599 1814 1651 iubebat.
1887 1599 2022 1653 Lae-

305 1745 347 1788 6.
381 1745 571 1802 puleium
591 1745 645 1787 M.
710 1746 750 1788 7.
786 1746 987 1802 depcatus
1020 1761 1116 1789 cum
1148 1747 1226 1789 lin.
1250 1748 1574 1806 (depraecatus)
1592 1747 1643 1791 M.
1708 1749 1749 1793 9.
1784 1746 2018 1806 affrieass.

189 1806 258 1849 10.
301 1805 495 1861 Vipstani
528 1805 580 1857 Μ,
614 1817 701 1845 non
744 1806 952 1861 Vipsanii.

278 1933 573 1987 damnarique,
606 1934 644 1974 si
675 1947 759 1987 qua
779 1958 835 1965 --
865 1933 1062 1976 dixisset.-

188 1992 357 2033 duobus
401 1994 524 2033 annis
568 1998 669 2033 ante
712 1991 908 2034 Tiberius
956 2006 1063 2048 pro..

185 2053 488 2104 nuntiaverat,
545 2052 718 2093 deorum
764 2052 951 2100 iniurias
1001 2053 1064 2095 dis

187 2125 319 2152 curae
354 2111 395 2166 (Ι
428 2112 535 2168 73);
581 2124 696 2152 nunc
736 2110 855 2154 illins
897 2111 1064 2158 libera-

185 2169 321 2212 litatis
355 2170 631 2212 obliviscitur
663 2170 934 2215 adolescente
972 2173 1064 2213 sci-

185 2229 292 2272 licet
324 2229 427 2285 lege
458 2230 712 2272 maiestatis.

291 2288 496 2330 adulterii
551 2291 797 2344 graviorem
844 2304 1063 2345 poenam:

188 2347 233 2388 h.
279 2362 318 2389 e.
371 2361 498 2402 quam
548 2348 619 2391 lex
662 2348 773 2390 Iulia
822 2351 1062 2392 constituit.

185 2405 293 2448 Eam
325 2406 484 2448 Paulus
516 2407 698 2462 Recept.
733 2414 845 2451 sent,
867 2407 906 2456 11
930 2408 987 2452 26
1012 2411 1067 2451 14

188 2464 302 2507 hanc
322 2466 451 2507 dicit:
485 2466 690 2509 adulterii
722 2468 940 2509 convictas
969 2482 1064 2508 mu-

189 2523 315 2567 lieres
349 2525 526 2566 dimidia
552 2534 678 2582 parte
719 2525 826 2569 dotis
867 2533 905 2571 ee
936 2527 1066 2572 tertia

184 2591 312 2639 parte
359 2585 567 2626 bonorum
611 2601 665 2629 ac
705 2585 968 2640 releqatione
1019 2586 1067 2629 in

188 2642 374 2684 insulam
429 2643 595 2698 placuit
658 2645 864 2685 coerceri.
945 2645 1064 2686 Haec

188 2701 347 2743 Paulus
393 2700 445 2743 de
486 2704 580 2744 iure
622 2704 689 2744 sui
723 2702 958 2756 temporis:
991 2703 1065 2744 Ti-

188 2760 312 2803 herio
344 2761 542 2816 principe
574 2763 661 2805 reis
694 2761 817 2804 ltalia
852 2768 895 2803 et
914 2762 1066 2805 Africa

189 2819 468 2864 interdictum
518 2828 612 2874 est,
666 2827 712 2863 ut
767 2823 911 2865 statim
972 2822 1065 2869 fieri

188 2879 388 2920 videmus
438 2882 480 2922 in
539 2880 737 2922 adultero
785 2881 963 2923 ManliO.
1026 2882 1065 2923 ls

192 2939 307 2979 enim
340 2937 442 2995 lege
475 2941 652 2995 punitus
686 2947 766 2983 est.

271 2999 524 3053 propinquis
554 3000 665 3041 suis:
698 3001 733 3040 si
766 3013 794 3039 a
812 2999 1065 3054 propinquis

189 3056 276 3097 suis
307 3057 580 3111 scripsisset,
624 3057 708 3099 hoc
742 3058 836 3099 fieri
867 3070 954 3098 non
989 3071 1066 3112 per

188 3115 474 3171 propinquos,
495 3117 572 3159 sed
589 3117 821 3171 Apuleiani
838 3119 1063 3159 removeri

190 3173 303 3216 ultra
324 3174 670 3218 ducentesimum
698 3176 885 3231 lapidem
899 3189 922 3216 a
941 3189 1063 3219 com-

189 3234 353 3275 mercio
387 3241 431 3275 ct
462 3236 690 3277 vicinitate
723 3237 1062 3291 propinquorum

189 3305 365 3334 suorum
398 3293 588 3337 lectores
629 3294 809 3338 credere
847 3300 1063 3349 poterant,

189 3350 362 3392 Tacitus
407 3360 551 3395 antem
592 3356 710 3409 prius
744 3355 891 3396 dicere
924 3354 1066 3396 voluit

189 3409 378 3476 ideoque
398 3416 768 3467 praepositionem
790 3415 950 3466 omisit,
985 3413 1065 3454 da-

189 3468 282 3509 tivo
295 3476 446 3522 poetai
450 3485 518 3512 um
532 3485 625 3514 mm
629 3486 652 3515 e
670 3485 839 3528 suoque
860 3446 1062 3514 admisso.

192 3522 262 3568 Cf
298 3528 532 3581 1157,1V
567 3532 608 3581 6
644 3531 718 3574 XII
755 3535 774 3574 1
811 3531 1064 3584 et9et54‚

190 3582 290 3637 Xlll
322 3588 393 3640 20,
427 3587 615 3640 X1v58‚
649 3591 748 3639 XVI
770 3592 836 3644 16,
870 3592 921 3635 Η
950 3593 1063 3648 111,-

190 3631 295 3700 Agr
350 3647 391 3689 2.
462 3645 658 3691 Eundem
716 3662 861 3693 casum
908 3642 1066 3707 epdein

1147 1934 1275 1976 modo
1318 1935 1492 1990 saepius
1535 1934 1725 1988 positum
1766 1937 1810 1975 et
1837 1932 1894 1974 ab
1935 1933 2021 1975 hoc

1150 2001 1192 2035 et
1235 1994 1288 2035 ab
1321 1994 1419 2036 aliis
1465 1992 1716 2036 auctoribus
1758 1993 2022 2045 invenimus,

1149 2054 1223 2099 ubi
1256 2055 1535 2108 participium
1568 2052 1754 2107 perfecti
1788 2052 1952 2107 passivi
1981 2053 2024 2099 ei

1149 2115 1446 2160 consociatum
1469 2118 1550 2155 est.
1603 2110 1816 2166 Exempla
1839 2110 2025 2168 collegit

1146 2172 1404 2217 Boetticher
1435 2172 1524 2215 lex.
1587 2171 1721 2213 'racia
1764 2183 1807 2225 p.
1852 2169 1936 2216 143
1978 2176 2024 2218 et

1150 2234 1258 2285 1443
1284 2232 1465 2287 Ruperti
1478 2230 1614 2273 Taciti
1643 2231 1711 2273 sui
1734 2235 1765 2272 t.
1782 2228 1842 2271 lv
1866 2229 2023 2285 p.812‚

1149 2292 1394 2333 admiscens
1427 2291 1599 2343 aliena3
1640 2288 1737 2331 add.
1769 2287 1827 2335 ΙΙΙ
1858 2289 1911 2331 3:
1953 2288 2024 2334 Ti-

1148 2351 1263 2392 berio
1316 2358 1355 2391 et
1410 2350 1628 2404 Augustae
1668 2373 1724 2380 —-
1777 2347 2021 2394 cohibitam.

1149 2409 1375 2450 Ciceronis
1427 2408 1511 2450 hoc
1575 2410 1620 2450 in
1675 2419 1840 2463 genere
1888 2419 2023 2453 xusum

1148 2467 1349 2512 definivit
1388 2467 1635 2524 Madvigius
1687 2467 1731 2507 in
1777 2471 1926 2512 annot.
1969 2464 2023 2508 ad

1147 2526 1223 2570 lib
1257 2527 1275 2568 I
1308 2527 1338 2570 4
1368 2527 1422 2570 de
1453 2526 1595 2569 Finib.
1624 2524 1750 2580 Quod
1780 2525 1939 2569 attinet
1968 2523 2024 2569 ad

1147 2586 1357 2634 iudicium
1416 2587 1634 2640 privatum
1691 2585 1846 2640 propin
1881 2596 2034 2632 uorum

1148 2645 1201 2687 de
1234 2645 1433 2687 admissis
1453 2645 1700 2697 mulierum,
1734 2644 1852 2686 vid..
1878 2642 2022 2689 11132

1147 2704 1241 2748 Liv.
1255 2704 1430 2747 XXXIX
1457 2704 1525 2748 18.
1559 2704 1744 2758 Dionys,
1765 2696 1924 2750 Ant.11
1948 2701 2021 2749 25.

1149 2764 1328 2807 Sueton.
1365 2763 1506 2806 liber.
1540 2764 1612 2807 35.

1238 2821 1342 2878 Cap.
1377 2823 1447 2866 51.
1523 2822 1716 2880 Vipstani
1743 2820 1885 2869 Galli.-
1918 2834 2024 2866 vere

1147 2881 1187 2923 Μ
1221 2881 1331 2925 Galli
1365 2895 1522 2924 nomen
1566 2882 1735 2939 gentile
1778 2881 2025 2938 ἥρπακεν)

1149 2941 1294 2995 effert,
1327 2955 1415 2984 non
1457 2942 1717 2999 Vipsanium.
1784 2940 1945 2994 liniris,
1978 2947 2027 2987 ut

1147 3000 1345 3054 videtur,
1410 3001 1524 3044 iilius
1596 3002 1822 3058 Vipstanus
1876 2999 2025 3046 Gallus

1148 3058 1346 3101 laudatur
1403 3062 1447 3101 in
1510 3061 1626 3102 tituli
1690 3061 1770 3103 sub
1823 3060 2024 3115 principe

1150 3117 1333 3160 Claudio
1368 3120 1499 3173 positi
1532 3120 1778 3175 fragmento
1791 3119 2022 3161 Maffeiano

1148 3191 1215 3231 ap.
1261 3178 1464 3220 Mun-ator.
1508 3178 1624 3222 2049
1658 3179 1706 3231 73
1762 3192 1803 3220 v.
1842 3177 2022 3234 Hagen-

1147 3236 1297 3278 buchii
1322 3237 1760 3293 Epistol.Epigraph.
1781 3250 1823 3292 p.
1853 3236 1938 3280 227
1956 3250 2022 3293 sq.

1147 3296 1298 3337 Marini
1332 3297 1423 3339 Atti
1447 3312 1468 3338 e
1491 3297 1758 3338 Monumenti
1789 3294 1903 3351 degli
1933 3295 2025 3344 Ar-

1146 3355 1236 3397 vali
1267 3356 1356 3398 vol.
1390 3357 1406 3397 l
1440 3369 1482 3410 p.
1508 3357 1591 3399 100
1616 3369 1681 3411 sq.
1727 3356 2024 3412 Vipsaniorum

1149 3427 1257 3470 gens
1292 3421 1334 3455 et
1366 3421 1467 3456 ante
1501 3415 1554 3456 M.
1583 3415 1821 3470 Agrippam
1855 3420 1899 3454 et
1925 3418 2023 3467 post

1150 3475 1385 3516 extinctam
1405 3476 1499 3516 eins
1521 3474 1692 3516 domum
1706 3475 1868 3516 Romae
1890 3473 2022 3527 igno-

1149 3532 1249 3575 bilis
1274 3540 1317 3575 et
1339 3534 1538 3577 obscura.
1563 3533 1615 3575 V.
1632 3533 1785 3575 Senec
1808 3529 2019 3574 controv.

1150 3592 1239 3651 XII
1254 3593 1336 3641 sub
1370 3593 1527 3652 finem,
1567 3593 1763 3649 inscript.
1909 3587 2021 3648 Glu-

1148 3643 1287 3709 terum
1318 3652 1406 3709 340
1437 3653 1479 3707 3.
1511 3624 1675 3708 0οξιῇδ
1704 3649 1757 3697 ad
1803 3603 1900 3719 &V
1921 3642 1960 3695 1.
