2280 4004
244 302 270 341 a
299 288 349 333 O.
386 286 454 334 16.
832 280 996 327 LIBER
1024 279 1076 325 11.
1111 280 1218 323 GAr.
1255 278 1440 325 192—23.
1979 276 2066 326 105

243 434 514 488 velocitate
569 444 836 497 corporum
882 431 1133 490 uteretur,
1213 428 1390 475 coacta
1441 420 1621 474 stabile
1674 419 1742 472 ad
1785 418 2065 486 proelium3

249 530 424 578 contra
460 524 620 587 mileS‚
661 522 740 573 cui
775 525 968 572 scutum
993 516 1189 585 pectori
1215 500 1511 582 adpressum
1547 517 1595 565 et
1628 511 1856 563 insidens
1886 511 2065 577 capulo

248 631 455 680 manuS,
506 615 634 666 latos
676 612 1006 663 barbarorum
1047 614 1210 672 artus,
1267 607 1399 658 nuda
1437 620 1526 656 ora
1565 604 1792 668 foderet,
1818 603 2068 669 ,viamque

249 715 420 775 strage
455 705 672 757 hostium
714 702 961 770 aperiret,
1000 702 1282 766 inprompto
1321 699 1420 749 iam
1458 695 1688 748 Arminio
1725 696 1788 747 ob
1831 694 2068 765 continua

249 798 490 868 pericula,
528 796 637 848 sive
673 794 808 845 illum
840 808 1023 845 recens
1056 795 1313 857 acceptum
1350 789 1530 840 vulnus
1565 787 1871 839 tardaverat.
1938 785 2108 848 Quins

252 896 301 943 et
340 889 741 956 Inguiomerum,
802 890 907 936 tota
941 883 1233 935 volitantem
1280 881 1416 945 acie,
1476 881 1677 931 fortuna
1718 878 1880 945 magis
1923 892 2071 943 quam

249 981 407 1034 virtus
447 978 728 1030 deserebat.
802 977 863 1027 Et
901 974 1232 1027 Germanicus
1283 988 1381 1039 quo
1434 973 1596 1039 magis
1649 971 2070 1037 adgnosceretur,

251 1059 538 1125 detraxerat
576 1069 801 1136 tegimen
839 1067 1013 1132 capiti,
1055 1065 1333 1130 orabatque
1373 1064 1664 1114 insisterent
1701 1060 1967 1112 caedibus:
2005 1060 2076 1111 nil

252 1178 376 1230 opus
418 1160 659 1228 captiviS,
714 1158 874 1210 solam
910 1156 1309 1209 internecionem
1347 1155 1514 1222 gentis
1562 1153 1711 1204 finem
1762 1151 1896 1203 bello
1945 1151 2073 1202 sore.

252 1255 453 1319 Iamque
491 1266 608 1303 sero
649 1250 750 1301 diei
778 1248 1013 1300 subducit
1046 1247 1110 1298 ex
1149 1247 1260 1297 acie
1291 1245 1548 1312 legionem
1578 1242 1826 1295 faciendis
1869 1242 2074 1294 castris:
2095 1260 2141 1298 ιο

253 1351 454 1398 ceterae
491 1343 553 1394 ad
581 1347 782 1393 noctem
821 1354 1003 1390 cruore
1029 1338 1245 1390 hostium
1275 1337 1488 1404 satiatae
1517 1340 1648 1388 sunt.
1723 1334 1929 1400 Equites
1969 1349 2079 1385 am·-

167 1447 202 1497 2
254 1438 404 1505 bigue
444 1440 720 1488 certavere.
813 1431 1049 1485 Laudatis
1101 1446 1193 1498 pro
1236 1430 1474 1481 contione
1521 1428 1829 1489 victoribUS,
1889 1427 2080 1479 Caesar

256 1527 550 1596 congeriem
589 1539 841 1577 armorum
882 1523 1086 1586 struxit,
1147 1521 1365 1587 superbo
1418 1535 1528 1570 cum
1581 1518 1756 1582 titum,
1814 1517 2077 1572 debellatis

255 1619 645 1685 interffRhenum
673 1616 940 1682 Albimque
977 1614 1265 1665 nationibus
1305 1612 1583 1664 exercitum
1621 1610 1807 1662 Tiberii
1843 1609 2078 1662 Caesaris

257 1727 316 1764 ea
366 1711 671 1778 monimenta
708 1707 853 1760 Marti
901 1712 950 1757 et
988 1706 1094 1758 Iovi
1149 1710 1198 1756 et
1230 1704 1462 1771 Augusto
1515 1702 1820 1755 sacravisse.
1892 1701 1966 1752 De
2023 1715 2144 1757 se15

254 1802 378 1853 nihil
414 1802 623 1868 addidit,
669 1806 802 1852 metu
837 1798 1076 1862 invidiae,
1116 1812 1179 1848 an
1215 1801 1353 1847 ratus
1395 1794 1762 1846 conscientiam
1797 1793 1917 1844 facti
1957 1792 2080 1844 satis

256 1909 387 1948 esse.
460 1894 578 1945 Mox
616 1892 798 1944 bellum
835 1891 887 1940 in
922 1889 1260 1957 Angrivarios
1300 1886 1540 1939 Stertinio
1576 1884 1807 1949 mandat,
1846 1884 1897 1935 ni
1933 1883 2084 1935 dedi-

255 1985 443 2038 tionem
494 1984 923 2050 properavissent.
997 1981 1163 2046 Atque
1207 1980 1278 2029 illi
1333 1978 1587 2044 supplices
1636 1977 1759 2030 nihil
1812 1975 2080 2030 abnuendo

257 2076 456 2127 veniam
499 2076 719 2126 omnium
756 2089 1019 2141 accepere.

175 2187 244 2236 23
395 2167 494 2219 Sed
530 2172 724 2237 aes-tate
772 2167 870 2239 5²¹}ss
921 2165 1106 2225 adulta
1139 2163 1397 2230 legionum
1440 2161 1569 2212 aliae
1618 2161 1799 2212 itinere
1852 2158 2146 2219 terrestri20

259 2258 310 2309 in
357 2258 684 2310 hibernacula
719 2238 999 2320 ‘remissam
1052 2255 1222 2322 plures
1266 2254 1456 2306 Caesar
1495 2252 1644 2303 classi
1690 2251 1953 2320 impositas
1991 2265 2083 2318 per

372 2429 415 2468 4.
448 2426 536 2466 iam
567 2425 616 2466 ob
649 2425 744 2467 sine
764 2424 962 2466 defectus
995 2426 1121 2481 signo
1140 2423 1204 2465 M:
1239 2423 1286 2463 in
1307 2423 1504 2478 margine
1537 2422 1590 2463 ab
1623 2421 1710 2463 alia
1742 2433 1893 2462 manu:
1929 2419 2084 2461 ”deest

258 2490 305 2526 ut
323 2484 506 2526 arbitror
527 2484 770 2526 Arminio.’'
802 2484 1154 2538 supplementum
1178 2488 1356 2524 auctore
1378 2481 1595 2523 Beroaldo
1616 2482 1840 2522 insertum.
1907 2479 1948 2522 5.
1986 2485 2082 2520 tar..

259 2544 445 2586 dauarat
464 2545 517 2586 M.
581 2545 622 2586 9.
655 2544 1029 2585 internitionenem
1047 2543 1100 2585 M.
1170 2543 1237 2585 13.
1273 2542 1470 2596 amyci-ie
1493 2554 1753 2581 marmorum
1776 2539 1830 2580 M.
1897 2539 1964 2580 15.
1987 2553 2084 2580 ntu-

258 2603 447 2645 uimenta
480 2604 615 2645 Marii
645 2603 707 2644 M:
740 2604 999 2644 monimenta
1030 2616 1055 2644 a
1085 2602 1249 2656 Lipsio,
1285 2601 1421 2642 Marti
1451 2614 1476 2642 a
1506 2598 1724 2642 Beroaldo
1759 2603 1838 2640 est.
1906 2597 1974 2640 16.
2007 2601 2084 2653 sa..

261 2663 338 2703 ctis
369 2663 434 2705 M:
475 2663 664 2704 correxit
694 2662 846 2704 Aldus.
943 2663 1011 2705 17.
1045 2668 1118 2703 aut
1156 2662 1239 2702 fuit
1271 2666 1345 2701 aut
1388 2660 1538 2702 debuit
1584 2672 1682 2701 esse
1715 2658 2008 2700 Amsivartos:
2043 2657 2083 2699 M

261 2722 516 2777 agriem-ios.
561 2721 618 2764 cf.
661 2728 808 2763 annot.
851 2721 905 2763 ad
936 2724 964 2765 2
993 2721 1035 2764 8.
1130 2722 1201 2764 20.
1235 2726 1449 2776 aeqestate
1483 2719 1549 2762 M:
1602 2719 1792 2762 correxit
1823 2716 2081 2760 Beroaldus-

341 2846 445 2900 Cap.
467 2850 538 2890 22.
582 2847 734 2889 bellum
750 2849 797 2888 in
812 2848 1097 2903 Anqrivarios
1110 2863 1123 2889 :

265 2918 340 2946 eos
373 2918 527 2946 recens
559 2906 777 2948 defecisse
811 2920 847 2947 c.
881 2907 910 2949 8
942 2907 1125 2950 relatum

265 2970 345 3005 est.
417 2964 500 3005 Sed
538 2964 803 3006 Amsivarios
843 2978 920 3019 pro
959 2966 1126 3022 Anqri-

263 3023 396 3064 variis
429 3023 752 3065 rescribendum
787 3037 884 3066 esse
908 3032 1126 3067 monstra-

265 3087 350 3123 tum
384 3087 450 3123 est
491 3082 544 3124 ad
577 3097 613 3124 c.
647 3082 689 3125 8.
766 3084 997 3127 Stertinius
1030 3099 1125 3126 cum

264 3141 312 3187 in
355 3140 602 3183 defectores
653 3148 754 3184 ante
808 3143 978 3198 proelia
1030 3157 1126 3186 cum

266 3199 498 3242 Cheruscis
530 3203 686 3243 missus
719 3207 785 3243 est
818 3205 881 3257 (c.
913 3202 988 3260 8),
1024 3205 1126 3259 igne

267 3263 310 3299 et
353 3258 487 3299 caede
529 3259 751 3312 perfidiam
795 3262 968 3302 interim
1013 3262 1126 3303 ultus

267 3323 356 3358 est:
394 3318 475 3357 iam
508 3316 562 3357 ad
593 3318 767 3359 eosdem
794 3319 914 3361 bello
947 3320 1129 3362 (loman-

267 3375 344 3416 dos
378 3375 651 3429 profecturus
684 3383 789 3427 erat,
822 3380 904 3418 nisi
937 3378 1130 3419 deditio-

267 3447 365 3476 nem
399 3436 766 3488 properavissent.
841 3436 1042 3478 Ceterum
1078 3451 1130 3478 ex

267 3493 413 3535 verbis
460 3495 629 3536 veniam
681 3495 865 3535 onmium
928 3509 1133 3551 accepere

268 3553 370 3597 satis
390 3554 651 3607 perspicitur
672 3555 998 3595 commemorari
1025 3567 1132 3596 ean-

272 3610 367 3653 dem
411 3618 613 3668 gentem,
666 3614 789 3658 cuius
835 3615 1000 3655 mentio
1034 3628 1070 3656 c.
1104 3614 1132 3657 8

271 3667 384 3731 facta
415 3677 495 3717 est.

1304 2849 1408 2902 Cap.
1443 2849 1515 2891 23.
1579 2853 1740 2889 aestate
1785 2847 1874 2887 iam
1905 2844 2081 2886 adulta.-

1211 2908 1388 2950 Servius
1433 2908 1487 2949 ad
1533 2906 1692 2963 Virgil.
1728 2906 1886 2961 Georg.
1934 2904 1952 2945 1
1998 2904 2082 2946 43:

1210 2969 1317 3008 anni
1349 2974 1548 3021 quattuor
1591 2974 1689 3008 sunt
1721 2972 1912 3020 tempora
1945 2963 2085 3004 divisa
2122 2980 2124 2982 ’

1210 3029 1256 3068 in
1278 3033 1421 3068 ternos
1440 3040 1620 3069 menses.
1665 3026 1747 3077 Qui
1767 3026 1951 3080 (repone
1965 3025 2084 3064 anti..

1211 3087 1299 3143 qui)
1314 3089 1502 3142 ipsorum
1521 3093 1753 3141 temporum
1768 3083 1895 3125 talem
1916 3083 2086 3136 saciant

1211 3146 1523 3196 discretionem,
1554 3152 1600 3185 ut
1626 3144 1768 3199 primo
1799 3154 1939 3182 mense
1972 3142 2085 3181 veris

1212 3218 1364 3246 novum
1387 3204 1556 3244 dicatur
1570 3217 1658 3253 ver,
1673 3201 1855 3242 secundo
1878 3198 2083 3250 adultum,

1213 3264 1336 3304 tertio
1367 3276 1602 3317 praeceps,
1636 3261 1743 3302 sicut
1776 3260 1903 3300 etiam
1935 3257 2086 3298 Satta-

1212 3324 1318 3363 stius
1370 3321 1473 3361 dicit
1533 3321 1684 3374 ubique
1743 3321 1874 3359 ‘nova
1926 3323 2112 3371 aestas,v

1216 3379 1388 3430 adulta,
1429 3378 1664 3434 praeceps?
1743 3378 1817 3418 Sic
1860 3384 2086 3419 autumnus
2112 3395 2118 3434 χ

1215 3452 1361 3487 novus,
1383 3437 1565 3488 adultus,
1585 3437 1915 3492 pt·ae‹·cps,item
1936 3436 2083 3477 hiems.
2116 3436 2119 3443 '

1212 3496 1344 3537 Cous.
1400 3496 1454 3536 xl
1516 3498 1599 3538 31:
1671 3496 1816 3537 adulto
1883 3495 2085 3536 (autumno
2123 3491 2127 3536 ἶ

1220 3559 1241 3609 (
1331 3568 1481 3597 mense
1512 3554 1786 3611 Novembri).
1863 3554 1957 3595 XIII
1997 3555 2054 3597 36
2075 3569 2113 3599 :2

1218 3614 1352 3656 donec
1382 3629 1457 3656 ver
1483 3613 1744 3657 adolesceret
1763 3617 1847 3670 (=¹
1865 3614 2006 3657 donec
2027 3627 2085 3657 m.

1217 3673 1352 3717 Maius
1374 3672 1639 3732 adveniret).
1682 3675 1795 3730 Apte
1817 3672 2085 3731 comparavit
