2280 4004
219 247 260 299 α’
277 249 326 296 G.
358 253 431 297 50.
460 262 474 267 “

804 251 968 297 LIBER
998 251 1088 295 ΧΠ.
1151 249 1274 296 Gn(
1292 252 1462 297 30—31
1473 283 1483 295 .
1989 256 2046 297 69

222 395 466 448 disiectos
505 394 843 459 consectatus,
882 409 947 446 ne
982 408 1157 446 rursus
1195 393 1624 461 congIOBarentur
1658 392 1959 459 infensaque
1997 397 2047 445 et

220 487 374 538 infida
410 503 512 553 pax
546 501 649 538 non
688 486 804 537 duci
839 501 941 537 non
975 486 1116 536 militi
1149 486 1374 552 requiem
1411 485 1737 551 permitteret,
1775 484 2046 536 detrahere

223 594 362 629 arma
397 578 647 643 suspectis
687 584 966 644 cunctaque
1006 578 1185 628 castris
1227 578 1460 628 Avonam
1497 592 1658 643 usque
1696 581 1744 628 et
1781 575 2045 630 Sabrinam

219 669 402 719 fluvios
455 668 697 719 cohibere
746 673 905 734 parat.

997 668 1143 729 Quod
1197 668 1343 734 primi
1382 668 1517 719 Iceni
1560 668 1812 731 abnuere,
1874 666 2044 719 valida

218 775 376 828 genS,
416 775 512 811 nec
547 760 755 826 proeliis
791 760 1017 825 contusi,
1061 760 1177 826 quia
1214 759 1509 811 societatem
1548 764 1773 811 nostram
1810 758 2082 812 volentess

218 854 562 902 accesserant.

636 850 827 916 Hisque
864 851 1154 902 auctoribus
1208 850 1565 901 circumiectae
1601 849 1834 901 nationes
1874 848 2043 900 locum

216 956 419 1008 pugnae
458 940 698 1007 delegere
728 945 954 1007 saeptum
995 941 1184 1008 agresti
1225 956 1417 1008 aggere
1448 945 1497 991 et
1531 940 1670 991 aditu
1706 944 1941 1006 angustO,
1977 953 2043 992 ne

216 1031 422 1098 pervius
453 1031 608 1097 equiti
643 1031 792 1081 foret.

865 1031 938 1081 Ea
976 1031 1281 1081 munimenta
1321 1030 1423 1081 dux
1445 1031 1717 1095 RomanuS,
1746 1045 2045 1096 quamquam

215 1122 327 1175 sine
365 1122 554 1173 robore
592 1121 850 1188 legionum
905 1121 1126 1172 sociales
1182 1121 1356 1186 copias
1410 1121 1655 1186 ducebat,
1717 1136 2043 1187 perrumpere

215 1212 543 1280 adgreditur,
605 1217 655 1263 et
697 1212 975 1263 distributis
1017 1211 1311 1262 cohortibus
1354 1217 1542 1263 turmas
1581 1226 1781 1278 quoque
1820 1211 2042 1278 peditum
2061 1228 2109 1264 ιο

214 1305 278 1356 ad
331 1305 499 1355 munia
554 1303 792 1370 accingit.

215 1395 423 1461 suisque
474 1394 706 1446 claustris
759 1394 1027 1460 impeditos
1077 1393 1294 1444 turbant.

332 1570 375 1611 3.
408 1568 604 1611 Avonam
633 1581 763 1623 usque
801 1569 965 1609 editor:
1005 1567 1071 1610 Ma
1103 1574 1146 1610 et
1188 1580 1236 1622 pr
1275 1567 1308 1609 G
1340 1567 1570 1609 Anconam.

1159 1628 1202 1670 8.
1237 1640 1479 1683 quanquam
1510 1626 1589 1670 Ma.

215 1628 255 1672 7.
285 1635 446 1686 septam
481 1627 553 1671 Or.
587 1628 701 1670 idem
731 1641 833 1687 mox
862 1628 1054 1684 obseptis.

212 1791 427 1833 successit
448 1789 494 1832 P.
513 1790 712 1833 Ostorius
735 1791 946 1845 Scapula:
979 1791 1086 1847 Agr.

217 1851 284 1893 14.
318 1849 445 1892 Conf.
480 1850 535 1891 x1
570 1851 642 1893 36.
679 1850 761 1891 Dio
789 1850 860 1892 LX
897 1851 1084 1893 19-23,

211 1909 329 1951 Belli
383 1910 626 1951 Britannici
681 1911 942 1963 principium
1002 1910 1085 1950 Dio

214 1982 373 2010 annum
426 1969 485 2011 43
530 1969 679 2025 (796)
728 1970 853 2022 ponit
900 1969 971 2009 LX
1018 1969 1083 2020 19,

215 2025 397 2069 Claudio
432 2026 619 2069 Caesare
652 2029 828 2070 tertium
862 2033 905 2068 et
949 2027 1085 2068 Lucio

222 2087 404 2129 Vitellio
427 2088 583 2128 iterum
605 2087 874 2128 consulibus.
912 2086 1086 2128 Tacitus

218 2153 292 2187 aut
322 2153 516 2188 extremo
550 2146 662 2187 libro
702 2146 937 2187 Annalium
970 2158 1085 2186 nono

217 2212 292 2246 aut
323 2206 367 2246 in
399 2207 616 2260 principio
650 2205 807 2246 decimi
844 2204 1084 2247 domandae

215 2264 466 2306 Britanniae
499 2265 626 2306 initia
646 2263 836 2305 tradidit.

302 2324 410 2365 citas
442 2324 636 2366 cohortes
670 2324 813 2379 rapit:
849 2322 906 2365 cf.
936 2328 1083 2364 annot.

215 2382 270 2424 ad
302 2382 320 2424 1
352 2383 432 2435 603
465 2383 582 2439 rapit
616 2389 682 2424 est
713 2384 872 2438 raptim
908 2383 1035 2423 ducit.

268 2442 763 2496 cunctaque—cohibere
777 2449 934 2498 parat.-
950 2441 1085 2483 verba

217 2513 329 2555 quae
365 2501 436 2543 hic
458 2515 482 2543 a
505 2501 730 2543 codicibus
753 2501 1087 2555 suppeditantur

216 2573 313 2601 cum
347 2560 557 2615 explicari
593 2566 635 2602 et
666 2561 719 2603 ad
749 2560 876 2616 leges
904 2560 1084 2617 linguae

215 2618 397 2661 Latinae
449 2621 648 2662 revocari
714 2619 940 2661 commode
996 2632 1082 2660 non

215 2678 400 2732 possint,
426 2692 611 2734 cumque
628 2679 671 2719 in
689 2679 877 2734 singulis
899 2679 1083 2720 vocibus

215 2737 336 2779 nulla
378 2750 481 2791 prae
525 2740 686 2779 ceteris
728 2739 969 2791 suspicioni
1001 2738 1084 2778 ob-

214 2798 348 2837 noxia
377 2798 449 2849 sit,
482 2796 648 2851 aliquid
679 2797 953 2838 intercidisse
983 2809 1084 2838 cer-

216 2857 305 2895 tum
341 2861 421 2896 est.
482 2854 614 2895 Porro
660 2855 744 2896 duo
787 2855 908 2896 fluvii
945 2868 1084 2909 quae-

216 2913 338 2954 rendi
370 2919 491 2966 sunt,
526 2916 599 2969 qui
627 2916 869 2969 proximam
901 2915 1083 2955 Britan-

215 2973 316 3013 niae
344 2979 512 3028 partem
545 2973 625 3027 (cf.
652 2972 757 3028 Agr.
784 2975 860 3030 14)
900 2987 924 3014 a
955 2976 1083 3014 terris

221 3030 416 3073 eiusdem
450 3031 503 3072 ad
533 3031 806 3073 occidentem
839 3037 882 3073 et
903 3037 1084 3086 septen-

217 3091 402 3131 trionem
425 3091 520 3132 sitis
546 3097 792 3133 secernant.
828 3091 920 3132 Hoc
944 3093 1082 3145 ipsum

218 3149 384 3190 faciunt
432 3149 613 3191 Sabrina
665 3151 760 3205 (tlte
805 3151 997 3204 Sevorn)
1042 3157 1085 3192 et

215 3208 371 3249 Avona
413 3207 501 3264 (the
545 3207 687 3265 Avon)
725 3211 768 3249 in
820 3211 1083 3250 aestuarium

218 3265 427 3308 Sabrinae
482 3267 655 3319 (sinum
715 3267 1080 3322 Bristoliensem)

218 3323 474 3366 influentes:
524 3337 565 3365 v.
607 3323 813 3366 Camdeni
859 3325 1082 3366 Britannia

216 3397 258 3438 p.
293 3383 392 3425 375.
459 3381 732 3436 Quapropter
767 3385 963 3424 Avonam
1007 3396 1082 3436 pro

215 3444 389 3484 Antona
422 3441 535 3482 haud
571 3443 745 3496 cognita
779 3454 882 3483 vere
897 3441 1082 3483 Uamde-

217 3514 297 3542 nus
324 3500 351 3542 l.
380 3515 416 3542 c.
444 3500 720 3542 substituisse
748 3500 960 3553 videatur,
988 3502 1082 3554 ipsc

218 3559 413 3602 scribens
446 3559 676 3614 Ausonum.
735 3559 819 3602 Sed
850 3561 1081 3600 etiamnum

219 3619 341 3663 deest
393 3619 604 3676 particula
655 3620 750 3661 sive
798 3620 1081 3675 praepositio,

878 1304 1016 1354 Tunc
1059 1303 1175 1354 dato
1227 1303 1376 1370 signo
1429 1302 1752 1369 perfrIngunt
1799 1318 2043 1370 aggerem

1385 1393 1553 1459 Atque
1600 1393 1672 1444 illi
1727 1393 2043 1445 conscientia

1725 1569 1766 1611 5.
1794 1567 1935 1624 prael.
1970 1568 2042 1610 Or.

1701 1628 1769 1672 10.
1804 1641 1927 1684 ayqr.
1961 1626 2042 1670 Ma.

1174 1804 1259 1847 qua
1290 1793 1499 1833 terminus
1521 1789 1793 1847 designetur,
1829 1791 1882 1833 ad
1912 1805 2041 1848 quem

1170 1851 1368 1893 Ostorius
1401 1851 1672 1904 provinciam
1691 1850 1928 1892 Romanam
1961 1866 2042 1894 ex-

1169 1910 1349 1952 tendere
1371 1915 1414 1951 et
1434 1910 1660 1965 porrigere
1684 1910 1892 1953 voluerit.
1934 1911 2041 1953 Eam

1169 1971 1308 2012 fuisse
1327 1983 1456 2023 usque
1480 1975 1645 2010 certum
1664 1968 1861 2010 videtur:
1882 1983 2042 2025 nempe

1169 2030 1299 2070 unice
1333 2029 1542 2070 convenit
1573 2029 1742 2069 notioni
1774 2042 1885 2083 quae
1919 2029 2040 2071 desi-

1169 2088 1369 2139 deratur3
1404 2088 1497 2128 eius
1515 2087 1703 2128 voculae
1728 2089 1848 2141 prior
1870 2087 2040 2141 syllaba

1169 2148 1221 2188 ab
1257 2146 1548 2188 antecedente
1574 2147 1784 2199 Avonam,
1818 2147 1957 2188 altera
1985 2147 2038 2189 ab

1168 2206 1464 2261 subsequente
1492 2213 1531 2246 et
1564 2205 1768 2259 absorpta
1802 2212 1882 2247 est.
1932 2206 2039 2247 Hal-

1168 2266 1279 2306 mins
1339 2266 1530 2306 coniecit
1582 2266 1643 2306 cis
1697 2264 1916 2307 Antonam
1966 2265 2040 2307 vel

1167 2326 1378 2366 Avonam.
1441 2323 1595 2366 Icenos
1636 2323 1912 2366 Ptolemaeus
1952 2336 2040 2366 non

1168 2387 1405 2426 recensuit.
1866 2418 1871 2424 ,
1924 2384 1933 2393 ‘

1254 2457 1334 2484 nec
1361 2442 1541 2500 proeliis
1572 2444 1765 2484 contusi:
1799 2443 1856 2484 cf.
1890 2449 2038 2484 annot.

1168 2502 1221 2545 ad
1261 2502 1322 2544 lv
1371 2502 1444 2546 46.
1565 2503 1809 2543 societatem
1847 2508 2040 2544 nostram

1167 2561 1354 2604 volentes
1405 2568 1707 2603 accesserant:
1761 2564 2038 2605 accusativus

1167 2621 1328 2675 pendet
1365 2634 1419 2662 ex
1441 2620 1643 2672 volentes,
1678 2619 1860 2662 verbum
1883 2634 2038 2663 acces-

1166 2687 1315 2722 serant
1357 2680 1558 2722 absolute
1589 2679 1779 2734 positum
1824 2685 1904 2721 est.
1969 2680 2036 2723 Cf.

1167 2740 1220 2781 ad
1265 2753 1302 2781 c.
1357 2740 1423 2782 10.
1484 2738 1626 2780 Etiam
1680 2738 1794 2792 apud
1841 2737 2038 2782 Curtium

1165 2798 1225 2840 IV
1261 2798 1316 2840 14
1356 2798 1415 2840 24
1462 2799 1506 2838 in
1552 2798 1699 2839 verbis
1742 2811 1820 2851 quo
1859 2800 2038 2854 propias

1168 2860 1331 2899 crimen
1363 2857 1536 2909 accedo,
1569 2857 1846 2898 accusativus
1875 2857 2038 2910 pendet

1168 2931 1193 2958 a
1223 2929 1266 2957 v.
1300 2916 1499 2971 propias,
1533 2928 1619 2956 non
1653 2916 1706 2957 ab
1741 2916 1915 2957 accedo.

1255 2983 1442 3016 turmas:
1494 2977 1540 3016 in
1579 2976 1730 3016 turmis
1764 2976 1935 3029 equites
1966 2974 2037 3017 le-

1170 3035 1381 3090 gionarii,
1415 3035 1487 3088 qui
1521 3035 1632 3076 leves
1664 3047 1716 3075 ac
1748 3035 1856 3075 citas
1887 3035 2035 3075 socio-

1166 3107 1258 3134 rum
1308 3092 1512 3134 cohortes
1554 3095 1596 3134 in
1640 3092 1720 3133 hac
1766 3105 1938 3146 pugna,
1990 3098 2038 3132 ut

1165 3164 1298 3205 saepe
1356 3151 1494 3202 alias,
1554 3150 1775 3192 adiuvant.
1838 3150 2036 3191 sociales

1168 3213 1338 3264 equites
1387 3208 1522 3249 alarii
1565 3214 1678 3250 sunt.
1741 3207 1892 3262 Neque
1935 3213 2035 3250 ante

1166 3268 1276 3308 dixit
1296 3267 1441 3307 nullos
1468 3266 1662 3308 adfuisse
1685 3279 1737 3307 ex
1761 3266 2033 3321 legionariis,

1166 3325 1241 3366 sed
1264 3331 1425 3365 tantum
1443 3325 1636 3366 defuisse
1649 3325 1780 3366 robur
1806 3326 2032 3379 leyionum,

1169 3384 1209 3425 Ιι.
1245 3398 1283 3425 e.
1319 3383 1505 3437 peditem
1546 3385 1850 3437 legionarium.

1267 3442 1453 3498 peditum
1498 3442 1554 3483 ad
1607 3443 1779 3483 munia:
1836 3440 2031 3482 eiusdem

1167 3501 1471 3542 collocationis
1497 3501 1727 3543 verborum
1755 3499 1954 3554 exempla
1978 3500 2032 3541 ad

1167 3560 1225 3601 lv
1275 3561 1301 3602 5
1357 3559 1543 3602 collecta
1596 3565 1708 3602 sunt.
1771 3559 1836 3601 De
1894 3559 2031 3600 forma

1166 3620 1313 3661 munia
1344 3618 1395 3662 ad
1427 3618 1484 3661 111
1521 3621 1561 3663 2.
