2280 4004
307 284 399 327 244
1071 278 1365 324 ANNALIVM
1868 295 1909 327 a.
1940 286 1986 328 ti.
2017 283 2121 330 815.

307 442 439 479 esse.
512 426 679 490 Atque
732 421 933 474 interim
987 421 1212 487 reliquas
1264 420 1498 488 legiones
1555 435 1648 487 pro
1704 421 1814 489 ripa
1867 423 2136 490 Euphratis

305 518 469 581 locat,
507 514 879 566 tumultuariam
912 512 1300 580 provincialium
1335 526 1534 564 manum
1568 517 1754 578 armat,
1806 513 2033 566 hostiles.
2054 514 2138 566 in·-

306 621 518 675 gressus
557 605 830 672 praesidiis
883 604 1151 670 intercipit.
1225 604 1289 655 Et
1327 604 1442 670 quia
1496 619 1659 672 egena
1714 619 1960 671 aquarum.
1988 605 2136 674 regio

306 703 401 763 est,
441 698 648 750 castella
689 697 914 750 fontibus
952 696 1186 772 imposita
1208 713 1221 759 ;
1265 695 1511 761 quosdam
1547 697 1689 748 rivos
1730 702 1980 765 congestu
2017 712 2139 750 are-

266 805 402 843 snae
444 789 654 841 abdidit.
742 790 816 841 Ea
854 789 969 840 dum
1010 804 1037 840 a
1077 778 1367 839 Corbulone
1407 787 1626 840 tuendae
1661 787 1841 856 Syriae
1876 794 2187 856 parantur-‚4

306 887 419 934 acto
451 882 631 948 raptim
668 881 871 948 agmine
895 881 1151 944 MoneseS,
1188 885 1242 931 ut
1278 879 1460 931 samam
1500 880 1577 931 sui
1609 880 1844 946 praeiret,
1882 880 2138 934 nonssideo

302 974 533 1026 nescium
569 977 653 1025 aut
688 972 943 1024 incautum
969 972 1238 1038 Tigranem
1277 970 1504 1023 offendit.
1581 971 1932 1038 Occupaverat
1950 971 2135 1040 Tigra-

302 1070 543 1130 nocerta,
608 1065 786 1116 urbem
843 1063 989 1130 copia
1029 1063 1356 1115 defensorum
1397 1067 1445 1114 et
1498 1063 1848 1130 magnitudine
1884 1063 2139 1116 moenium

302 1157 540 1209 validam.
588 1156 671 1208 Ad
709 1156 808 1207 hoc
833 1154 1171 1222 Nicephorius
1199 1155 1359 1207 amnis
1390 1154 1522 1205 haud
1558 1154 1845 1221 spernenda
1877 1154 2140 1219 latitudine

241 1252 496 1315 mpartem
534 1261 791 1298 murorum
836 1246 1016 1310 ambit3
1071 1251 1121 1298 et
1168 1246 1317 1297 ducta
1367 1246 1551 1313 ingens
1612 1246 1784 1312 fossa,
1836 1261 1939 1313 vqua
1983 1246 2137 1300 fluvio

304 1339 643 1391 dissidebatur.
720 1339 1022 1404 Inerantque
1059 1337 1243 1389 milites
1295 1342 1346 1389 et
1382 1337 1574 1404 provisi
1630 1343 1746 1390 ante
1801 1342 2137 1402 commeatus3

303 1445 515 1496 quorum
543 1429 790 1482 subvectu
815 1429 965 1498 pauci
995 1429 1192 1480 avidius
1224 1428 1486 1495 progressi
1517 1432 1566 1479 et
1598 1428 1886 1498 repentinis
1906 1428 2138 1483 hostibus

304 1521 634 1573 circumventi
683 1521 758 1572 ira
797 1521 962 1587 magis
1007 1536 1156 1587 quam
1194 1524 1329 1571 metu
1365 1524 1567 1572 ceteros
1605 1519 1963 1572 accenderant.
2004 1519 2137 1574 -Sed

299 1613 484 1665 Partho
534 1612 599 1664 ad
655 1612 981 1678 exequendas
1027 1611 1326 1663 obsidiones
1389 1611 1523 1663 nulla
1581 1611 1860 1663 comminus
1896 1609 2136 1674 audacia:

238 1723 284 1759 15
299 1704 432 1755 raris
491 1701 692 1768 sagittis
751 1717 916 1768 neque
977 1702 1179 1754 clausos
1242 1707 1464 1755 exterret
1522 1706 1571 1753 et
1625 1705 1789 1754 semet
1850 1702 2135 1755 frustratur.

301 1795 557 1848 Adiabeni
603 1808 715 1845 cum
757 1809 1064 1861 promovere
1099 1794 1266 1846 scalas
1308 1799 1357 1845 et
1393 1793 1800 1846 machinamenta
1834 1794 2134 1862 inciperent,

419 1945 457 1986 1.
493 1945 604 1998 eufr.
638 1941 718 1984 Ma.
827 1944 870 1987 2.
911 1942 966 1984 Tu
994 1940 1117 1983 multi
1156 1942 1288 1983 uaria
1321 1939 1412 1983 Ma:
1460 1941 1494 1983 G
1526 1941 1863 1984 tumultuariam.
1966 1941 2010 1986 4.
2042 1943 2132 1999 inp.

495 2002 691 2044 harenae
721 2002 800 2044 Ma.
925 2002 968 2044 5.
1002 2002 1146 2056 syriae
1178 2000 1265 2052 Ma,
1307 2014 1394 2042 non
1427 2002 1600 2043 Suriae.
1725 2002 1768 2044 6.
1797 2000 2132 2058 praalais-etti&

775 2061 1095 2116 Tyyranocerta
1128 2059 1186 2102 G:
1220 2059 1283 2103 Ma
1303 2068 1651 2116 tyqranocertam
1683 2063 1789 2118 (non
1811 2063 2042 2120 lyranum).
2074 2062 2132 2106 ct.

685 2121 728 2163 8.
763 2121 1064 2177 maynitudini
1089 2118 1169 2162 Ma.
1263 2120 1304 2163 9.
1340 2121 1420 2162 hoc
1452 2119 1568 2173 Gula,
1600 2133 1687 2161 non
1720 2121 1843 2163 haec.
1939 2122 2005 2166 10.
2037 2135 2134 2164 am-

852 2182 920 2223 11.
954 2180 1238 2235 inherantque
1259 2178 1339 2233 ΜΗ,
1372 2192 1459 2222 non
1483 2179 1828 2236 inheserautque,
1863 2186 1909 2222 ut
1939 2187 2136 2224 narratur

806 2243 872 2283 14.
907 2252 1046 2294 eoeseq.
1081 2239 1153 2282 Or.

298 2001 381 2045 Ma.

301 2064 342 2107 7.
376 2065 564 2118 tygrane
594 2060 674 2105 Ma.

298 2128 447 2164 annot.
482 2136 519 2165 c.
555 2122 596 2164 5.

298 2182 375 2223 biit
409 2179 499 2223 Ma:
545 2180 579 2223 G
611 2181 753 2223 ambit.

297 2241 413 2296 apud
443 2240 707 2283 Bekkerum.

1265 2364 1445 2418 respicit
1485 2364 1558 2420 qui
1610 2375 1705 2406 cum
1746 2363 1985 2408 Adiabenis
2021 2360 2133 2408 'tunc

387 2363 559 2405 hostiles
590 2364 808 2418 ingressus
835 2363 1067 2419 praesidiis
1106 2364 1179 2404 in-

1263 2422 1573 2479 'l‘igrauocerta
1616 2423 1845 2466 obsidione
1890 2424 2131 2468 cinxerant.

299 2423 496 2480 tercipit:
531 2423 750 2479 ‘intellige
792 2422 890 2464 loca
940 2436 1018 2478 per
1067 2435 1178 2478 quae

299 2483 471 2539 ingredi
494 2484 765 2536 provinciam
786 2481 959 2523 soleant
977 2488 1051 2524 aut
1073 2495 1179 2536 pos-

300 2544 387 2583 sint
407 2542 569 2584 Parthi.
634 2541 740 2583 Nam
763 2541 953 2582 nondum
988 2541 1178 2598 ingressi

302 2614 355 2642 eo
389 2606 600 2654 tempore.
671 2601 937 2656 Inter-cipere
972 2603 1178 2655 exprimit

302 2660 564 2701 Graecorum
585 2659 951 2717 διαλαιιιβάνειη
970 2660 1177 2713 Polybius

303 2720 329 2761 5
362 2719 419 2761 99
451 2725 494 2760 et
512 2718 586 2760 alii
610 2731 744 2772 saepe
770 2717 823 2759 de
847 2720 1064 2773 impositis
1099 2720 1176 2760 iti-

300 2779 397 2820 neri
431 2778 662 2832 praesidiis
681 2777 889 2820 utuntur?
910 2778 1174 2821 Esses-rios.

302 2837 530 2894 Intercipit
564 2843 629 2879 est
662 2845 762 2879 ante
799 2837 980 2879 bostium
1011 2838 1175 2880 adven-

302 2904 388 2938 tum
423 2903 627 2951 occupat,
681 2898 847 2939 Graece
895 2896 1174 2956 ἀπολαμβά-

302 2971 416 2999 νειν.
502 2955 629 2997 Conf.
674 2955 866 3009 Thucyd.
909 2957 925 2998 l
971 2958 1022 2999 7:
1067 2955 1178 3006 τούς

302 3009 509 3073 ἰσθμοὺς
551 3015 901 3074 ἀπελάμβανον.
986 3015 1045 3056 lv
1091 3018 1174 3059 45:

302 3074 617 3130 οἷπολαβόνιες
652 3072 733 3119 τὸν
774 3075 849 3127 τῆς
879 3074 1175 3131 χερσονήσου

302 3132 483 3192 ἰσθμὸν
516 3134 766 3191 ἐτείχισαν.
831 3132 957 3175 Conf.
994 3147 1089 3188 cap.
1124 3135 1174 3178 9:

301 3193 543 3248 Euphratis
570 3196 712 3251 ripam
731 3193 1018 3236 crebrioribus
1039 3207 1176 3251 prae-

301 3253 423 3294 sidiis
454 3254 624 3296 insedit.

393 3311 498 3366 Cap.
519 3312 574 3354 ,4.
640 3312 800 3354 Partho
834 3312 892 3355 ad
907 3312 1175 3367 exequendas

302 3371 544 3412 obsidiones
568 3370 690 3413 nulla
714 3373 946 3414 comminus
971 3372 1172 3425 audacia,

299 3432 418 3472 raris
464 3432 630 3485 sagittis
662 3456 718 3463 —
747 3439 875 3473 semet
911 3434 1172 3485 frustratur:

301 3488 455 3530 horum
490 3491 810 3532 enuntiatorum
858 3492 976 3545 prius
1010 3492 1053 3532 in
1088 3504 1172 3547 ge-

299 3561 405 3590 nere
439 3550 627 3603 positum
661 3555 750 3602 est,
801 3555 848 3590 ut
894 3550 1170 3592 manifestum

302 3619 355 3646 ex
379 3620 560 3652 numero
580 3608 873 3650 multitudinis
904 3610 1172 3664 exequendas

301 3665 560 3721 obsidiones,
623 3668 806 3710 alterum
866 3681 942 3711 eos
991 3668 1171 3711 Parthos

1262 2482 1414 2538 Itaque
1471 2491 1530 2525 est
1592 2489 1691 2538 post
1741 2491 1900 2525 nomen
1944 2483 2134 2528 audacia

1264 2544 1469 2584 omissum
1505 2555 1713 2597 praesens
1749 2549 1816 2585 est
1848 2543 1963 2599 quod
1996 2543 2131 2600 vulgo

1262 2601 1426 2654 dicunt,
1464 2610 1651 2644 exterret
1683 2608 1726 2644 et
1743 2605 1982 2658 frustratur
1999 2614 2132 2658 prae-

1261 2662 1399 2702 sentis
1435 2661 1631 2703 historici
1664 2663 1750 2703 vim
1786 2667 1829 2703 et
1869 2667 2131 2717 potestatem

1260 2720 1343 2761 sibi
1378 2720 1616 2762 vindicant.

1321 2778 1426 2834 Cap.
1443 2780 1484 2822 5.
1503 2793 1531 2821 a
1549 2780 1864 2836 Tiqranocertis
1875 2780 2101 2836 &stantem
2115 2797 2130 2824 .·

1259 2851 1418 2881 nomen
1443 2840 1591 2893 oppidi
1613 2839 1684 2882 ubi
1715 2842 1898 2893 primum
1913 2840 2029 2896 apud
2047 2841 2132 2884 Ta-

1261 2899 1390 2939 citum
1427 2898 1527 2953 (xli
1559 2899 1638 2955 50)
1671 2904 1948 2954 memoratur,
1978 2900 2132 2944 urbes..

1260 2971 1337 3012 que
1374 2958 1679 3000 Armeniorum
1712 2958 1933 3001 Artaxata
1983 2966 2023 3002 et
2060 2960 2130 3002 Ti-

1258 3024 1525 3071 yranoccrta
1557 3018 1700 3073 iuqum
1731 3031 1952 3074 accepere,
1986 3031 2130 3075 neque

1259 3077 1436 3131 generis
1467 3089 1611 3131 neque
1634 3078 1802 3119 numeri
1835 3077 1889 3119 ab
1917 3078 2012 3132 ipso
2045 3090 2130 3132 po..

1258 3136 1328 3176 siti
1364 3141 1527 3177 certum
1552 3142 1852 3192 argumentum
1885 3136 2024 3190 adest,
2051 3137 2128 3180 sed

1258 3194 1380 3236 adest
1403 3194 1497 3236 XIV
1531 3197 1587 3238 23
1609 3195 1666 3236 ad
1697 3195 1950 3252 occupanda
1975 3196 2128 3252 Tigra-

1257 3261 1457 3306 nocerta,
1503 3255 1606 3296 item
1641 3268 1678 3296 c.
1711 3257 1770 3300 24
1805 3254 1938 3310 leqati
1975 3256 2127 3312 Tigra-

1255 3320 1436 3355 nocerta
1466 3314 1606 3366 missi,
1654 3327 1750 3356 nam
1784 3313 1828 3357 hi
1874 3314 2010 3371 legati
2046 3315 2127 3357 de·-

1256 3372 1361 3414 lecti
1397 3386 1450 3414 cx
1483 3373 1701 3415 Armeniis
1744 3386 1768 3414 a
1799 3371 2050 3416 Corbulone
2081 3373 2124 3414 in

1258 3445 1351 3473 eam
1397 3432 1546 3473 urbem
1600 3432 1655 3474 ob
1694 3431 1962 3475 deditionem
2004 3432 2124 3473 missi

1257 3497 1405 3543 erant,
1440 3497 1486 3532 ut
1519 3505 1574 3533 ex
1605 3492 1743 3533 forma
1775 3491 1962 3533 nominis
1993 3489 2124 3544 paulo

1255 3556 1355 3591 ante
1393 3553 1454 3605 (c.
1490 3551 1570 3607 23)
1602 3551 1745 3604 posita
1775 3549 2015 3605 colligitur,
2047 3548 2125 3591 sed

1255 3621 1357 3662 prae
1378 3610 1536 3651 ceteris
1555 3611 1829 3663 perspicuum
1850 3607 1928 3649 XV
1949 3606 1978 3650 6
1996 3621 2124 3650 exer-

1254 3670 1383 3711 cilum
1428 3669 1671 3712 Romanum
1728 3681 1756 3708 a
1807 3666 2124 3728 Tigranocertis
