<?xml version="1.0" encoding="UTF-8"?>
<!DOCTYPE html PUBLIC "-//W3C//DTD XHTML 1.0 Transitional//EN"
    "http://www.w3.org/TR/xhtml1/DTD/xhtml1-transitional.dtd">
<html xmlns="http://www.w3.org/1999/xhtml" xml:lang="en" lang="en">
 <head>
  <title>
</title>
<meta http-equiv="Content-Type" content="text/html;charset=utf-8" />
  <meta name='ocr-system' content='tesseract 3.04.00' />
  <meta name='ocr-capabilities' content='ocr_page ocr_carea ocr_par ocr_line ocrx_word'/>
</head>
<body>
  <div class='ocr_page' id='page_1' title='image "./operaadcodicesan01taciuoft_0554.png"; bbox 0 0 2280 4004; ppageno 0'>
   <div class='ocr_carea' id='block_1_1' title="bbox 234 271 321 319">
    <p class='ocr_par' dir='ltr' id='par_1_1' title="bbox 234 271 321 319">
     <span class='ocr_line' id='line_1_1' title="bbox 234 271 321 319; baseline 0.023 -3"><span class='ocrx_word' id='word_1_1' title='bbox 234 271 321 319; x_wconf 71' lang='lat'>104</span> 
     </span>
    </p>
   </div>
   <div class='ocr_carea' id='block_1_2' title="bbox 986 268 1279 314">
    <p class='ocr_par' dir='ltr' id='par_1_2' title="bbox 986 268 1279 314">
     <span class='ocr_line' id='line_1_2' title="bbox 986 268 1279 314; baseline 0 0"><span class='ocrx_word' id='word_1_2' title='bbox 986 268 1279 314; x_wconf 74' lang='lat' dir='ltr'>ANNALIVM</span> 
     </span>
    </p>
   </div>
   <div class='ocr_carea' id='block_1_3' title="bbox 1797 267 2054 320">
    <p class='ocr_par' dir='ltr' id='par_1_3' title="bbox 1797 267 2054 320">
     <span class='ocr_line' id='line_1_3' title="bbox 1797 267 2054 320; baseline 0.008 -2"><span class='ocrx_word' id='word_1_3' title='bbox 1797 285 1839 318; x_wconf 78' lang='lat' dir='ltr'>a.</span> <span class='ocrx_word' id='word_1_4' title='bbox 1869 268 1916 317; x_wconf 62' lang='lat' dir='ltr'>i.-</span> <span class='ocrx_word' id='word_1_5' title='bbox 1948 267 2054 320; x_wconf 65' lang='lat'>807:</span> 
     </span>
    </p>
   </div>
   <div class='ocr_carea' id='block_1_4' title="bbox 233 412 2064 664">
    <p class='ocr_par' dir='ltr' id='par_1_4' title="bbox 233 412 2064 664">
     <span class='ocr_line' id='line_1_4' title="bbox 233 412 2063 484; baseline 0.001 -15"><span class='ocrx_word' id='word_1_6' title='bbox 233 423 417 470; x_wconf 89' lang='lat' dir='ltr'>cuncta</span> <span class='ocrx_word' id='word_1_7' title='bbox 458 432 578 469; x_wconf 88' lang='lat' dir='ltr'>mox</span> <span class='ocrx_word' id='word_1_8' title='bbox 622 419 930 482; x_wconf 83' lang='lat' dir='ltr'>pernotuere</span> <span class='ocrx_word' id='word_1_9' title='bbox 965 418 1020 464; x_wconf 90' lang='lat' dir='ltr'>ut</span> <span class='ocrx_word' id='word_1_10' title='bbox 1054 418 1335 480; x_wconf 90' lang='lat' dir='ltr'>temporum</span> <span class='ocrx_word' id='word_1_11' title='bbox 1375 412 1576 466; x_wconf 87' lang='lat' dir='ltr'>illorum</span> <span class='ocrx_word' id='word_1_12' title='bbox 1619 414 1897 482; x_wconf 74' lang='lat' dir='ltr'>scriptores</span> <span class='ocrx_word' id='word_1_13' title='bbox 1933 414 2063 484; x_wconf 56' lang='lat' dir='ltr'>proni</span> 
     </span>
     <span class='ocr_line' id='line_1_5' title="bbox 235 504 2064 572; baseline 0 -12"><span class='ocrx_word' id='word_1_14' title='bbox 235 508 456 560; x_wconf 86' lang='lat' dir='ltr'>diderint</span> <span class='ocrx_word' id='word_1_15' title='bbox 493 507 712 558; x_wconf 90' lang='lat' dir='ltr'>infusum</span> <span class='ocrx_word' id='word_1_16' title='bbox 751 504 1054 559; x_wconf 86' lang='lat' dir='ltr'>delectabili·</span> <span class='ocrx_word' id='word_1_17' title='bbox 1079 505 1193 557; x_wconf 91' lang='lat' dir='ltr'>cibo</span> <span class='ocrx_word' id='word_1_18' title='bbox 1231 520 1513 572; x_wconf 90' lang='lat' dir='ltr'>venenum,</span> <span class='ocrx_word' id='word_1_19' title='bbox 1569 521 1666 559; x_wconf 90' lang='lat' dir='ltr'>nec</span> <span class='ocrx_word' id='word_1_20' title='bbox 1699 507 1801 560; x_wconf 86' lang='lat' dir='ltr'>vim</span> <span class='ocrx_word' id='word_1_21' title='bbox 1831 506 2064 560; x_wconf 86' lang='lat' dir='ltr'>mediea-</span> 
     </span>
     <span class='ocr_line' id='line_1_6' title="bbox 235 595 2061 664; baseline 0.001 -15"><span class='ocrx_word' id='word_1_22' title='bbox 235 600 382 659; x_wconf 89' lang='lat' dir='ltr'>minis</span> <span class='ocrx_word' id='word_1_23' title='bbox 430 598 599 650; x_wconf 87' lang='lat' dir='ltr'>statim</span> <span class='ocrx_word' id='word_1_24' title='bbox 646 597 983 662; x_wconf 82' lang='lat' dir='ltr'>intellectam,</span> <span class='ocrx_word' id='word_1_25' title='bbox 1039 596 1350 649; x_wconf 85' lang='lat' dir='ltr'>socordiane</span> <span class='ocrx_word' id='word_1_26' title='bbox 1388 595 1585 649; x_wconf 87' lang='lat' dir='ltr'>Claudii</span> <span class='ocrx_word' id='word_1_27' title='bbox 1639 614 1703 649; x_wconf 89' lang='lat' dir='ltr'>an</span> <span class='ocrx_word' id='word_1_28' title='bbox 1756 597 2061 664; x_wconf 84' lang='lat' dir='ltr'>vinolentia3</span> 
     </span>
    </p>
   </div>
   <div class='ocr_carea' id='block_1_5' title="bbox 235 688 1506 758">
    <p class='ocr_par' dir='ltr' id='par_1_5' title="bbox 235 688 1506 758">
     <span class='ocr_line' id='line_1_7' title="bbox 235 688 1506 758; baseline 0 -17"><span class='ocrx_word' id='word_1_29' title='bbox 235 690 383 742; x_wconf 92' lang='lat' dir='ltr'>simul</span> <span class='ocrx_word' id='word_1_30' title='bbox 425 689 588 741; x_wconf 85' lang='lat' dir='ltr'>soluta</span> <span class='ocrx_word' id='word_1_31' title='bbox 657 689 799 740; x_wconf 91' lang='lat' dir='ltr'>alvus</span> <span class='ocrx_word' id='word_1_32' title='bbox 856 689 1158 758; x_wconf 77' lang='lat' dir='ltr'>subvenisse</span> <span class='ocrx_word' id='word_1_33' title='bbox 1222 688 1506 741; x_wconf 87' lang='lat' dir='ltr'>videbatur.</span> 
     </span>
    </p>
   </div>
   <div class='ocr_carea' id='block_1_6' title="bbox 1610 690 2061 758">
    <p class='ocr_par' dir='ltr' id='par_1_6' title="bbox 1610 690 2061 758">
     <span class='ocr_line' id='line_1_8' title="bbox 1610 690 2061 758; baseline 0.004 -17"><span class='ocrx_word' id='word_1_34' title='bbox 1610 690 1769 758; x_wconf 86' lang='lat' dir='ltr'>Igitur</span> <span class='ocrx_word' id='word_1_35' title='bbox 1817 690 2061 744; x_wconf 87' lang='lat' dir='ltr'>exterrita</span> 
     </span>
    </p>
   </div>
   <div class='ocr_carea' id='block_1_7' title="bbox 198 764 2064 939">
    <p class='ocr_par' dir='ltr' id='par_1_7' title="bbox 198 764 2064 939">
     <span class='ocr_line' id='line_1_9' title="bbox 198 764 2063 849; baseline 0.001 -16"><span class='ocrx_word' id='word_1_36' title='bbox 198 781 544 849; x_wconf 75' lang='lat' dir='ltr'>5Agrippina,</span> <span class='ocrx_word' id='word_1_37' title='bbox 583 786 633 834; x_wconf 90' lang='lat' dir='ltr'>et</span> <span class='ocrx_word' id='word_1_38' title='bbox 670 780 873 848; x_wconf 89' lang='lat' dir='ltr'>quando</span> <span class='ocrx_word' id='word_1_39' title='bbox 908 780 1082 833; x_wconf 89' lang='lat' dir='ltr'>ultima</span> <span class='ocrx_word' id='word_1_40' title='bbox 1102 764 1456 846; x_wconf 57' lang='lat' dir='ltr'>timebantur,</span> <span class='ocrx_word' id='word_1_41' title='bbox 1515 786 1686 847; x_wconf 90' lang='lat' dir='ltr'>spreta</span> <span class='ocrx_word' id='word_1_42' title='bbox 1718 781 2063 848; x_wconf 87' lang='lat' dir='ltr'>praesentium</span> 
     </span>
     <span class='ocr_line' id='line_1_10' title="bbox 236 872 2064 939; baseline 0.001 -16"><span class='ocrx_word' id='word_1_43' title='bbox 236 872 457 938; x_wconf 90' lang='lat' dir='ltr'>invidia,</span> <span class='ocrx_word' id='word_1_44' title='bbox 516 873 773 939; x_wconf 89' lang='lat' dir='ltr'>provisam</span> <span class='ocrx_word' id='word_1_45' title='bbox 811 872 911 924; x_wconf 93' lang='lat' dir='ltr'>iam</span> <span class='ocrx_word' id='word_1_46' title='bbox 950 872 1049 925; x_wconf 92' lang='lat' dir='ltr'>sibi</span> <span class='ocrx_word' id='word_1_47' title='bbox 1085 872 1439 939; x_wconf 89' lang='lat' dir='ltr'>Xenophontis</span> <span class='ocrx_word' id='word_1_48' title='bbox 1475 872 1660 925; x_wconf 91' lang='lat' dir='ltr'>medici</span> <span class='ocrx_word' id='word_1_49' title='bbox 1695 873 2064 926; x_wconf 82' lang='lat' dir='ltr'>conscientiam</span> 
     </span>
    </p>
   </div>
   <div class='ocr_carea' id='block_1_8' title="bbox 234 964 456 1016">
    <p class='ocr_par' dir='ltr' id='par_1_8' title="bbox 234 964 456 1016">
     <span class='ocr_line' id='line_1_11' title="bbox 234 964 456 1016; baseline -0.009 0"><span class='ocrx_word' id='word_1_50' title='bbox 234 964 456 1016; x_wconf 83' lang='lat' dir='ltr'>adhibet.</span> 
     </span>
    </p>
   </div>
   <div class='ocr_carea' id='block_1_9' title="bbox 530 963 2064 1032">
    <p class='ocr_par' dir='ltr' id='par_1_9' title="bbox 530 963 2064 1032">
     <span class='ocr_line' id='line_1_12' title="bbox 530 963 2064 1032; baseline 0.001 -16"><span class='ocrx_word' id='word_1_51' title='bbox 530 964 642 1029; x_wconf 90' lang='lat' dir='ltr'>Ille,</span> <span class='ocrx_word' id='word_1_52' title='bbox 695 970 948 1032; x_wconf 82' lang='lat' dir='ltr'>tamquam</span> <span class='ocrx_word' id='word_1_53' title='bbox 987 964 1128 1016; x_wconf 92' lang='lat' dir='ltr'>nisus</span> <span class='ocrx_word' id='word_1_54' title='bbox 1182 964 1463 1017; x_wconf 89' lang='lat' dir='ltr'>evomentis</span> <span class='ocrx_word' id='word_1_55' title='bbox 1510 963 1801 1030; x_wconf 88' lang='lat' dir='ltr'>adiuvaret,</span> <span class='ocrx_word' id='word_1_56' title='bbox 1859 964 2064 1031; x_wconf 88' lang='lat' dir='ltr'>pinnam</span> 
     </span>
    </p>
   </div>
   <div class='ocr_carea' id='block_1_10' title="bbox 234 1049 2064 1215">
    <p class='ocr_par' dir='ltr' id='par_1_10' title="bbox 234 1049 2064 1215">
     <span class='ocr_line' id='line_1_13' title="bbox 234 1049 2064 1121; baseline 0.001 -15"><span class='ocrx_word' id='word_1_57' title='bbox 234 1055 414 1121; x_wconf 89' lang='lat' dir='ltr'>rapido</span> <span class='ocrx_word' id='word_1_58' title='bbox 452 1071 652 1108; x_wconf 89' lang='lat' dir='ltr'>veneno</span> <span class='ocrx_word' id='word_1_59' title='bbox 691 1055 882 1108; x_wconf 87' lang='lat' dir='ltr'>inlitam</span> <span class='ocrx_word' id='word_1_60' title='bbox 922 1049 1152 1108; x_wconf 83' lang='lat' dir='ltr'>faucibus</span> <span class='ocrx_word' id='word_1_61' title='bbox 1191 1057 1300 1108; x_wconf 92' lang='lat' dir='ltr'>eius</span> <span class='ocrx_word' id='word_1_62' title='bbox 1338 1055 1607 1108; x_wconf 90' lang='lat' dir='ltr'>demisisse</span> <span class='ocrx_word' id='word_1_63' title='bbox 1649 1055 1889 1121; x_wconf 89' lang='lat' dir='ltr'>creditur,</span> <span class='ocrx_word' id='word_1_64' title='bbox 1928 1055 2064 1108; x_wconf 89' lang='lat' dir='ltr'>haud</span> 
     </span>
     <span class='ocr_line' id='line_1_14' title="bbox 236 1147 2062 1215; baseline 0.001 -18"><span class='ocrx_word' id='word_1_65' title='bbox 236 1148 447 1215; x_wconf 85' lang='lat' dir='ltr'>ignarus</span> <span class='ocrx_word' id='word_1_66' title='bbox 472 1162 664 1199; x_wconf 92' lang='lat' dir='ltr'>summa</span> <span class='ocrx_word' id='word_1_67' title='bbox 689 1147 887 1201; x_wconf 86' lang='lat' dir='ltr'>scelera</span> <span class='ocrx_word' id='word_1_68' title='bbox 907 1148 1061 1215; x_wconf 88' lang='lat' dir='ltr'>incipi</span> <span class='ocrx_word' id='word_1_69' title='bbox 1088 1163 1198 1199; x_wconf 90' lang='lat' dir='ltr'>cum</span> <span class='ocrx_word' id='word_1_70' title='bbox 1221 1147 1660 1215; x_wconf 85' lang='lat' dir='ltr'>periculo‚peragi</span> <span class='ocrx_word' id='word_1_71' title='bbox 1683 1162 1794 1198; x_wconf 90' lang='lat' dir='ltr'>cum</span> <span class='ocrx_word' id='word_1_72' title='bbox 1817 1147 2062 1214; x_wconf 87' lang='lat' dir='ltr'>praemio.</span> 
     </span>
    </p>
   </div>
   <div class='ocr_carea' id='block_1_11' title="bbox 175 1238 2152 1306">
    <p class='ocr_par' dir='ltr' id='par_1_11' title="bbox 175 1238 2152 1306">
     <span class='ocr_line' id='line_1_15' title="bbox 175 1238 2152 1306; baseline -0.003 -12"><span class='ocrx_word' id='word_1_73' title='bbox 175 1257 223 1294; x_wconf 79' lang='grc' dir='ltr'>ω</span> <span class='ocrx_word' id='word_1_74' title='bbox 237 1240 529 1291; x_wconf 87' lang='lat' dir='ltr'>Vocabatur</span> <span class='ocrx_word' id='word_1_75' title='bbox 562 1239 762 1291; x_wconf 87' lang='lat' dir='ltr'>interim</span> <span class='ocrx_word' id='word_1_76' title='bbox 794 1244 1018 1306; x_wconf 89' lang='lat' dir='ltr'>senatus,</span> <span class='ocrx_word' id='word_1_77' title='bbox 1055 1245 1275 1306; x_wconf 90' lang='lat' dir='ltr'>votaque</span> <span class='ocrx_word' id='word_1_78' title='bbox 1313 1254 1406 1306; x_wconf 90' lang='lat' dir='ltr'>pro</span> <span class='ocrx_word' id='word_1_79' title='bbox 1443 1238 1786 1290; x_wconf 89' lang='lat' dir='ltr'>incolumitate</span> <span class='ocrx_word' id='word_1_80' title='bbox 1823 1238 2152 1306; x_wconf 71' lang='lat' dir='ltr'>principissss</span> 
     </span>
    </p>
   </div>
   <div class='ocr_carea' id='block_1_12' title="bbox 241 1329 2070 1398">
    <p class='ocr_par' dir='ltr' id='par_1_12' title="bbox 241 1329 2070 1398">
     <span class='ocr_line' id='line_1_16' title="bbox 241 1329 2070 1398; baseline 0 -16"><span class='ocrx_word' id='word_1_81' title='bbox 241 1330 477 1383; x_wconf 91' lang='lat' dir='ltr'>consules</span> <span class='ocrx_word' id='word_1_82' title='bbox 521 1336 570 1383; x_wconf 87' lang='lat' dir='ltr'>et</span> <span class='ocrx_word' id='word_1_83' title='bbox 594 1331 893 1384; x_wconf 86' lang='lat' dir='ltr'>sacerdotes</span> <span class='ocrx_word' id='word_1_84' title='bbox 931 1331 1303 1398; x_wconf 85' lang='lat' dir='ltr'>nuncupabant,</span> <span class='ocrx_word' id='word_1_85' title='bbox 1346 1346 1459 1382; x_wconf 86' lang='lat' dir='ltr'>cum</span> <span class='ocrx_word' id='word_1_86' title='bbox 1485 1330 1585 1382; x_wconf 88' lang='lat' dir='ltr'>iam</span> <span class='ocrx_word' id='word_1_87' title='bbox 1621 1329 1870 1383; x_wconf 85' lang='lat' dir='ltr'>exanimis</span> <span class='ocrx_word' id='word_1_88' title='bbox 1905 1330 2070 1382; x_wconf 89' lang='lat' dir='ltr'>vesti-</span> 
     </span>
    </p>
   </div>
   <div class='ocr_carea' id='block_1_13' title="bbox 239 1483 2070 1659">
    <p class='ocr_par' dir='ltr' id='par_1_13' title="bbox 239 1483 2069 1659">
     <span class='ocr_line' id='line_1_17' title="bbox 356 1483 2069 1544; baseline 0 -16"><span class='ocrx_word' id='word_1_89' title='bbox 356 1486 398 1528; x_wconf 84' lang='lat'>2.</span> <span class='ocrx_word' id='word_1_90' title='bbox 433 1484 525 1526; x_wconf 88' lang='lat' dir='ltr'>cibo</span> <span class='ocrx_word' id='word_1_91' title='bbox 548 1484 713 1527; x_wconf 71' lang='lat' dir='ltr'>editor:</span> <span class='ocrx_word' id='word_1_92' title='bbox 746 1484 814 1527; x_wconf 79' lang='lat' dir='ltr'>Ma</span> <span class='ocrx_word' id='word_1_93' title='bbox 836 1486 929 1528; x_wconf 90' lang='lat' dir='ltr'>cibo</span> <span class='ocrx_word' id='word_1_94' title='bbox 961 1485 1059 1539; x_wconf 88' lang='lat' dir='ltr'>leto,</span> <span class='ocrx_word' id='word_1_95' title='bbox 1090 1483 1123 1527; x_wconf 88' lang='lat' dir='ltr'>G</span> <span class='ocrx_word' id='word_1_96' title='bbox 1153 1485 1244 1527; x_wconf 90' lang='lat' dir='ltr'>cibo</span> <span class='ocrx_word' id='word_1_97' title='bbox 1277 1484 1523 1538; x_wconf 86' lang='lat' dir='ltr'>boletorum,</span> <span class='ocrx_word' id='word_1_98' title='bbox 1548 1483 1739 1527; x_wconf 89' lang='lat' dir='ltr'>Orellius</span> <span class='ocrx_word' id='word_1_99' title='bbox 1758 1484 1850 1527; x_wconf 86' lang='lat' dir='ltr'>cibo</span> <span class='ocrx_word' id='word_1_100' title='bbox 1874 1484 2069 1544; x_wconf 86' lang='lat' dir='ltr'>[boleto].</span> 
     </span>
     <span class='ocr_line' id='line_1_18' title="bbox 239 1543 2067 1589; baseline 0 -1"><span class='ocrx_word' id='word_1_101' title='bbox 239 1546 281 1588; x_wconf 87' lang='lat'>3.</span> <span class='ocrx_word' id='word_1_102' title='bbox 302 1544 559 1586; x_wconf 81' lang='lat' dir='ltr'>socordiane</span> <span class='ocrx_word' id='word_1_103' title='bbox 591 1559 651 1586; x_wconf 89' lang='lat' dir='ltr'>an</span> <span class='ocrx_word' id='word_1_104' title='bbox 671 1544 846 1587; x_wconf 82' lang='lat' dir='ltr'>Claudii</span> <span class='ocrx_word' id='word_1_105' title='bbox 875 1546 923 1586; x_wconf 89' lang='lat' dir='ltr'>ui</span> <span class='ocrx_word' id='word_1_106' title='bbox 953 1559 1012 1587; x_wconf 88' lang='lat' dir='ltr'>an</span> <span class='ocrx_word' id='word_1_107' title='bbox 1041 1545 1283 1587; x_wconf 67' lang='lat' dir='ltr'>vinolentia</span> <span class='ocrx_word' id='word_1_108' title='bbox 1309 1543 1401 1587; x_wconf 71' lang='lat' dir='ltr'>Ma:</span> <span class='ocrx_word' id='word_1_109' title='bbox 1435 1545 1570 1587; x_wconf 87' lang='lat' dir='ltr'>tacite</span> <span class='ocrx_word' id='word_1_110' title='bbox 1605 1545 1796 1587; x_wconf 86' lang='lat' dir='ltr'>correxit</span> <span class='ocrx_word' id='word_1_111' title='bbox 1811 1543 2067 1589; x_wconf 81' lang='lat' dir='ltr'>Rhenanus.</span> 
     </span>
     <span class='ocr_line' id='line_1_19' title="bbox 240 1602 2070 1659; baseline 0.003 -14"><span class='ocrx_word' id='word_1_112' title='bbox 240 1603 441 1645; x_wconf 86' lang='lat' dir='ltr'>socordia</span> <span class='ocrx_word' id='word_1_113' title='bbox 471 1618 525 1645; x_wconf 90' lang='lat' dir='ltr'>ne</span> <span class='ocrx_word' id='word_1_114' title='bbox 557 1618 617 1645; x_wconf 88' lang='lat' dir='ltr'>an</span> <span class='ocrx_word' id='word_1_115' title='bbox 649 1603 812 1647; x_wconf 87' lang='lat' dir='ltr'>claudii</span> <span class='ocrx_word' id='word_1_116' title='bbox 839 1604 1048 1647; x_wconf 84' lang='lat' dir='ltr'>violentia</span> <span class='ocrx_word' id='word_1_117' title='bbox 1070 1603 1118 1647; x_wconf 90' lang='lat' dir='ltr'>G.</span> <span class='ocrx_word' id='word_1_118' title='bbox 1182 1606 1223 1648; x_wconf 88' lang='grc'>7.</span> <span class='ocrx_word' id='word_1_119' title='bbox 1259 1612 1374 1659; x_wconf 86' lang='lat' dir='ltr'>tanq.</span> <span class='ocrx_word' id='word_1_120' title='bbox 1401 1603 1481 1646; x_wconf 69' lang='lat' dir='ltr'>Ma.</span> <span class='ocrx_word' id='word_1_121' title='bbox 1543 1605 1662 1646; x_wconf 88' lang='lat' dir='ltr'>nisus</span> <span class='ocrx_word' id='word_1_122' title='bbox 1692 1602 1774 1658; x_wconf 65' lang='lat' dir='ltr'>Ma,</span> <span class='ocrx_word' id='word_1_123' title='bbox 1795 1616 1884 1646; x_wconf 88' lang='lat' dir='ltr'>non</span> <span class='ocrx_word' id='word_1_124' title='bbox 1914 1606 2070 1649; x_wconf 61' lang='lat' dir='ltr'>num.</span> 
     </span>
    </p>
   </div>
   <div class='ocr_carea' id='block_1_14' title="bbox 242 1662 918 1767">
    <p class='ocr_par' dir='ltr' id='par_1_14' title="bbox 242 1662 918 1767">
     <span class='ocr_line' id='line_1_20' title="bbox 242 1662 918 1708; baseline 0.004 -4"><span class='ocrx_word' id='word_1_125' title='bbox 242 1663 451 1704; x_wconf 85' lang='lat' dir='ltr'>adiuvare</span> <span class='ocrx_word' id='word_1_126' title='bbox 483 1662 574 1705; x_wconf 74' lang='lat' dir='ltr'>Ma:</span> <span class='ocrx_word' id='word_1_127' title='bbox 609 1663 643 1707; x_wconf 93' lang='lat' dir='ltr'><strong>G</strong></span> <span class='ocrx_word' id='word_1_128' title='bbox 675 1665 918 1708; x_wconf 84' lang='lat' dir='ltr'>adiuuaret.</span> 
     </span>
     <span class='ocr_line' id='line_1_21' title="bbox 245 1722 704 1767; baseline 0 -1"><span class='ocrx_word' id='word_1_129' title='bbox 245 1724 314 1767; x_wconf 85' lang='lat'>10.</span> <span class='ocrx_word' id='word_1_130' title='bbox 348 1723 591 1766; x_wconf 88' lang='lat' dir='ltr'>uacabatur</span> <span class='ocrx_word' id='word_1_131' title='bbox 622 1722 704 1766; x_wconf 67' lang='lat' dir='ltr'>Ma.</span> 
     </span>
    </p>
   </div>
   <div class='ocr_carea' id='block_1_15' title="bbox 241 1865 1128 3710">
    <p class='ocr_par' dir='ltr' id='par_1_15' title="bbox 241 1865 1128 3710">
     <span class='ocr_line' id='line_1_22' title="bbox 351 1865 1115 1922; baseline 0.004 -14"><span class='ocrx_word' id='word_1_132' title='bbox 351 1865 456 1921; x_wconf 85' lang='lat' dir='ltr'>Cap.</span> <span class='ocrx_word' id='word_1_133' title='bbox 503 1866 575 1909; x_wconf 87' lang='lat'>67.</span> <span class='ocrx_word' id='word_1_134' title='bbox 636 1867 827 1922; x_wconf 81' lang='lat' dir='ltr'>infusum</span> <span class='ocrx_word' id='word_1_135' title='bbox 872 1867 1115 1911; x_wconf 83' lang='lat' dir='ltr'>delectabili</span> 
     </span>
     <span class='ocr_line' id='line_1_23' title="bbox 242 1926 1115 1982; baseline 0.003 -15"><span class='ocrx_word' id='word_1_136' title='bbox 242 1926 334 1968; x_wconf 89' lang='lat' dir='ltr'>cibo</span> <span class='ocrx_word' id='word_1_137' title='bbox 381 1939 615 1968; x_wconf 77' lang='lat' dir='ltr'>venenum:</span> <span class='ocrx_word' id='word_1_138' title='bbox 666 1926 947 1982; x_wconf 87' lang='lat' dir='ltr'>quotidianae</span> <span class='ocrx_word' id='word_1_139' title='bbox 995 1929 1115 1970; x_wconf 84' lang='lat' dir='ltr'>vitae</span> 
     </span>
     <span class='ocr_line' id='line_1_24' title="bbox 241 1986 1115 2044; baseline 0.002 -17"><span class='ocrx_word' id='word_1_140' title='bbox 241 1986 530 2029; x_wconf 80' lang='lat' dir='ltr'>instrumenta</span> <span class='ocrx_word' id='word_1_141' title='bbox 563 1991 606 2027; x_wconf 90' lang='lat' dir='ltr'>et</span> <span class='ocrx_word' id='word_1_142' title='bbox 639 1986 847 2029; x_wconf 89' lang='lat' dir='ltr'>alimenta</span> <span class='ocrx_word' id='word_1_143' title='bbox 887 1987 1115 2044; x_wconf 86' lang='lat' dir='ltr'>generali-</span> 
     </span>
     <span class='ocr_line' id='line_1_25' title="bbox 241 2044 1116 2104; baseline 0.001 -18"><span class='ocrx_word' id='word_1_144' title='bbox 241 2045 321 2087; x_wconf 91' lang='lat' dir='ltr'>bus</span> <span class='ocrx_word' id='word_1_145' title='bbox 354 2044 604 2087; x_wconf 89' lang='lat' dir='ltr'>nominibus</span> <span class='ocrx_word' id='word_1_146' title='bbox 628 2048 908 2104; x_wconf 84' lang='lat' dir='ltr'>consignare,</span> <span class='ocrx_word' id='word_1_147' title='bbox 942 2047 1116 2103; x_wconf 88' lang='lat' dir='ltr'>vulgari</span> 
     </span>
     <span class='ocr_line' id='line_1_26' title="bbox 243 2105 1117 2159; baseline 0.002 -14"><span class='ocrx_word' id='word_1_148' title='bbox 243 2118 324 2146; x_wconf 89' lang='lat' dir='ltr'>usu</span> <span class='ocrx_word' id='word_1_149' title='bbox 355 2106 457 2146; x_wconf 82' lang='lat' dir='ltr'>trita</span> <span class='ocrx_word' id='word_1_150' title='bbox 492 2110 535 2147; x_wconf 83' lang='lat' dir='ltr'>et</span> <span class='ocrx_word' id='word_1_151' title='bbox 559 2105 773 2159; x_wconf 87' lang='lat' dir='ltr'>specialia</span> <span class='ocrx_word' id='word_1_152' title='bbox 795 2106 1012 2149; x_wconf 89' lang='lat' dir='ltr'>vocabula</span> <span class='ocrx_word' id='word_1_153' title='bbox 1045 2107 1117 2149; x_wconf 89' lang='lat' dir='ltr'>vi-</span> 
     </span>
     <span class='ocr_line' id='line_1_27' title="bbox 242 2165 1118 2220; baseline 0.002 -14"><span class='ocrx_word' id='word_1_154' title='bbox 242 2171 335 2206; x_wconf 87' lang='lat' dir='ltr'>tare</span> <span class='ocrx_word' id='word_1_155' title='bbox 369 2165 566 2220; x_wconf 86' lang='lat' dir='ltr'>quamvis</span> <span class='ocrx_word' id='word_1_156' title='bbox 599 2165 784 2207; x_wconf 93' lang='lat' dir='ltr'>inclinet</span> <span class='ocrx_word' id='word_1_157' title='bbox 802 2165 989 2220; x_wconf 80' lang='lat' dir='ltr'>&#39;l&#39;acitus‚</span> <span class='ocrx_word' id='word_1_158' title='bbox 1023 2179 1118 2208; x_wconf 87' lang='lat' dir='ltr'>eam</span> 
     </span>
     <span class='ocr_line' id='line_1_28' title="bbox 246 2224 1119 2279; baseline 0.002 -15"><span class='ocrx_word' id='word_1_159' title='bbox 246 2230 391 2266; x_wconf 90' lang='lat' dir='ltr'>tamen</span> <span class='ocrx_word' id='word_1_160' title='bbox 427 2224 791 2267; x_wconf 86' lang='lat' dir='ltr'>consuetudinem</span> <span class='ocrx_word' id='word_1_161' title='bbox 824 2238 911 2267; x_wconf 92' lang='lat' dir='ltr'>non</span> <span class='ocrx_word' id='word_1_162' title='bbox 945 2238 1119 2279; x_wconf 86' lang='lat' dir='ltr'>semper</span> 
     </span>
     <span class='ocr_line' id='line_1_29' title="bbox 246 2283 1121 2339; baseline -0.001 -13"><span class='ocrx_word' id='word_1_163' title='bbox 246 2290 290 2326; x_wconf 90' lang='lat' dir='ltr'>et</span> <span class='ocrx_word' id='word_1_164' title='bbox 346 2283 510 2339; x_wconf 90' lang='lat' dir='ltr'>ubique</span> <span class='ocrx_word' id='word_1_165' title='bbox 557 2285 729 2326; x_wconf 87' lang='lat' dir='ltr'>tenuit:</span> <span class='ocrx_word' id='word_1_166' title='bbox 785 2285 862 2327; x_wconf 93' lang='lat' dir='ltr'>sed</span> <span class='ocrx_word' id='word_1_167' title='bbox 913 2285 958 2327; x_wconf 90' lang='lat' dir='ltr'>id</span> <span class='ocrx_word' id='word_1_168' title='bbox 1006 2285 1121 2326; x_wconf 83' lang='lat' dir='ltr'>ultra</span> 
     </span>
     <span class='ocr_line' id='line_1_30' title="bbox 245 2343 1117 2399; baseline -0.001 -14"><span class='ocrx_word' id='word_1_169' title='bbox 245 2356 418 2385; x_wconf 90' lang='lat' dir='ltr'>omnem</span> <span class='ocrx_word' id='word_1_170' title='bbox 452 2343 770 2386; x_wconf 89' lang='lat' dir='ltr'>dubitationem</span> <span class='ocrx_word' id='word_1_171' title='bbox 811 2346 1000 2399; x_wconf 82' lang='lat' dir='ltr'>positum</span> <span class='ocrx_word' id='word_1_172' title='bbox 1037 2350 1117 2398; x_wconf 86' lang='lat' dir='ltr'>est,</span> 
     </span>
     <span class='ocr_line' id='line_1_31' title="bbox 244 2404 1119 2459; baseline 0.001 -15"><span class='ocrx_word' id='word_1_173' title='bbox 244 2415 405 2444; x_wconf 89' lang='lat' dir='ltr'>nomen</span> <span class='ocrx_word' id='word_1_174' title='bbox 459 2404 636 2459; x_wconf 85' lang='lat' dir='ltr'>generis</span> <span class='ocrx_word' id='word_1_175' title='bbox 680 2410 723 2446; x_wconf 93' lang='lat' dir='ltr'>et</span> <span class='ocrx_word' id='word_1_176' title='bbox 764 2405 932 2458; x_wconf 87' lang='lat' dir='ltr'>speciei</span> <span class='ocrx_word' id='word_1_177' title='bbox 972 2405 1016 2445; x_wconf 91' lang='lat' dir='ltr'>in</span> <span class='ocrx_word' id='word_1_178' title='bbox 1065 2405 1119 2445; x_wconf 89' lang='lat' dir='ltr'>iis</span> 
     </span>
     <span class='ocr_line' id='line_1_32' title="bbox 245 2462 1120 2519; baseline 0.002 -16"><span class='ocrx_word' id='word_1_179' title='bbox 245 2462 375 2504; x_wconf 90' lang='lat' dir='ltr'>rebus</span> <span class='ocrx_word' id='word_1_180' title='bbox 409 2463 532 2519; x_wconf 89' lang='lat' dir='ltr'>iungi</span> <span class='ocrx_word' id='word_1_181' title='bbox 565 2476 651 2504; x_wconf 90' lang='lat' dir='ltr'>non</span> <span class='ocrx_word' id='word_1_182' title='bbox 694 2463 868 2507; x_wconf 88' lang='lat' dir='ltr'>decere.</span> <span class='ocrx_word' id='word_1_183' title='bbox 932 2463 1120 2505; x_wconf 88' lang='lat' dir='ltr'>Primum</span> 
     </span>
     <span class='ocr_line' id='line_1_33' title="bbox 248 2522 1119 2579; baseline 0.002 -16"><span class='ocrx_word' id='word_1_184' title='bbox 248 2522 384 2578; x_wconf 84' lang='lat' dir='ltr'>igitur</span> <span class='ocrx_word' id='word_1_185' title='bbox 416 2522 590 2577; x_wconf 88' lang='lat' dir='ltr'>signum</span> <span class='ocrx_word' id='word_1_186' title='bbox 625 2522 817 2579; x_wconf 86' lang='lat' dir='ltr'>glossam</span> <span class='ocrx_word' id='word_1_187' title='bbox 853 2536 951 2566; x_wconf 89' lang='lat' dir='ltr'>esse</span> <span class='ocrx_word' id='word_1_188' title='bbox 984 2523 1119 2565; x_wconf 84' lang='lat' dir='ltr'>boleto</span> 
     </span>
     <span class='ocr_line' id='line_1_34' title="bbox 249 2581 1120 2637; baseline 0.001 -15"><span class='ocrx_word' id='word_1_189' title='bbox 249 2583 367 2637; x_wconf 82' lang='lat' dir='ltr'>(eius</span> <span class='ocrx_word' id='word_1_190' title='bbox 409 2582 547 2635; x_wconf 84' lang='lat' dir='ltr'>prima</span> <span class='ocrx_word' id='word_1_191' title='bbox 591 2582 763 2635; x_wconf 83' lang='lat' dir='ltr'>syllaba</span> <span class='ocrx_word' id='word_1_192' title='bbox 807 2584 852 2623; x_wconf 91' lang='lat' dir='ltr'>in</span> <span class='ocrx_word' id='word_1_193' title='bbox 895 2581 962 2623; x_wconf 86' lang='lat' dir='ltr'>Ma</span> <span class='ocrx_word' id='word_1_194' title='bbox 992 2588 1120 2624; x_wconf 86' lang='lat' dir='ltr'>ante-</span> 
     </span>
     <span class='ocr_line' id='line_1_35' title="bbox 248 2640 1118 2698; baseline 0.001 -19"><span class='ocrx_word' id='word_1_195' title='bbox 248 2651 399 2696; x_wconf 85' lang='lat' dir='ltr'>gresso</span> <span class='ocrx_word' id='word_1_196' title='bbox 442 2640 662 2682; x_wconf 88' lang='lat' dir='ltr'>vocabulo</span> <span class='ocrx_word' id='word_1_197' title='bbox 709 2641 802 2682; x_wconf 88' lang='lat' dir='ltr'>cibo</span> <span class='ocrx_word' id='word_1_198' title='bbox 842 2641 997 2682; x_wconf 87' lang='lat' dir='ltr'>hausta</span> <span class='ocrx_word' id='word_1_199' title='bbox 1029 2646 1118 2698; x_wconf 90' lang='lat' dir='ltr'>est)</span> 
     </span>
     <span class='ocr_line' id='line_1_36' title="bbox 248 2699 1114 2754; baseline 0.002 -15"><span class='ocrx_word' id='word_1_200' title='bbox 248 2699 462 2754; x_wconf 87' lang='lat' dir='ltr'>praebent</span> <span class='ocrx_word' id='word_1_201' title='bbox 512 2699 647 2740; x_wconf 86' lang='lat' dir='ltr'>verba</span> <span class='ocrx_word' id='word_1_202' title='bbox 699 2699 944 2741; x_wconf 85' lang='lat' dir='ltr'>delectabili</span> <span class='ocrx_word' id='word_1_203' title='bbox 993 2700 1083 2741; x_wconf 91' lang='lat' dir='ltr'>cibo</span> <span class='ocrx_word' id='word_1_204' title='bbox 1098 2715 1114 2753; x_wconf 82' lang='lat'>,-</span> 
     </span>
     <span class='ocr_line' id='line_1_37' title="bbox 250 2758 1121 2815; baseline 0 -15"><span class='ocrx_word' id='word_1_205' title='bbox 250 2758 436 2800; x_wconf 81' lang='lat' dir='ltr'>alterum</span> <span class='ocrx_word' id='word_1_206' title='bbox 455 2770 543 2799; x_wconf 92' lang='lat' dir='ltr'>non</span> <span class='ocrx_word' id='word_1_207' title='bbox 560 2759 703 2800; x_wconf 90' lang='lat' dir='ltr'>minus</span> <span class='ocrx_word' id='word_1_208' title='bbox 720 2758 990 2800; x_wconf 90' lang='lat' dir='ltr'>luculentum</span> <span class='ocrx_word' id='word_1_209' title='bbox 1011 2772 1121 2815; x_wconf 90' lang='lat' dir='ltr'>sug-</span> 
     </span>
     <span class='ocr_line' id='line_1_38' title="bbox 251 2818 1119 2874; baseline 0.001 -15"><span class='ocrx_word' id='word_1_210' title='bbox 251 2819 366 2874; x_wconf 88' lang='lat' dir='ltr'>gerit</span> <span class='ocrx_word' id='word_1_211' title='bbox 417 2830 624 2860; x_wconf 89' lang='lat' dir='ltr'>numerus</span> <span class='ocrx_word' id='word_1_212' title='bbox 672 2818 907 2874; x_wconf 87' lang='lat' dir='ltr'>singularis</span> <span class='ocrx_word' id='word_1_213' title='bbox 956 2818 1119 2860; x_wconf 84' lang='lat' dir='ltr'>boleto:</span> 
     </span>
     <span class='ocr_line' id='line_1_39' title="bbox 249 2875 1122 2920; baseline -0.001 -1"><span class='ocrx_word' id='word_1_214' title='bbox 249 2890 348 2919; x_wconf 88' lang='lat' dir='ltr'>nam</span> <span class='ocrx_word' id='word_1_215' title='bbox 395 2875 470 2919; x_wconf 87' lang='lat' dir='ltr'>uhi</span> <span class='ocrx_word' id='word_1_216' title='bbox 518 2876 572 2918; x_wconf 91' lang='lat' dir='ltr'>de</span> <span class='ocrx_word' id='word_1_217' title='bbox 615 2876 712 2919; x_wconf 90' lang='lat' dir='ltr'>cibo</span> <span class='ocrx_word' id='word_1_218' title='bbox 756 2883 799 2919; x_wconf 92' lang='lat' dir='ltr'>et</span> <span class='ocrx_word' id='word_1_219' title='bbox 839 2877 1009 2920; x_wconf 84' lang='lat' dir='ltr'>ferculo</span> <span class='ocrx_word' id='word_1_220' title='bbox 1050 2877 1122 2920; x_wconf 92' lang='lat' dir='ltr'>lo-</span> 
     </span>
     <span class='ocr_line' id='line_1_40' title="bbox 252 2936 1122 2991; baseline 0 -13"><span class='ocrx_word' id='word_1_221' title='bbox 252 2941 441 2991; x_wconf 87' lang='lat' dir='ltr'>quuntur</span> <span class='ocrx_word' id='word_1_222' title='bbox 457 2936 617 2989; x_wconf 86' lang='lat' dir='ltr'>Latini,</span> <span class='ocrx_word' id='word_1_223' title='bbox 651 2936 808 2979; x_wconf 86' lang='lat' dir='ltr'>boletos</span> <span class='ocrx_word' id='word_1_224' title='bbox 841 2937 1005 2990; x_wconf 86' lang='lat' dir='ltr'>dicunt,</span> <span class='ocrx_word' id='word_1_225' title='bbox 1034 2949 1122 2978; x_wconf 90' lang='lat' dir='ltr'>non</span> 
     </span>
     <span class='ocr_line' id='line_1_41' title="bbox 252 2994 1124 3052; baseline 0.001 -15"><span class='ocrx_word' id='word_1_226' title='bbox 252 2995 445 3038; x_wconf 87' lang='lat' dir='ltr'>boletum.</span> <span class='ocrx_word' id='word_1_227' title='bbox 509 2994 661 3050; x_wconf 85' lang='lat' dir='ltr'>Neque</span> <span class='ocrx_word' id='word_1_228' title='bbox 705 2996 982 3052; x_wconf 83' lang='lat' dir='ltr'>redarguitur</span> <span class='ocrx_word' id='word_1_229' title='bbox 1013 2996 1124 3038; x_wconf 89' lang='lat' dir='ltr'>haec</span> 
     </span>
     <span class='ocr_line' id='line_1_42' title="bbox 253 3054 1125 3110; baseline -0.001 -13"><span class='ocrx_word' id='word_1_230' title='bbox 253 3054 505 3097; x_wconf 87' lang='lat' dir='ltr'>observatio</span> <span class='ocrx_word' id='word_1_231' title='bbox 525 3055 705 3098; x_wconf 88' lang='lat' dir='ltr'>Sueton</span> <span class='ocrx_word' id='word_1_232' title='bbox 727 3054 878 3097; x_wconf 86' lang='lat' dir='ltr'>Claud.</span> <span class='ocrx_word' id='word_1_233' title='bbox 902 3059 985 3099; x_wconf 85' lang='lat'>44:</span> <span class='ocrx_word' id='word_1_234' title='bbox 1015 3068 1125 3110; x_wconf 84' lang='lat' dir='ltr'>quae</span> 
     </span>
     <span class='ocr_line' id='line_1_43' title="bbox 254 3114 1124 3174; baseline 0.001 -18"><span class='ocrx_word' id='word_1_235' title='bbox 254 3114 545 3171; x_wconf 82' lang='lat' dir='ltr'>(Agrippina)</span> <span class='ocrx_word' id='word_1_236' title='bbox 572 3114 751 3156; x_wconf 84' lang='lat' dir='ltr'>boletum</span> <span class='ocrx_word' id='word_1_237' title='bbox 772 3115 1027 3156; x_wconf 87' lang='lat' dir='ltr'>medicatum</span> <span class='ocrx_word' id='word_1_238' title='bbox 1038 3116 1124 3174; x_wconf 89' lang='lat' dir='ltr'>(ei-</span> 
     </span>
     <span class='ocr_line' id='line_1_44' title="bbox 253 3173 1125 3229; baseline 0.001 -14"><span class='ocrx_word' id='word_1_239' title='bbox 253 3188 339 3216; x_wconf 90' lang='lat' dir='ltr'>nen</span> <span class='ocrx_word' id='word_1_240' title='bbox 370 3175 624 3229; x_wconf 73' lang='lat' dir='ltr'>verqifteten</span> <span class='ocrx_word' id='word_1_241' title='bbox 651 3173 756 3227; x_wconf 79' lang='lat' dir='ltr'>Pilz)</span> <span class='ocrx_word' id='word_1_242' title='bbox 789 3174 1033 3217; x_wconf 84' lang='lat' dir='ltr'>avidissimo</span> <span class='ocrx_word' id='word_1_243' title='bbox 1058 3175 1125 3216; x_wconf 88' lang='lat' dir='ltr'>ci-</span> 
     </span>
     <span class='ocr_line' id='line_1_45' title="bbox 256 3232 1126 3277; baseline 0.001 -2"><span class='ocrx_word' id='word_1_244' title='bbox 256 3234 403 3275; x_wconf 86' lang='lat' dir='ltr'>borum</span> <span class='ocrx_word' id='word_1_245' title='bbox 461 3232 612 3275; x_wconf 84' lang='lat' dir='ltr'>talium</span> <span class='ocrx_word' id='word_1_246' title='bbox 659 3233 892 3276; x_wconf 86' lang='lat' dir='ltr'>obtulerat:</span> <span class='ocrx_word' id='word_1_247' title='bbox 952 3234 1126 3277; x_wconf 87' lang='lat' dir='ltr'>scilicet</span> 
     </span>
     <span class='ocr_line' id='line_1_46' title="bbox 255 3292 1126 3348; baseline 0.001 -14"><span class='ocrx_word' id='word_1_248' title='bbox 255 3293 499 3348; x_wconf 85' lang='lat' dir='ltr'>Agrippina</span> <span class='ocrx_word' id='word_1_249' title='bbox 540 3306 595 3334; x_wconf 88' lang='lat' dir='ltr'>ex</span> <span class='ocrx_word' id='word_1_250' title='bbox 635 3292 726 3334; x_wconf 90' lang='lat' dir='ltr'>cibo</span> <span class='ocrx_word' id='word_1_251' title='bbox 760 3293 992 3335; x_wconf 86' lang='lat' dir='ltr'>boletorum</span> <span class='ocrx_word' id='word_1_252' title='bbox 1022 3299 1126 3336; x_wconf 84' lang='lat' dir='ltr'>tunc</span> 
     </span>
     <span class='ocr_line' id='line_1_47' title="bbox 258 3351 1126 3410; baseline 0.003 -18"><span class='ocrx_word' id='word_1_253' title='bbox 258 3358 431 3406; x_wconf 87' lang='lat' dir='ltr'>parato,</span> <span class='ocrx_word' id='word_1_254' title='bbox 480 3351 595 3393; x_wconf 89' lang='lat' dir='ltr'>unde</span> <span class='ocrx_word' id='word_1_255' title='bbox 644 3352 741 3406; x_wconf 87' lang='lat' dir='ltr'>ipsa</span> <span class='ocrx_word' id='word_1_256' title='bbox 786 3366 881 3394; x_wconf 88' lang='lat' dir='ltr'>cum</span> <span class='ocrx_word' id='word_1_257' title='bbox 935 3355 1126 3410; x_wconf 90' lang='lat' dir='ltr'>coniuge</span> 
     </span>
     <span class='ocr_line' id='line_1_48' title="bbox 258 3410 1126 3467; baseline 0.002 -15"><span class='ocrx_word' id='word_1_258' title='bbox 258 3410 431 3463; x_wconf 90' lang='lat' dir='ltr'>edebat,</span> <span class='ocrx_word' id='word_1_259' title='bbox 443 3423 575 3451; x_wconf 90' lang='lat' dir='ltr'>unum</span> <span class='ocrx_word' id='word_1_260' title='bbox 590 3411 807 3467; x_wconf 89' lang='lat' dir='ltr'>insignem</span> <span class='ocrx_word' id='word_1_261' title='bbox 826 3413 1126 3467; x_wconf 86' lang='lat' dir='ltr'>magnitudine</span> 
     </span>
     <span class='ocr_line' id='line_1_49' title="bbox 259 3469 1125 3523; baseline 0.003 -13"><span class='ocrx_word' id='word_1_262' title='bbox 259 3476 302 3510; x_wconf 87' lang='lat' dir='ltr'>et</span> <span class='ocrx_word' id='word_1_263' title='bbox 345 3482 518 3511; x_wconf 87' lang='lat' dir='ltr'>veneno</span> <span class='ocrx_word' id='word_1_264' title='bbox 557 3470 782 3523; x_wconf 85' lang='lat' dir='ltr'>perfusum</span> <span class='ocrx_word' id='word_1_265' title='bbox 827 3469 1009 3513; x_wconf 88' lang='lat' dir='ltr'>Claudio</span> <span class='ocrx_word' id='word_1_266' title='bbox 1043 3472 1125 3513; x_wconf 85' lang='lat' dir='ltr'>ob-</span> 
     </span>
     <span class='ocr_line' id='line_1_50' title="bbox 258 3527 1127 3590; baseline 0.007 -22"><span class='ocrx_word' id='word_1_267' title='bbox 258 3528 390 3581; x_wconf 80' lang='lat' dir='ltr'>tulit3</span> <span class='ocrx_word' id='word_1_268' title='bbox 436 3527 520 3570; x_wconf 92' lang='lat' dir='ltr'>Dio</span> <span class='ocrx_word' id='word_1_269' title='bbox 553 3528 626 3570; x_wconf 86' lang='lat' dir='ltr'>LX</span> <span class='ocrx_word' id='word_1_270' title='bbox 657 3530 740 3572; x_wconf 86' lang='grc'>34.</span> <span class='ocrx_word' id='word_1_271' title='bbox 785 3531 1044 3590; x_wconf 81' lang='grc' dir='ltr'><em>φάρμακόν</em></span> <span class='ocrx_word' id='word_1_272' title='bbox 1083 3547 1127 3574; x_wconf 87' lang='grc' dir='ltr'>τι</span> 
     </span>
     <span class='ocr_line' id='line_1_51' title="bbox 260 3586 1128 3644; baseline 0.009 -17"><span class='ocrx_word' id='word_1_273' title='bbox 260 3586 475 3644; x_wconf 78' lang='grc' dir='ltr'><em>ἄφυκτον</em></span> <span class='ocrx_word' id='word_1_274' title='bbox 524 3593 1020 3644; x_wconf 77' lang='grc' dir='ltr'><strong><em>προκατασκευάσασα</em></strong></span> <span class='ocrx_word' id='word_1_275' title='bbox 1083 3593 1128 3642; x_wconf 81' lang='grc' dir='ltr'>ἔς</span> 
     </span>
     <span class='ocr_line' id='line_1_52' title="bbox 259 3647 1127 3710; baseline 0.007 -22"><span class='ocrx_word' id='word_1_276' title='bbox 259 3660 364 3689; x_wconf 79' lang='grc' dir='ltr'><em>τινα</em></span> <span class='ocrx_word' id='word_1_277' title='bbox 409 3647 500 3694; x_wconf 79' lang='grc' dir='ltr'>τῶν</span> <span class='ocrx_word' id='word_1_278' title='bbox 554 3648 859 3708; x_wconf 74' lang='grc' dir='ltr'><em>καλουμένων</em></span> <span class='ocrx_word' id='word_1_279' title='bbox 908 3649 1127 3710; x_wconf 75' lang='grc' dir='ltr'><em>μυκήτων</em></span> 
     </span>
    </p>
   </div>
   <div class='ocr_carea' id='block_1_16' title="bbox 1026 1663 2070 1721">
    <p class='ocr_par' dir='ltr' id='par_1_16' title="bbox 1026 1663 2070 1721">
     <span class='ocr_line' id='line_1_53' title="bbox 1026 1663 2070 1721; baseline 0 -13"><span class='ocrx_word' id='word_1_280' title='bbox 1026 1665 1067 1708; x_wconf 91' lang='grc'>9.</span> <span class='ocrx_word' id='word_1_281' title='bbox 1103 1670 1203 1720; x_wconf 91' lang='lat' dir='ltr'>post</span> <span class='ocrx_word' id='word_1_282' title='bbox 1234 1677 1276 1708; x_wconf 90' lang='lat' dir='ltr'>v.</span> <span class='ocrx_word' id='word_1_283' title='bbox 1312 1665 1449 1721; x_wconf 80' lang='lat' dir='ltr'>incipi</span> <span class='ocrx_word' id='word_1_284' title='bbox 1481 1676 1606 1706; x_wconf 89' lang='lat' dir='ltr'>erasa</span> <span class='ocrx_word' id='word_1_285' title='bbox 1638 1669 1704 1707; x_wconf 85' lang='lat' dir='ltr'>est</span> <span class='ocrx_word' id='word_1_286' title='bbox 1733 1663 1881 1707; x_wconf 88' lang='lat' dir='ltr'>littera</span> <span class='ocrx_word' id='word_1_287' title='bbox 1911 1665 1958 1708; x_wconf 88' lang='lat' dir='ltr'>in</span> <span class='ocrx_word' id='word_1_288' title='bbox 1988 1663 2070 1708; x_wconf 60' lang='lat' dir='ltr'>Ma.</span> 
     </span>
    </p>
   </div>
   <div class='ocr_carea' id='block_1_17' title="bbox 1199 1860 2080 3702">
    <p class='ocr_par' dir='ltr' id='par_1_17' title="bbox 1200 1860 2080 3702">
     <span class='ocr_line' id='line_1_54' title="bbox 1200 1860 2072 1925; baseline 0.006 -18"><span class='ocrx_word' id='word_1_289' title='bbox 1200 1865 1498 1925; x_wconf 87' lang='lat' dir='ltr'>(boletorum)</span> <span class='ocrx_word' id='word_1_290' title='bbox 1558 1868 1770 1925; x_wconf 74' lang='grc' dir='ltr'>ἐνέβαλε·</span> <span class='ocrx_word' id='word_1_291' title='bbox 1829 1869 1910 1912; x_wconf 77' lang='grc' dir='ltr'>καὶ</span> <span class='ocrx_word' id='word_1_292' title='bbox 1953 1860 2072 1922; x_wconf 72' lang='lat' dir='ltr'>aun}</span> 
     </span>
     <span class='ocr_line' id='line_1_55' title="bbox 1199 1926 2076 1985; baseline 0.003 -15.01"><span class='ocrx_word' id='word_1_293' title='bbox 1199 1927 1289 1985; x_wconf 77' lang='grc' dir='ltr'>μὲν</span> <span class='ocrx_word' id='word_1_294' title='bbox 1313 1928 1363 1971; x_wconf 76' lang='grc' dir='ltr'>ἐκ</span> <span class='ocrx_word' id='word_1_295' title='bbox 1388 1932 1481 1972; x_wconf 76' lang='grc' dir='ltr'>τῶν</span> <span class='ocrx_word' id='word_1_296' title='bbox 1506 1926 1652 1973; x_wconf 73' lang='grc' dir='ltr'><em>ἄλλων</em></span> <span class='ocrx_word' id='word_1_297' title='bbox 1675 1926 1863 1982; x_wconf 69' lang='grc' dir='ltr'><em>ἤσθιεν,</em></span> <span class='ocrx_word' id='word_1_298' title='bbox 1893 1929 2076 1974; x_wconf 72' lang='grc' dir='ltr'><em>ἐκεῖνον</em></span> 
     </span>
     <span class='ocr_line' id='line_1_56' title="bbox 1199 1972 2078 2055; baseline 0.005 -26.018"><span class='ocrx_word' id='word_1_299' title='bbox 1199 1972 1253 2030; x_wconf 75' lang='grc' dir='ltr'>δὲ</span> <span class='ocrx_word' id='word_1_300' title='bbox 1289 1987 1338 2030; x_wconf 80' lang='grc' dir='ltr'>ἐκ</span> <span class='ocrx_word' id='word_1_301' title='bbox 1374 1989 1458 2055; x_wconf 39' lang='grc' dir='ltr'>,τοῦ</span> <span class='ocrx_word' id='word_1_302' title='bbox 1501 1984 1552 2032; x_wconf 75' lang='grc' dir='ltr'>τὸ</span> <span class='ocrx_word' id='word_1_303' title='bbox 1588 1987 1849 2047; x_wconf 73' lang='grc' dir='ltr'><em>φᾶρμακον</em></span> <span class='ocrx_word' id='word_1_304' title='bbox 1891 1990 2078 2044; x_wconf 76' lang='grc' dir='ltr'><em>ἔχονιος</em></span> 
     </span>
     <span class='ocr_line' id='line_1_57' title="bbox 1202 2041 2078 2106; baseline 0.005 -18"><span class='ocrx_word' id='word_1_305' title='bbox 1202 2049 1300 2099; x_wconf 84' lang='grc' dir='ltr'>(καὶ</span> <span class='ocrx_word' id='word_1_306' title='bbox 1327 2041 1420 2104; x_wconf 77' lang='grc' dir='ltr'>γὰρ</span> <span class='ocrx_word' id='word_1_307' title='bbox 1453 2050 1679 2106; x_wconf 77' lang='grc' dir='ltr'><strong><em>μέγιστος</em></strong></span> <span class='ocrx_word' id='word_1_308' title='bbox 1720 2051 1801 2091; x_wconf 70' lang='grc' dir='ltr'>καὶ</span> <span class='ocrx_word' id='word_1_309' title='bbox 1837 2048 2078 2098; x_wconf 76' lang='grc' dir='ltr'><strong><em>κάλλιστος</em></strong></span> 
     </span>
     <span class='ocr_line' id='line_1_58' title="bbox 1204 2102 2076 2164; baseline -0.002 -16"><span class='ocrx_word' id='word_1_310' title='bbox 1204 2102 1278 2163; x_wconf 80' lang='grc' dir='ltr'>ἦν)</span> <span class='ocrx_word' id='word_1_311' title='bbox 1315 2113 1494 2164; x_wconf 75' lang='grc' dir='ltr'><em>φαγεῖν</em></span> <span class='ocrx_word' id='word_1_312' title='bbox 1525 2108 1729 2161; x_wconf 74' lang='grc' dir='ltr'>ἐποίησε.</span> <span class='ocrx_word' id='word_1_313' title='bbox 1775 2106 1974 2150; x_wconf 89' lang='lat' dir='ltr'>Eundem</span> <span class='ocrx_word' id='word_1_314' title='bbox 1993 2107 2076 2150; x_wconf 85' lang='lat' dir='ltr'>de..</span> 
     </span>
     <span class='ocr_line' id='line_1_59' title="bbox 1202 2165 2077 2211; baseline 0.005 -5"><span class='ocrx_word' id='word_1_315' title='bbox 1202 2171 1327 2206; x_wconf 85' lang='lat' dir='ltr'>notat</span> <span class='ocrx_word' id='word_1_316' title='bbox 1361 2165 1569 2208; x_wconf 83' lang='lat' dir='ltr'>Martialis</span> <span class='ocrx_word' id='word_1_317' title='bbox 1600 2167 1620 2208; x_wconf 88' lang='lat'><em>1</em></span> <span class='ocrx_word' id='word_1_318' title='bbox 1651 2168 1705 2210; x_wconf 89' lang='grc'>21</span> <span class='ocrx_word' id='word_1_319' title='bbox 1739 2168 1768 2211; x_wconf 92' lang='grc'><strong>2</strong></span> <span class='ocrx_word' id='word_1_320' title='bbox 1800 2172 1844 2209; x_wconf 88' lang='lat' dir='ltr'>et</span> <span class='ocrx_word' id='word_1_321' title='bbox 1872 2168 1931 2210; x_wconf 89' lang='lat'>4:</span> <span class='ocrx_word' id='word_1_322' title='bbox 1961 2167 2077 2210; x_wconf 83' lang='lat' dir='ltr'>solus</span> 
     </span>
     <span class='ocr_line' id='line_1_60' title="bbox 1204 2224 2078 2279; baseline 0.002 -13"><span class='ocrx_word' id='word_1_323' title='bbox 1204 2224 1376 2277; x_wconf 83' lang='lat' dir='ltr'>boletos,</span> <span class='ocrx_word' id='word_1_324' title='bbox 1402 2225 1667 2279; x_wconf 85' lang='lat' dir='ltr'>Caeciliane,</span> <span class='ocrx_word' id='word_1_325' title='bbox 1700 2239 1858 2268; x_wconf 82' lang='lat' dir='ltr'>voras:</span> <span class='ocrx_word' id='word_1_326' title='bbox 1895 2225 2078 2269; x_wconf 83' lang='lat' dir='ltr'>boletum</span> 
     </span>
     <span class='ocr_line' id='line_1_61' title="bbox 1208 2284 2076 2342; baseline 0.003 -17"><span class='ocrx_word' id='word_1_327' title='bbox 1208 2286 1354 2339; x_wconf 89' lang='lat' dir='ltr'>(einen</span> <span class='ocrx_word' id='word_1_328' title='bbox 1387 2284 1493 2342; x_wconf 75' lang='lat' dir='ltr'>Pilz.)</span> <span class='ocrx_word' id='word_1_329' title='bbox 1534 2285 1701 2340; x_wconf 87' lang='lat' dir='ltr'>qualem</span> <span class='ocrx_word' id='word_1_330' title='bbox 1735 2285 1942 2333; x_wconf 80' lang='lat' dir='ltr'>Claudius</span> <span class='ocrx_word' id='word_1_331' title='bbox 1975 2285 2076 2340; x_wconf 78' lang='lat' dir='ltr'>edit,</span> 
     </span>
     <span class='ocr_line' id='line_1_62' title="bbox 1205 2343 2077 2396; baseline 0.002 -11"><span class='ocrx_word' id='word_1_332' title='bbox 1205 2343 1336 2396; x_wconf 80' lang='lat' dir='ltr'>edas3</span> <span class='ocrx_word' id='word_1_333' title='bbox 1383 2343 1605 2387; x_wconf 89' lang='lat' dir='ltr'>luvenalis</span> <span class='ocrx_word' id='word_1_334' title='bbox 1663 2345 1699 2387; x_wconf 90' lang='lat' dir='ltr'>V</span> <span class='ocrx_word' id='word_1_335' title='bbox 1749 2345 1858 2389; x_wconf 85' lang='lat'>147:</span> <span class='ocrx_word' id='word_1_336' title='bbox 1923 2344 2077 2387; x_wconf 80' lang='lat' dir='ltr'>vilibus</span> 
     </span>
     <span class='ocr_line' id='line_1_63' title="bbox 1203 2404 2075 2461; baseline 0.002 -17"><span class='ocrx_word' id='word_1_337' title='bbox 1203 2404 1413 2459; x_wconf 80' lang='lat' dir='ltr'>ancipites</span> <span class='ocrx_word' id='word_1_338' title='bbox 1466 2406 1591 2460; x_wconf 72' lang='lat' dir='ltr'>sunqi</span> <span class='ocrx_word' id='word_1_339' title='bbox 1637 2411 1853 2461; x_wconf 81' lang='lat' dir='ltr'>ponentur</span> <span class='ocrx_word' id='word_1_340' title='bbox 1907 2405 2075 2457; x_wconf 84' lang='lat' dir='ltr'>amicis,</span> 
     </span>
     <span class='ocr_line' id='line_1_64' title="bbox 1203 2462 2077 2522; baseline 0.001 -19"><span class='ocrx_word' id='word_1_341' title='bbox 1203 2462 1363 2504; x_wconf 83' lang='lat' dir='ltr'>boletus</span> <span class='ocrx_word' id='word_1_342' title='bbox 1403 2462 1571 2505; x_wconf 80' lang='lat' dir='ltr'>domino</span> <span class='ocrx_word' id='word_1_343' title='bbox 1619 2465 1710 2522; x_wconf 82' lang='lat' dir='ltr'>(ein</span> <span class='ocrx_word' id='word_1_344' title='bbox 1744 2463 1834 2505; x_wconf 74' lang='lat' dir='ltr'>Pilz</span> <span class='ocrx_word' id='word_1_345' title='bbox 1877 2465 1952 2518; x_wconf 70' lang='lat' dir='ltr'>[ur</span> <span class='ocrx_word' id='word_1_346' title='bbox 1993 2463 2077 2506; x_wconf 83' lang='lat' dir='ltr'>den</span> 
     </span>
     <span class='ocr_line' id='line_1_65' title="bbox 1205 2523 2076 2578; baseline 0.003 -16"><span class='ocrx_word' id='word_1_347' title='bbox 1205 2523 1396 2578; x_wconf 87' lang='lat' dir='ltr'>Herrn),</span> <span class='ocrx_word' id='word_1_348' title='bbox 1439 2523 1513 2564; x_wconf 87' lang='lat' dir='ltr'>sed</span> <span class='ocrx_word' id='word_1_349' title='bbox 1555 2523 1701 2578; x_wconf 83' lang='lat' dir='ltr'>quales</span> <span class='ocrx_word' id='word_1_350' title='bbox 1744 2523 1952 2564; x_wconf 81' lang='lat' dir='ltr'>Claudius</span> <span class='ocrx_word' id='word_1_351' title='bbox 1990 2523 2076 2565; x_wconf 75' lang='lat' dir='ltr'>edit</span> 
     </span>
     <span class='ocr_line' id='line_1_66' title="bbox 1205 2581 2078 2638; baseline 0.001 -17"><span class='ocrx_word' id='word_1_352' title='bbox 1205 2588 1304 2622; x_wconf 87' lang='lat' dir='ltr'>ante</span> <span class='ocrx_word' id='word_1_353' title='bbox 1343 2581 1463 2622; x_wconf 87' lang='lat' dir='ltr'>illum</span> <span class='ocrx_word' id='word_1_354' title='bbox 1504 2585 1679 2635; x_wconf 70' lang='lat' dir='ltr'>umoris,</span> <span class='ocrx_word' id='word_1_355' title='bbox 1722 2589 1818 2638; x_wconf 84' lang='lat' dir='ltr'>post</span> <span class='ocrx_word' id='word_1_356' title='bbox 1858 2595 1980 2637; x_wconf 80' lang='lat' dir='ltr'>quem</span> <span class='ocrx_word' id='word_1_357' title='bbox 2010 2581 2078 2624; x_wconf 84' lang='lat' dir='ltr'>nil</span> 
     </span>
     <span class='ocr_line' id='line_1_67' title="bbox 1205 2639 2075 2697; baseline 0.002 -17"><span class='ocrx_word' id='word_1_358' title='bbox 1205 2639 1386 2695; x_wconf 83' lang='lat' dir='ltr'>amplius</span> <span class='ocrx_word' id='word_1_359' title='bbox 1419 2641 1527 2693; x_wconf 85' lang='lat' dir='ltr'>edit,·</span> <span class='ocrx_word' id='word_1_360' title='bbox 1563 2642 1620 2683; x_wconf 80' lang='lat' dir='ltr'>Vt</span> <span class='ocrx_word' id='word_1_361' title='bbox 1653 2642 1766 2684; x_wconf 85' lang='lat'>620:</span> <span class='ocrx_word' id='word_1_362' title='bbox 1799 2643 1938 2683; x_wconf 84' lang='lat' dir='ltr'>minus</span> <span class='ocrx_word' id='word_1_363' title='bbox 1973 2654 2075 2697; x_wconf 72' lang='lat' dir='ltr'>erqo</span> 
     </span>
     <span class='ocr_line' id='line_1_68' title="bbox 1203 2700 2075 2757; baseline 0.003 -18"><span class='ocrx_word' id='word_1_364' title='bbox 1203 2712 1363 2741; x_wconf 87' lang='lat' dir='ltr'>nocens</span> <span class='ocrx_word' id='word_1_365' title='bbox 1395 2701 1477 2741; x_wconf 87' lang='lat' dir='ltr'>erit</span> <span class='ocrx_word' id='word_1_366' title='bbox 1508 2700 1776 2757; x_wconf 74' lang='lat' dir='ltr'>Aqrippinae</span> <span class='ocrx_word' id='word_1_367' title='bbox 1807 2700 1979 2753; x_wconf 79' lang='lat' dir='ltr'>boletus,</span> <span class='ocrx_word' id='word_1_368' title='bbox 2010 2701 2075 2742; x_wconf 81' lang='lat' dir='ltr'>si-</span> 
     </span>
     <span class='ocr_line' id='line_1_69' title="bbox 1205 2757 2077 2817; baseline 0.002 -18"><span class='ocrx_word' id='word_1_369' title='bbox 1205 2758 1371 2812; x_wconf 83' lang='lat' dir='ltr'>quidem</span> <span class='ocrx_word' id='word_1_370' title='bbox 1391 2760 1518 2801; x_wconf 87' lang='lat' dir='ltr'>unius</span> <span class='ocrx_word' id='word_1_371' title='bbox 1533 2759 1799 2816; x_wconf 80' lang='lat' dir='ltr'>praecordia</span> <span class='ocrx_word' id='word_1_372' title='bbox 1823 2759 1980 2817; x_wconf 77' lang='lat' dir='ltr'>pressit</span> <span class='ocrx_word' id='word_1_373' title='bbox 2001 2757 2077 2802; x_wconf 78' lang='lat' dir='ltr'>ille</span> 
     </span>
     <span class='ocr_line' id='line_1_70' title="bbox 1204 2818 2078 2876; baseline 0.001 -17"><span class='ocrx_word' id='word_1_374' title='bbox 1204 2818 1318 2859; x_wconf 84' lang='lat' dir='ltr'>senis</span> <span class='ocrx_word' id='word_1_375' title='bbox 1339 2819 1642 2874; x_wconf 85' lang='lat' dir='ltr'>tremulumque</span> <span class='ocrx_word' id='word_1_376' title='bbox 1668 2825 1796 2876; x_wconf 87' lang='lat' dir='ltr'>caput</span> <span class='ocrx_word' id='word_1_377' title='bbox 1819 2818 2078 2861; x_wconf 79' lang='lat' dir='ltr'>descendere</span> 
     </span>
     <span class='ocr_line' id='line_1_71' title="bbox 1206 2877 2080 2935; baseline 0.001 -16"><span class='ocrx_word' id='word_1_378' title='bbox 1206 2877 1330 2935; x_wconf 87' lang='lat' dir='ltr'>(lege</span> <span class='ocrx_word' id='word_1_379' title='bbox 1372 2878 1617 2934; x_wconf 86' lang='lat' dir='ltr'>escendere)</span> <span class='ocrx_word' id='word_1_380' title='bbox 1656 2879 1781 2921; x_wconf 85' lang='lat' dir='ltr'>iussit</span> <span class='ocrx_word' id='word_1_381' title='bbox 1827 2878 1877 2920; x_wconf 80' lang='lat' dir='ltr'>in</span> <span class='ocrx_word' id='word_1_382' title='bbox 1916 2877 2080 2922; x_wconf 75' lang='lat' dir='ltr'>coelum</span> 
     </span>
     <span class='ocr_line' id='line_1_72' title="bbox 1208 2936 2076 2993; baseline 0.003 -16"><span class='ocrx_word' id='word_1_383' title='bbox 1208 2943 1247 2978; x_wconf 89' lang='lat' dir='ltr'>et</span> <span class='ocrx_word' id='word_1_384' title='bbox 1291 2936 1423 2993; x_wconf 75' lang='lat' dir='ltr'>lonqa</span> <span class='ocrx_word' id='word_1_385' title='bbox 1471 2939 1700 2980; x_wconf 86' lang='lat' dir='ltr'>manantia</span> <span class='ocrx_word' id='word_1_386' title='bbox 1749 2937 1876 2980; x_wconf 86' lang='lat' dir='ltr'>labra</span> <span class='ocrx_word' id='word_1_387' title='bbox 1920 2937 2076 2980; x_wconf 80' lang='lat' dir='ltr'>saliva.</span> 
     </span>
     <span class='ocr_line' id='line_1_73' title="bbox 1210 2995 2077 3053; baseline 0.002 -17"><span class='ocrx_word' id='word_1_388' title='bbox 1210 2995 1371 3038; x_wconf 87' lang='lat' dir='ltr'>Contra</span> <span class='ocrx_word' id='word_1_389' title='bbox 1403 2997 1505 3053; x_wconf 89' lang='lat' dir='ltr'>lege</span> <span class='ocrx_word' id='word_1_390' title='bbox 1538 2997 1717 3040; x_wconf 89' lang='lat' dir='ltr'>Sueton.</span> <span class='ocrx_word' id='word_1_391' title='bbox 1748 2997 1850 3041; x_wconf 86' lang='lat' dir='ltr'>Ner.</span> <span class='ocrx_word' id='word_1_392' title='bbox 1883 2998 1966 3041; x_wconf 85' lang='lat'>33:</span> <span class='ocrx_word' id='word_1_393' title='bbox 1999 2997 2077 3039; x_wconf 88' lang='lat' dir='ltr'>bo-</span> 
     </span>
     <span class='ocr_line' id='line_1_74' title="bbox 1208 3054 2079 3112; baseline 0.002 -16"><span class='ocrx_word' id='word_1_394' title='bbox 1208 3054 1336 3108; x_wconf 86' lang='lat' dir='ltr'>letos,</span> <span class='ocrx_word' id='word_1_395' title='bbox 1378 3056 1426 3097; x_wconf 87' lang='lat' dir='ltr'>in</span> <span class='ocrx_word' id='word_1_396' title='bbox 1458 3070 1536 3111; x_wconf 84' lang='lat' dir='ltr'>quo</span> <span class='ocrx_word' id='word_1_397' title='bbox 1570 3057 1655 3099; x_wconf 86' lang='lat' dir='ltr'>cibi</span> <span class='ocrx_word' id='word_1_398' title='bbox 1682 3070 1841 3112; x_wconf 66' lang='lat' dir='ltr'>genere</span> <span class='ocrx_word' id='word_1_399' title='bbox 1870 3069 2079 3099; x_wconf 76' lang='lat' dir='ltr'>venenum</span> 
     </span>
     <span class='ocr_line' id='line_1_75' title="bbox 1207 3114 2080 3172; baseline 0.002 -17"><span class='ocrx_word' id='word_1_400' title='bbox 1207 3115 1244 3156; x_wconf 85' lang='lat' dir='ltr'>is</span> <span class='ocrx_word' id='word_1_401' title='bbox 1263 3114 1519 3172; x_wconf 89' lang='lat' dir='ltr'>(Claudius)</span> <span class='ocrx_word' id='word_1_402' title='bbox 1553 3122 1797 3172; x_wconf 82' lang='lat' dir='ltr'>acceperat,</span> <span class='ocrx_word' id='word_1_403' title='bbox 1828 3116 1953 3171; x_wconf 83' lang='lat' dir='ltr'>quasi</span> <span class='ocrx_word' id='word_1_404' title='bbox 1972 3115 2080 3157; x_wconf 86' lang='lat' dir='ltr'>deo-</span> 
     </span>
     <span class='ocr_line' id='line_1_76' title="bbox 1208 3174 2076 3232; baseline 0.006 -18"><span class='ocrx_word' id='word_1_405' title='bbox 1208 3187 1303 3215; x_wconf 86' lang='lat' dir='ltr'>rum</span> <span class='ocrx_word' id='word_1_406' title='bbox 1334 3174 1471 3216; x_wconf 88' lang='lat' dir='ltr'>cibum</span> <span class='ocrx_word' id='word_1_407' title='bbox 1489 3175 1765 3229; x_wconf 84' lang='lat' dir='ltr'>(collaudare</span> <span class='ocrx_word' id='word_1_408' title='bbox 1785 3175 1942 3218; x_wconf 86' lang='lat' dir='ltr'>solitus</span> <span class='ocrx_word' id='word_1_409' title='bbox 1969 3180 2076 3232; x_wconf 86' lang='lat' dir='ltr'>est).</span> 
     </span>
     <span class='ocr_line' id='line_1_77' title="bbox 1208 3232 2080 3289; baseline 0.003 -15"><span class='ocrx_word' id='word_1_410' title='bbox 1208 3232 1375 3275; x_wconf 88' lang='lat' dir='ltr'>Plinius</span> <span class='ocrx_word' id='word_1_411' title='bbox 1417 3233 1532 3275; x_wconf 82' lang='lat' dir='ltr'>XXII</span> <span class='ocrx_word' id='word_1_412' title='bbox 1580 3235 1664 3278; x_wconf 82' lang='lat'>46:</span> <span class='ocrx_word' id='word_1_413' title='bbox 1714 3235 1829 3276; x_wconf 87' lang='lat' dir='ltr'>inter</span> <span class='ocrx_word' id='word_1_414' title='bbox 1870 3248 1924 3282; x_wconf 84' lang='lat' dir='ltr'>ea</span> <span class='ocrx_word' id='word_1_415' title='bbox 1971 3248 2080 3289; x_wconf 83' lang='lat' dir='ltr'>quae</span> 
     </span>
     <span class='ocr_line' id='line_1_78' title="bbox 1210 3293 2077 3336; baseline 0 -2"><span class='ocrx_word' id='word_1_416' title='bbox 1210 3300 1365 3335; x_wconf 87' lang='lat' dir='ltr'>temere</span> <span class='ocrx_word' id='word_1_417' title='bbox 1396 3293 1659 3336; x_wconf 88' lang='lat' dir='ltr'>manduntur</span> <span class='ocrx_word' id='word_1_418' title='bbox 1685 3301 1725 3336; x_wconf 90' lang='lat' dir='ltr'>et</span> <span class='ocrx_word' id='word_1_419' title='bbox 1746 3293 1902 3336; x_wconf 88' lang='lat' dir='ltr'>boletos</span> <span class='ocrx_word' id='word_1_420' title='bbox 1927 3294 2077 3335; x_wconf 81' lang='lat' dir='ltr'>merito</span> 
     </span>
     <span class='ocr_line' id='line_1_79' title="bbox 1205 3352 2076 3410; baseline 0 -16"><span class='ocrx_word' id='word_1_421' title='bbox 1205 3354 1445 3409; x_wconf 82' lang='lat' dir='ltr'>posuerim,</span> <span class='ocrx_word' id='word_1_422' title='bbox 1488 3355 1635 3410; x_wconf 81' lang='lat' dir='ltr'>optimi</span> <span class='ocrx_word' id='word_1_423' title='bbox 1674 3353 1839 3408; x_wconf 83' lang='lat' dir='ltr'>quidem</span> <span class='ocrx_word' id='word_1_424' title='bbox 1869 3353 1946 3395; x_wconf 75' lang='lat' dir='ltr'>hos</span> <span class='ocrx_word' id='word_1_425' title='bbox 1976 3352 2076 3404; x_wconf 76' lang='lat' dir='ltr'>cibi,</span> 
     </span>
     <span class='ocr_line' id='line_1_80' title="bbox 1209 3411 2077 3468; baseline -0.002 -15"><span class='ocrx_word' id='word_1_426' title='bbox 1209 3412 1283 3453; x_wconf 89' lang='lat' dir='ltr'>sed</span> <span class='ocrx_word' id='word_1_427' title='bbox 1325 3413 1526 3454; x_wconf 85' lang='lat' dir='ltr'>immenso</span> <span class='ocrx_word' id='word_1_428' title='bbox 1575 3412 1764 3468; x_wconf 73' lang='lat' dir='ltr'>exemplo</span> <span class='ocrx_word' id='word_1_429' title='bbox 1816 3413 1863 3454; x_wconf 80' lang='lat' dir='ltr'>in</span> <span class='ocrx_word' id='word_1_430' title='bbox 1915 3411 2077 3452; x_wconf 76' lang='lat' dir='ltr'>crimen</span> 
     </span>
     <span class='ocr_line' id='line_1_81' title="bbox 1210 3468 2076 3525; baseline -0.003 -13"><span class='ocrx_word' id='word_1_431' title='bbox 1210 3471 1438 3525; x_wconf 85' lang='lat' dir='ltr'>adductos,</span> <span class='ocrx_word' id='word_1_432' title='bbox 1482 3486 1645 3514; x_wconf 86' lang='lat' dir='ltr'>veneno</span> <span class='ocrx_word' id='word_1_433' title='bbox 1691 3471 1854 3513; x_wconf 79' lang='lat' dir='ltr'>Tiberio</span> <span class='ocrx_word' id='word_1_434' title='bbox 1895 3468 2076 3511; x_wconf 81' lang='lat' dir='ltr'>Claudio</span> 
     </span>
     <span class='ocr_line' id='line_1_82' title="bbox 1207 3529 2078 3587; baseline -0.002 -16"><span class='ocrx_word' id='word_1_435' title='bbox 1207 3532 1400 3587; x_wconf 82' lang='lat' dir='ltr'>principi</span> <span class='ocrx_word' id='word_1_436' title='bbox 1440 3545 1522 3587; x_wconf 78' lang='lat' dir='ltr'>per</span> <span class='ocrx_word' id='word_1_437' title='bbox 1566 3531 1681 3573; x_wconf 81' lang='lat' dir='ltr'>hanc</span> <span class='ocrx_word' id='word_1_438' title='bbox 1732 3529 1999 3571; x_wconf 82' lang='lat' dir='ltr'>occasionem</span> <span class='ocrx_word' id='word_1_439' title='bbox 2047 3541 2078 3569; x_wconf 87' lang='lat' dir='ltr'>a</span> 
     </span>
     <span class='ocr_line' id='line_1_83' title="bbox 1212 3586 2076 3692; baseline -0.005 -60"><span class='ocrx_word' id='word_1_440' title='bbox 1212 3591 1391 3646; x_wconf 74' lang='lat' dir='ltr'>coniuqe</span> <span class='ocrx_word' id='word_1_441' title='bbox 1410 3590 1655 3692; x_wconf 62' lang='lat' dir='ltr'>Aqrifpina</span> <span class='ocrx_word' id='word_1_442' title='bbox 1681 3589 1795 3632; x_wconf 85' lang='lat' dir='ltr'>dato:</span> <span class='ocrx_word' id='word_1_443' title='bbox 1844 3586 1997 3630; x_wconf 84' lang='lat' dir='ltr'>Glossa</span> <span class='ocrx_word' id='word_1_444' title='bbox 2021 3600 2076 3629; x_wconf 90' lang='lat' dir='ltr'>ex</span> 
     </span>
     <span class='ocr_line' id='line_1_84' title="bbox 1211 3647 2073 3702; baseline -0.007 -8"><span class='ocrx_word' id='word_1_445' title='bbox 1211 3650 1423 3695; x_wconf 87' lang='lat' dir='ltr'>Suetonio</span> <span class='ocrx_word' id='word_1_446' title='bbox 1455 3662 1510 3693; x_wconf 90' lang='lat' dir='ltr'>ve</span> <span class='ocrx_word' id='word_1_447' title='bbox 1558 3647 1767 3693; x_wconf 82' lang='lat' dir='ltr'>Iuvenale</span> <span class='ocrx_word' id='word_1_448' title='bbox 1798 3651 1967 3702; x_wconf 84' lang='lat' dir='ltr'>sumpta</span> <span class='ocrx_word' id='word_1_449' title='bbox 1991 3651 2073 3692; x_wconf 83' lang='lat' dir='ltr'>est.</span> 
     </span>
    </p>
   </div>
  </div>
 </body>
</html>
