2280 4004
279 282 379 330 ‘148
988 291 990 293 ’
1032 283 1338 330 ,ΔΝΝΑΙΛἿΜ
1855 303 1897 335 a.
1923 289 1974 336 ἡ.
1989 288 2110 337 ‚81ss

283 429 427 481 socia
461 427 720 493 Romanis,
762 427 876 480 avia
909 427 1185 482 Armeniae
1218 429 1558 483 incursarunt.
1631 431 1704 484 Ita
1741 432 1956 486 consilia
1975 433 2111 486 Tiri-:-

284 521 388 573 dati
443 521 495 571 in
533 519 840 572 contrarium
877 521 1176 587 vertebant,
1246 522 1573 590 mittebatque
1624 528 1858 578 oratores
1893 525 1978 592 qui
2007 539 2109 579 suo

280 611 677 678 Parthorumque
709 612 917 665 nomine
950 613 1345 680 expostularent,
1373 630 1463 666 cur
1497 615 1627 668 datis
1651 631 1813 683 nuper
1848 616 2110 670 obsidibus

279 702 728 771 redintegrataque
768 705 1020 771 amicitia,
1052 721 1181 775 quae
1217 707 1366 759 novis
1407 721 1607 774 quoque
1643 708 1907 761 beneficiis
1941 708 2109 762 locum

240 806 264 844 5
281 794 518 860 aperiret,
546 799 722 848 vetere
750 796 1025 850 Armeniae
1054 799 1387 864 possessione
1411 799 1765 866 depelleretur.
1822 800 1944 854 Ideo
1975 814 2111 854 non-

279 886 396 938 dum
438 887 601 954 ipsum
641 888 936 957 Vologesen
973 896 1293 956 commotum,
1331 891 1447 958 quia
1487 906 1641 944 causa
1682 906 1829 958 quam
1866 892 1918 944 vi
1950 901 2110 962 agere

275 978 498 1031 mallent.
573 980 661 1034 Sin
699 985 1012 1047 perstaretur
1045 982 1096 1032 in
1131 982 1295 1048 bello,
1344 997 1448 1034 non
1485 983 1663 1036 defore
1698 984 1967 1038 Arsacidis
1997 984 2110 1038 vir-

285 1074 441 1123 tutem
504 1072 858 1140 fortunamque
916 1075 1118 1141 saepius
1177 1074 1277 1127 iam
1347 1075 1492 1129 clade
1543 1077 1768 1129 Romana
1829 1081 2105 1144 expertam.

275 1162 358 1214 Ad
401 1178 461 1216 ea
498 1163 748 1231 CorbuIO,
800 1165 923 1217 satis
965 1171 1223 1232 comperto
1259 1166 1552 1235 Vologesen
1586 1167 1876 1221 defectione
1908 1169 2108 1236 Hyrca-

213 1253 393 1306 10niae
448 1256 681 1321 attineri,
742 1256 923 1308 suadet
973 1257 1182 1308 Tiridati
1235 1258 1474 1324 precibus
1532 1259 1803 1312 Caesarem
1859 1259 2105 1328 adgredi:

273 1360 429 1413 posse
478 1347 550 1398 illi
594 1363 809 1415 regnum
854 1348 1035 1400 stabile
1085 1354 1134 1400 et
1182 1364 1267 1401 res
1318 1349 1614 1402 incruentas
1669 1352 2000 1420 contingere,
2059 1351 2106 1404 si

275 1438 464 1490 omissa
504 1454 594 1505 spe
634 1439 913 1507 longinqua
945 1444 995 1492 et
1033 1455 1149 1492 sera
1188 1446 1508 1507 praesentem
1534 1442 1886 1510 potioremque
1918 1456 2110 1510 seque-

272 1533 428 1581 retur.
501 1529 739 1582 Placitum
782 1530 997 1596 dehinc,
1037 1531 1152 1597 quia
1191 1533 1591 1585 commeantibus
1629 1534 1681 1584 in
1716 1534 1883 1587 vicem
1919 1533 2192 1587 nuntii838

276 1619 404 1671 nihil
442 1620 494 1670 in
526 1636 769 1673 summam
802 1622 943 1688 pacis
969 1622 1342 1689 proficiebatur,
1374 1623 1630 1691 colloquio
1667 1625 1891 1692 ipsorum
1912 1629 2107 1694 tempus

208 1712 541 1780 1⁵locumque
575 1713 836 1765 destinari.
908 1714 1043 1768 Mille
1068 1715 1285 1781 equitum
1312 1716 1621 1782 praesidium
1647 1717 1897 1771 Tiridates
1923 1717 2110 1771 ¹adfore

270 1804 370 1856 sibi
416 1804 651 1856 dicebat:
713 1810 948 1872 quantum
1002 1806 1280 1858 Corbuloni
1333 1808 1579 1874 cuiusque
1631 1809 1840 1877 generis
1893 1809 2102 1862 militum

271 1895 560 1962 adsisteret,
600 1911 703 1948 non
746 1902 1000 1964 statuere,
1050 1897 1165 1949 dum
1208 1899 1388 1965 positis
1427 1899 1603 1952 loricis
1644 1905 1694 1953 et
1730 1901 1894 1971 galeis
1930 1903 1985 1955 in
2023 1904 2107 1957 fa-

272 1987 402 2039 ciem
452 1988 595 2054 pacis
644 1989 921 2041 veniretur.
999 1990 1307 2057 Cuicumque
1351 1992 1663 2059 mortalium,
1721 1993 1907 2047 nedum
1943 1997 2106 2049 veteri

272 2082 320 2129 et
347 2079 565 2145 provido
607 2079 741 2145 duci,
774 2081 1027 2132 barbarae
1066 2082 1279 2134 astutiae
1312 2083 1609 2149 patuissent,
1638 2084 1769 2137 ideo¹
1791 2091 1952 2139 artum
1987 2086 2108 2140 inde

201 2180 536 2222 mnumerum
577 2170 712 2222 finiri
748 2175 798 2222 et
835 2171 955 2224 hinc
997 2173 1240 2225 maiorem
1281 2173 1484 2240 offerri,
1540 2180 1594 2226 ut
1631 2176 1777 2230 dolus
1814 2184 2106 2245 pararetur:

268 2276 384 2313 nam
423 2262 577 2329 equiti
615 2263 914 2330 sagittarum
959 2280 1055 2316 usu
1089 2265 1315 2317 exercito
1352 2266 1396 2318 si
1439 2267 1636 2319 detecta
1671 2283 1887 2337 corpora
1925 2271 2107 2325 obice-

266 2359 458 2420 rentur,
496 2354 620 2405 nihil
653 2355 967 2421 prosuturam
1000 2356 1381 2410 multitudinem.
1459 2358 1785 2414 Dissimulato
1819 2366 1987 2416 tamen
2023 2363 2108 2415 in-

389 2528 428 2569 1.
462 2526 745 2568 incur-sarum
783 2526 950 2569 editor:
985 2526 1160 2570 codices
1190 2528 1443 2573 incursavit.
1535 2531 1704 2574 ritidaei
1721 2529 1802 2574 Ma.
1893 2533 1936 2576 2.
1960 2538 2105 2576 verte-

267 2585 370 2626 bant
401 2584 467 2627 Ma
499 2588 606 2642 (non
639 2586 952 2640 vertebantur).
1049 2589 1092 2630 4.
1130 2588 1250 2629 nobis
1280 2588 1363 2632 Ma.
1458 2588 1499 2632 6.
1533 2590 1734 2646 uoloqese
1764 2589 1831 2633 Ma
1863 2589 1906 2634 h.
1936 2591 1969 2636 l.
2059 2593 2101 2636 7.

265 2644 444 2687 mallent
474 2644 555 2697 Ma,
591 2643 624 2686 G
654 2645 813 2687 mallet.
908 2646 948 2688 9.
983 2649 1193 2700 yrcaniae
1226 2646 1306 2689 Ma.
1402 2649 1469 2692 10.
1507 2649 1661 2704 ficibus
1692 2647 1774 2693 Ma.
1867 2664 1992 2708 aqqr.
2028 2649 2101 2694 Or.

271 2704 341 2746 14.
374 2703 512 2745 nichil
542 2702 625 2747 Ma.
733 2718 937 2746 summam
969 2704 1186 2747 Faernus:
1220 2705 1286 2748 Ma
1319 2720 1414 2748 cum
1450 2709 1612 2750 ceteris
1643 2723 1820 2752 summa.
1923 2711 1992 2754 15.
2025 2711 2100 2768 aff.

267 2761 340 2805 Or.
373 2762 491 2806 idem
527 2763 595 2806 17.
630 2776 714 2805 ass.
843 2764 910 2807 18.
955 2765 1159 2820 cuiciique
1190 2764 1271 2808 Ma.
1395 2767 1465 2811 20.
1502 2769 1653 2824 offerri
1685 2781 1781 2811 cum
1811 2767 1851 2811 A
1880 2768 2102 2826 Ryckius:

263 2820 333 2864 Ma
365 2834 462 2865 cum
496 2824 654 2865 ceteris
687 2823 854 2880 afferri.
948 2826 1019 2869 21.
1054 2826 1204 2880 equitis
1233 2838 1283 2880 pr
1315 2824 1394 2868 Ma.
1486 2829 1558 2871 22.
1591 2827 1728 2870 nichil
1756 2826 1838 2872 Ma.

334 2965 643 3006 incursurum.-
679 2966 794 3020 quod
814 2966 989 3008 codices
1012 2979 1143 3021 prae-

263 3022 370 3066 bent
412 3024 680 3076 incursavit,
740 3026 972 3068 manifesto
1031 3027 1141 3067 vitio

263 3082 455 3137 laborat,
491 3089 535 3126 et
568 3085 872 3139 interpositum
906 3100 1010 3141 qens
1041 3093 1141 3127 aitte

264 3143 378 3185 alias
409 3144 530 3185 socia
567 3145 777 3186 Romanis
821 3145 874 3186 ad
905 3145 1138 3187 vindican-

265 3202 365 3243 dum
398 3215 623 3245 numerum
653 3203 920 3260 singularem
940 3204 1137 3246 adhiberi

263 3261 390 3303 nullo
424 3261 551 3303 modo
583 3268 755 3316 potest:
799 3265 960 3306 etenim
1008 3277 1139 3319 aper-

266 3326 356 3362 tum
378 3323 589 3363 enuntiati
608 3322 852 3365 subiectum
876 3329 941 3365 est
956 3324 1139 3377 Moschi,

267 3381 389 3435 iique
422 3387 526 3422 tunc
556 3382 738 3436 primum
772 3382 911 3424 illecti
936 3384 1034 3425 avia
1055 3384 1142 3425 Ar-

265 3440 444 3481 meniae
475 3441 770 3486 incursurum.
839 3442 963 3494 Quod
1004 3444 1144 3484 inter-

268 3499 431 3540 iectum
466 3506 561 3552 est,
605 3514 708 3555 qens
750 3508 850 3543 ante
883 3502 995 3543 alias
1024 3503 1144 3544 socia

261 3558 496 3611 Romanis,
529 3558 572 3600 id
604 3572 683 3613 per
714 3573 761 3602 se
797 3567 967 3603 constat
998 3574 1142 3617 neque

263 3627 498 3658 numerum
541 3618 665 3659 verbi
709 3619 761 3659 ad
807 3620 1007 3662 Mose-hos
1037 3634 1142 3676 per-

261 3674 449 3720 tinentis
481 3682 629 3734 potest
653 3676 847 3725 afficere.
883 3679 1017 3739 Origo
1042 3680 1141 3727 vitii

1228 2968 1468 3011 inem-savit
1501 2969 1670 3012 duobus
1709 2970 1850 3013 modis
1888 2968 2100 3024 explicari

1228 3034 1398 3081 potest:
1431 3043 1527 3070 nam
1548 3030 1691 3071 scriba
1713 3035 1787 3071 aut
1803 3029 2102 3085 imprudenter

1227 3089 1424 3139 proximo
1483 3090 1649 3129 nomini
1704 3091 1868 3146 (qens)
1918 3088 2101 3132 sormam

1226 3147 1348 3188 verbi
1374 3147 1741 3201 accommodavit,
1774 3155 1849 3190 aut
1878 3149 1923 3190 in
1957 3147 2101 3206 ἆρχε-

1227 3206 1356 3263 τὺπῳ
1398 3207 1510 3249 libro
1558 3208 1673 3262 quod
1707 3214 1799 3250 erat
1828 3206 2101 3251 INCVRSA-

1225 3265 1345 3315 RVN
1382 3268 1453 3321 (=
1488 3267 1790 3324 incur-samm)
1823 3267 1936 3310 falso
1967 3279 2101 3310 acce-

1227 3325 1292 3379 pit
1343 3337 1420 3379 pro
1467 3324 1822 3371 lchRSAvrr.
1884 3326 1930 3370 Si
1973 3329 2099 3369 erunt

1232 3385 1303 3439 qui
1340 3386 1495 3426 vitium
1514 3398 1601 3427 non
1626 3386 1801 3428 dubium
1826 3383 2097 3429 attractionis

1230 3445 1408 3486 nomine
1443 3447 1554 3486 tueri
1589 3458 1637 3487 se
1674 3458 1804 3500 posse
1827 3449 1994 3499 putent,
2019 3453 2095 3485 eos

1228 3502 1362 3544 velim
1409 3510 1587 3559 rogatos
1645 3511 1692 3545 ut
1745 3511 1846 3547 ante
1891 3501 1996 3558 quid
2039 3501 2097 3543 sit

1228 3563 1428 3604 attractio
1461 3576 1610 3605 secum
1632 3568 1850 3618 reputent,
1872 3566 1946 3604 aut
1971 3560 2095 3603 locos

1227 3621 1359 3677 plane
1391 3622 1559 3665 similes
1592 3636 1647 3665 ex
1677 3622 1826 3664 Tacito
1856 3619 2095 3675 proferant.

1323 3679 1427 3738 Cap.
1471 3681 1544 3726 38.
1613 3683 1661 3726 in
1699 3693 1904 3726 summam
1935 3680 2094 3742 pacist
