2280 4004
192 277 300 328 [fl.
336 280 440 326 126...
805 281 1052 326 LIBER=112
1114 281 1237 326 cavi.
1260 283 1387 328 1-2.
1954 287 2020 331 87

146 429 193 476 1.
333 422 548 475 Sisenna
586 422 783 476 Statilio
824 423 980 474 Lucio
1022 424 1215 475 Libone
1271 423 1563 475 consulibus
1620 427 1755 476 mota
1795 425 2017 478 Orientis

190 530 354 582 regna
390 515 789 580 provinciaeque
824 516 1111 579 Romanae,
1149 515 1293 566 initio
1333 515 1462 581 apud
1500 515 1711 566 Parthos
1750 521 1891 581 orte,
1933 518 2018 583 qui

193 606 399 672 petit-um
439 607 596 658 Roma
646 610 1010 671 acceptumque
1058 621 1258 672 regem,
1326 606 1553 672 quamvis
1599 607 1767 674 gentis
1803 608 2022 659 Arsaci-

189 697 399 760 darum,
450 700 503 746 ut
538 701 798 747 externum
837 697 1253 762 aspernabantur.
1327 698 1374 748 ls
1413 697 1505 748 suit
1543 699 1812 762 VononeS,
1863 699 2017 750 obses

191 785 426 854 Augusto
460 786 605 838 datus
643 803 671 838 a
698 787 924 838 Phraate.
997 789 1121 839 Nam
1146 788 1382 840 Phraates
1417 804 1713 855 quamquam
1743 789 2055 856 depulissets

195 878 448 930 exercitus
486 877 743 943 ducesque
777 879 1066 943 Romanos,
1132 884 1310 929 cuncta
1349 880 1697 931 venerantium
1742 880 1909 931 officia
1952 881 2017 931 ad

190 967 474 1035 Augustum
508 974 746 1033 verterat,
785 975 1076 1036 partemque
1114 971 1273 1036 prolis
1313 970 1880 1043 {Pillffndfiflflmissififlss
1920 973 2020 1024 mi-
2052 963 2275 1038 ‘³³13'g'3f*

189 1064 347 1124 serat,
370 1058 506 1120 haud,
538 1060 749 1126 perinde
778 1062 939 1114 nostri
966 1066 1100 1112 metu
1136 1076 1282 1127 quam
1314 1061 1431 1135 fidei
1460 1062 1774 1128 popularium
1801 1051 2158 1115 diffisus.⁶*“'³'.'
2258 1046 2280 1073 ³²

145 1149 316 1203 aeost,
339 1150 490 1204 finem
522 1150 748 1203 Phraatis
791 1157 840 1203 et
874 1153 1188 1218 sequentium
1225 1167 1403 1219 regum
1460 1153 1524 1203 ob
1566 1153 1791 1205 internas
1829 1154 2017 1206 caedes

193 1255 380 1293 venere
429 1241 695 1293 iri-urbem
750 1242 906 1309 lega-ti
954 1259 984 1293 a
1022 1243 1330 1308 primoribus
1366 1243 1588 1307 Parthis,
1649 1244 1732 1309 qui
1768 1245 2018 1296 Vononen
2037 1259 2086 1294 io

193 1332 582 1385 vetustissimum
629 1333 904 1385 liberorum
953 1335 1061 1385 eius
1122 1335 1363 1386 accirent.

1447 1335 1768 1403 Magnificum
1815 1336 1868 1387 id
1920 1337 2018 1388 sibi

258 1496 296 1537 1.
331 1493 396 1536 Ab
415 1509 587 1536 excessu
612 1495 701 1536 cliui
718 1494 911 1551 Aqusci.
956 1497 1142 1538 Sisenna
1162 1496 1215 1538 M.
1279 1496 1467 1537 Sisenna
1489 1495 1661 1538 Statilio
1687 1496 1853 1538 editor:
1886 1498 2020 1554 vulgo

194 1554 576 1596 Sisenna‘Statilio
615 1554 767 1595 Tauro.
795 1560 798 1561 ’
872 1554 921 1597 L.
953 1555 1008 1597 M.

1093 1570 1178 1597 cos.
1214 1559 1309 1596 cum
1343 1555 1507 1596 lineola
1532 1556 1586 1597 M.
1651 1556 1691 1598 5.
1728 1557 1850 1599 datus
1882 1571 2021 1613 apra-

194 1614 307 1655 kata.
355 1627 457 1655 uam
483 1614 690 1669 Prahates
723 1614 786 1655 M:
810 1614 946 1656 -idem
984 1628 1142 1671 magna
1175 1616 1419 1656 constantia
1460 1615 1487 1657 6
1527 1616 1582 1658 31
1618 1620 1661 1656 et
1693 1615 1751 1659 32
1785 1617 2019 1671 phraaten,

189 1673 411 1730 phraatis,
440 1673 676 1729 phraates,
710 1674 813 1715 item
848 1675 902 1716 37
938 1681 980 1715 et
1013 1674 1071 1717 42
1104 1680 1147 1715 et
1178 1673 1236 1716 43
1262 1674 1486 1730 pltraatis,
1515 1675 1750 1730 phraates,
1786 1689 1836 1716 ac
1876 1678 1930 1720 12
1966 1678 2020 1720 10
2057 1718 2065 1725 ,.

190 1734 362 1790 praatis
391 1731 473 1775 Ma.
599 1732 640 1776 9.
672 1732 871 1789 prahatis
902 1733 956 1775 M.

283 1882 387 1938 Cap..
405 1885 443 1931 1.
463 1885 651 1927 Sisenna
665 1886 836 1928 Statilio
856 1885 1038 1943 [Tauro]
1053 1900 1066 1927 .·

198 1956 442 2002 cognomen
462 1945 662 1998 Sisenna,
696 1958 773 2001 pro
806 1957 928 1986 more
955 1946 1069 2000 apud

195 2002 386 2045 Tacitum
406 2007 538 2058 'saepe
558 2008 765 2058 usui-pato
785 2017 929 2060 neque
956 2003 1071 2058 apud

197 2063 307 2104 alios
361 2064 597 2117 scriptores
646 2064 870 2116 inaudito,
923 2065 1069 2119 gentis

198 2122 364 2163 nomini
406 2123 699 2176 praepositum
741 2123 951 2179 legimus,
994 2123 1069 2163 Si-

199 2194 335 2222 senna
365 2181 552 2223 Statilio.
617 2181 701 2223 Sed
742 2181 826 2224 hoc
867 2182 1069 2236 quotiens

200 2240 451 2294 admittitur,
481 2254 623 2296 neque
642 2236 905 2295 praenomen
925 2253 1070 2295 neque

200 2297 315 2340 aliud
350 2312 595 2355 cognomen
632 2299 822 2352 additur,
873 2300 1070 2355 quamvis

199 2358 310 2400 falso
331 2359 528 2400 nonnulli
553 2365 698 2400 nostra
724 2365 868 2401 aetate
889 2360 1071 2401 efferant

201 2418 354 2459 Gaium
417 2418 613 2474 Crispum
681 2418 931 2460 Sallustium
992 2431 1069 2472 pro

201 2477 352 2533 Crispo
382 2477 587 2521 Sallustio
618 2484 690 2519 aut
726 2479 832 2519 Gaio
865 2477 1069 2519 Sallustio

201 2536 367 2595 Crispo.
430 2537 566 2593 Magis
598 2550 704 2578 vero
743 2537 972 2579 barbarum
1005 2542 1071 2578 est

200 2594 271 2636 uhi
303 2595 357 2637 ad
402 2596 631 2638 Sisennam
661 2596 898 2649 Statilium,
944 2595 986 2638 h.
1030 2610 1069 2637 e.

200 2660 297 2708 post
353 2666 597 2711 cognomen
659 2657 804 2710 priore
862 2655 962 2697 loco
1028 2661 1072 2697 et

200 2726 358 2755 nomen
375 2714 514 2756 altero
533 2715 736 2769 positum,
758 2716 886 2757 tertio
908 2728 1070 2757 novum

201 2785 446 2828 cognomen
497 2774 722 2830 (Taurus)
770 2775 954 2816 accedit.
1019 2773 1072 2815 Ut

200 2833 336 2888 igitur
366 2833 520 2874 vitium
552 2840 637 2874 tam
677 2834 955 2875 maniefstum
997 2846 1073 2874 re-

196 2893 464 2943 moveretur,
483 2891 865 2946 expunxi'l'aurum
887 2905 1072 2946 eumque

201 2948 448 2990 adiunctum
518 2963 616 2992 esse
688 2957 792 3005 puto
854 2953 898 2993 in
961 2950 1072 2992 libro

203 3006 448 3066 ἀρχετύπῳ
509 3022 534 3050 a
582 3011 677 3051 viro
741 3010 932 3052 litterato
993 3011 1071 3065 qui

208 3066 390 3110 Tamne.
435 3075 775 3124 cognomentum
821 3084 846 3111 a
891 3069 1074 3111 Statiliis

202 3138 286 3166 non
319 3126 509 3168 alienum
532 3142 629 3170 esse
647 3142 701 3170 ex
730 3129 784 3170 VI
809 3131 875 3182 11,
900 3128 975 3170 x11
999 3129 1070 3181 59,

203 3183 648 3229 Klvafimem-inisset
667 3188 796 3244 idque
814 3189 858 3229 in
875 3188 1071 3243 margine

203 3243 272 3284 vel
286 3257 415 3297 supra
428 3254 812 3300 vei-sumponeret.
841 3246 908 3288 Cf.
922 3252 1070 3288 annot.

201 3302 254 3343 ad
305 3301 398 3343 Xllt
445 3305 519 3346 30.
582 3305 764 3346 Accedit
821 3309 862 3346 in
928 3311 1072 3359 partes

203 3373 320 3401 ineas
351 3363 476 3403 testis
506 3364 686 3404 minime
729 3364 1071 3405 contemnendus

205 3418 504 3474 Cassiodorus,
539 3423 663 3462 euius
697 3424 739 3463 in
771 3421 988 3463 Chronico
1020 3423 1072 3462 ad

205 3479 319 3520 hunc
342 3492 502 3522 annum
533 3481 648 3522 clare
667 3480 872 3537 leguntur
888 3483 1073 3522 Sisenna

204 3538 397 3582 statilius
439 3547 477 3581 et
526 3540 575 3582 L.
608 3541 872 3582 Scribonius.
938 3539 1074 3581 liuius

205 3600 371 3640 auctori
404 3601 526 3654 (nam
558 3601 653 3655 ipse
665 3599 800 3642 ‘l'aeiti
822 3599 957 3642 libros
983 3611 1072 3641 non

206 3653 339 3714 legit)
371 3656 468 3701 fons
500 3658 683 3710 Tacitus.

1069 1734 1136 1777 10.
1185 1733 1396 1776 Vononem
1428 1733 1482 1777 M.
1518 1734 1632 1776 idem
1667 1747 1703 1777 c.
1740 1735 1770 1778 4
1801 1749 2016 1779 uononen.
2060 1740 2062 1743 ’

1231 1900 1333 1928 nam
1365 1886 1573 1929 Phraates
1605 1899 1856 1941 quamquam
1887 1886 2021 1943 depu-

1141 1946 1278 1988 lisset.-
1329 1945 1557 2000 depulerat
1587 1947 1827 1988 Antonium
1860 1948 2017 1987 trium..

1140 2007 1281 2047 virum
1346 2012 1389 2047 et
1445 2007 1650 2063 ingentes
1713 2008 1806 2047 eius
1854 2007 2018 2060 copias,

1141 2065 1336 2120 legatum
1386 2071 1492 2107 ve'ro
1543 2065 1729 2119 Oppium
1777 2065 2019 2107 Statianum

1144 2137 1239 2165 cum
1271 2125 1362 2164 suis
1395 2124 1618 2166 occiderat
1650 2136 1761 2165 anno
1787 2123 1905 2165 urbis
1934 2124 2020 2166 718

1142 2190 1243 2223 ante
1277 2181 1377 2224 Chr.
1411 2183 1494 2226 36:
1537 2184 1620 2226 Dio
1665 2182 1794 2224 XLIX
1825 2184 2021 2226 23-32
2067 2196 2070 2198 ’

1143 2248 1187 2283 et
1218 2254 1327 2296 quos
1360 2242 1506 2283 laudat
1538 2243 1814 2283 Drumannus
1857 2242 2017 2283 Hister.

1142 2301 1265 2342 Rom.
1309 2307 1411 2343 tom.
1457 2302 1474 2342 Ι
1517 2315 1557 2355 p.
1595 2301 1860 2344 452—460.
1938 2301 2020 2343 Ve-

1141 2361 1386 2401 nerantium
1418 2362 1576 2416 officia,
1611 2374 1723 2416 quae
1742 2360 1948 2401 Phraates
1980 2374 2018 2402 a.

1143 2420 1229 2463 734
1261 2419 1312 2460 ad
1333 2420 1577 2476 Augustum
1598 2421 1744 2471 vertit,
1780 2426 2021 2461 memorant

1143 2480 1377 2522 Suetonius
1418 2479 1533 2536 Aug.
1575 2482 1657 2530 21,
1709 2478 1792 2520 Dio
1841 2477 1935 2519 LlV
1975 2479 2018 2530 8,

1143 2538 1297 2581 Strabo
1330 2539 1429 2580 XVI
1464 2541 1485 2580 1
1520 2539 1599 2590 28,
1638 2538 1842 2579 Horatius
1876 2535 2017 2579 Carm.

1141 2597 1200 2640 IV
1237 2598 1289 2640 15
1322 2597 1371 2650 6,
1412 2596 1550 2652 Epist.
1583 2598 1601 2638 1
1637 2599 1691 2641 12
1721 2597 1793 2649 27,
1835 2596 2019 2638 Ovidius

1143 2657 1256 2698 Fast.
1284 2657 1319 2698 V
1338 2657 1438 2708 593,
1472 2656 1527 2698 VI
1539 2657 1641 2709 467,
1665 2656 1864 2698 Velleius
1887 2655 1924 2697 11
1946 2657 2016 2708 91,

1142 2716 1331 2759 Iustinus
1364 2716 1474 2757 XLII
1506 2717 1547 2769 5,
1581 2716 1735 2757 Florus
1766 2715 1825 2757 IV
1861 2717 1915 2759 12
1945 2715 2016 2767 63,

1144 2776 1332 2818 Menum.
1366 2776 1528 2830 Ancyr.
1564 2782 1647 2817 cet.

1227 2870 1476 2919 partemque
1504 2863 1664 2919 prolis:
1731 2861 1843 2903 filios
1887 2861 2018 2905 Sera-

1144 2922 1388 2976 spadanen,
1441 2922 1728 2977 Rhodaspen,
1777 2921 2017 2975 Phraaten,

1148 2982 1386 3035 Vononen,
1433 2982 1584 3023 horum
1629 2981 1734 3023 duas
1775 2994 1932 3023 uxores
1977 2987 2020 3023 et

1145 3047 1349 3097 quantuor
1382 3041 1520 3083 filios:
1569 3039 1722 3083 Strabo
1756 3039 1855 3082 XVI
1892 3042 1911 3082 1
1944 3040 2017 3083 28.

1233 3127 1336 3183 Cap.
1372 3131 1413 3171 2.
1471 3135 1566 3184 post
1592 3129 1719 3180 finem
1747 3126 1948 3167 Phraatis
1976 3132 2019 3166 et

1143 3190 1403 3241 sequentium
1414 3201 1561 3241 reglum
1575 3199 1589 3225 .·
1613 3185 1817 3226 Phraates
1831 3187 1893 3239 (a.
1907 3185 2015 3238 752)

1146 3247 1430 3299 interemptus
1450 3251 1515 3285 est
1534 3258 1558 3285 a
1572 3243 1666 3284 >filio
1691 3244 1839 3296 spurio
1851 3242 2017 3283 Phraa-

1142 3310 1265 3356 tace,
1298 3306 1371 3359 qui
1405 3304 1612 3355 deinceps
1647 3303 1897 3355 imperavit,
1941 3300 2016 3340 sed

1145 3364 1265 3404 brevi
1316 3363 1491 3417 fugatus
1541 3367 1586 3402 et
1636 3365 1855 3412 mortuus3
1913 3365 2014 3413 post

1145 3421 1311 3463 Orodes
1335 3421 1371 3462 ll
1404 3421 1608 3475 regnavit
1630 3420 1821 3474 itemque
1842 3421 2017 3460 occisus

1146 3487 1212 3521 est
1238 3492 1264 3520 a
1297 3479 1604 3534 popularibus:
1648 3477 1822 3532 loseph.
1866 3479 2015 3532 Antiq.

1147 3537 1282 3581 XVlll
1314 3541 1356 3582 2.
1390 3541 1434 3590 §.
1468 3537 1510 3580 4.
1554 3536 1640 3579 Dio
1673 3537 1745 3579 LV
1782 3538 1849 3581 to.
1892 3536 2016 3578 Hunc

1146 3603 1320 3642 secutus
1354 3604 1420 3640 est
1450 3597 1657 3640 'Vonones
1683 3597 1818 3640 Roma
1851 3598 2015 3639 accitus

1146 3657 1410 3713 aliquamdiu
1441 3663 1541 3712 post
1572 3668 1610 3698 a.
1646 3657 1745 3700 752.
