2280 4004
265 287 359 345 aas
1040 285 1331 330 ANNALIVM

405 425 536 477 Exin
575 422 813 475 Claudius
849 421 1143 475 Timarchus
1181 423 1438 477 Cretensis
1489 439 1609 479 reus
1661 427 1857 498 agitur,
1898 433 2184 494 ‘ceteriszo

1844 302 1885 333 a.
1917 298 1963 334 u.
1993 290 2104 337 815.·

267 516 579 579 criminibus,
621 518 676 565 ut
711 513 878 566 solent
913 514 1192 580 praevalidi
1225 516 1611 582 provincialium
1644 525 1694 572 et
1728 522 1908 588 opibus
1931 524 2100 578 nimiis

266 608 330 660 ad
368 606 578 657 iniurias
617 605 866 657 minorum
887 606 1033 657 elati:
1072 621 1172 658 una
1201 622 1304 660 vox
1326 608 1435 660 eius
1463 624 1625 678 usque
1652 613 1714 664 ad
1744 615 2098 668 contumeliam

263 702 468 749 senatus
506 688 893 764 penetraverat,
942 698 1077 765 quod
1103 699 1410 773 *dictitasset
1446 700 1498 751 in
1536 717 1626 754 sua
1667 709 1916 772 potestate
1951 707 2099 760 situm

223 799 328 840 san
360 804 452 855 pro
492 789 787 841 consulibus
826 789 910 856 qui
943 779 1140 842 Cretam
1180 791 1544 858 obtinuissent,
1598 800 1770 862 grates
1809 803 2097 866 agerentur.

263 880 422 942 Quam
456 881 782 934 occasionem
804 881 986 934 Paetus
1015 883 1238 934 Thrasea
1277 883 1341 934 ad
1365 884 1553 936 bonum
1582 887 1832 952 publicum
1869 893 2094 957 vertenS,

259 977 525 1039 postquam
566 973 630 1029 de
667 988 758 1024 reo
798 979 1068 1025 censuerat
1107 975 1373 1041 provincia
1395 976 1542 1028 Creta
1571 977 1941 1046 depellendum,
1970 981 2100 1034 haec

261 1063 479 1115 addidit:
508 1063 623 1114 ‘usu
660 1064 925 1130 probatum
962 1070 1068 1130 est,
1106 1071 1276 1132 patres
1316 1068 1619 1134 conscripti,
1654 1069 1798 1137 leges
1837 1072 2095 1140 egregiaS,

260 1154 489 1221 exempla
538 1154 752 1206 honesta
804 1155 931 1221 apud
974 1156 1139 1207 bonos
1181 1172 1246 1208 ex
1293 1157 1491 1209 delictis
1532 1158 1744 1211 aliorum
1779 1161 1939 1229 gigni.
2013 1162 2098 1216 Sic

195 1258 243 1294 10
259 1251 521 1297 oratorum
557 1245 762 1297 licentia
803 1246 1029 1298 Cinciam
1061 1248 1416 1314 rogationem,
1461 1249 1843 1303 candidatorum
1883 1253 2098 1306 ambitus

257 1336 410 1388 Iulias
450 1337 612 1405 legeS,
654 1338 1037 1405 magistratuum
1074 1339 1282 1391 avaritia
1311 1339 1577 1407 Calpurnia
1613 1341 1742 1394 scita
1776 1349 2097 1410 pepererunt.

256 1429 382 1481 Nam
422 1429 566 1495 culpa
605 1444 753 1495 quam
788 1444 954 1495 poena
989 1434 1217 1496 tempore
1238 1431 1397 1496 prior,
1435 1431 1694 1484 emendari
1715 1447 1862 1499 quam
1883 1448 2102 1500 peccare

257 1518 512 1586 posterius
556 1525 648 1571 est.

723 1520 862 1587 Ergo
896 1520 1143 1572 adversus
1180 1534 1364 1572 novam
1401 1523 1788 1588 provincialium
1812 1525 2099 1591 superbiam

260 1610 468 1678 dignum
508 1610 608 1663 fide
649 1614 1033 1678 constantiaque
1069 1613 1295 1666 Romana
1336 1612 1592 1679 capiamus
1648 1615 1941 1682 consilium,
1999 1629 2098 1683 quo

195 1702 444 1754 istutelae
481 1701 740 1754 sociorum
777 1702 903 1754 nihil
940 1703 1232 1772 derogetur,
1275 1705 1424 1756 nobis
1466 1705 1638 1773 opinio
1661 1706 1893 1773 decedat,
1934 1706 2098 1774 qualis

256 1795 469 1861 quisque
502 1794 780 1860 habeatur,
837 1794 957 1846 alibi
1011 1810 1158 1862 quam
1212 1797 1265 1847 in
1303 1797 1487 1848 civium
1526 1797 1717 1849 iudicio
1758 1813 1890 1851 esse.

255 1888 458 1954 quidem
494 1903 598 1941 non
637 1888 790 1940 modo
825 1893 1033 1955 praetor
1068 1893 1152 1941 aut
1181 1889 1357 1942 consul
1395 1889 1487 1942 sed
1522 1889 1705 1957 privati
1744 1890 1892 1966 etiam
1927 1890 2098 1943 mitte-

379 2050 416 2092 1.
453 2050 565 2092 exim
595 2048 675 2093 Ma.
796 2055 1011 2105 tymarcus
1043 2049 1127 2094 Ma.

243 2108 286 2153 5.
318 2123 398 2166 pro
433 2108 673 2152 consulibus
705 2107 869 2151 editor:
904 2110 1040 2167 vulgo
1066 2111 1407 2167 proconsulibus.
1485 2111 1530 2154 8.

1629 2051 1692 2095 «3.
1726 2049 1987 2094 contumel-'a
2011 2047 2094 2094 Ma.

1559 2124 1603 2167 p.
1627 2125 1662 2154 c.
1690 2109 1773 2154 Ma.
1847 2111 1917 2155 12.
1945 2124 2095 2168 paena

1239 2051 1422 2093 caeteris
1456 2049 1539 2095 Ma.

247 2168 331 2212 Ma.
432 2170 499 2212 13.
533 2170 882 2227 prouinciarium
914 2169 996 2225 Ma,
1023 2171 1354 2228 prouinciarum
1387 2170 1448 2213 G:
1500 2170 1690 2213 correxit
1721 2168 1929 2214 Picheua.
2026 2172 2096 2215 15.

247 2228 389 2272 nichil
422 2228 503 2272 Ma.
570 2229 639 2272 16.
673 2229 837 2272 iudicia
870 2229 951 2272 Ma.

369 2357 472 2413 Cap.
531 2359 605 2402 20.
669 2372 728 2400 an
766 2372 848 2415 pro
902 2359 1145 2402 consulibus

266 2419 338 2473 qui
371 2419 546 2460 Cretam
589 2418 892 2460 obtinuissent:
936 2419 1006 2475 qui
1037 2431 1145 2474 pro-

269 2491 429 2520 nomen
464 2478 599 2519 artius
633 2478 902 2535 iungendum
946 2485 1012 2521 est
1047 2492 1143 2521 cum

261 2551 342 2593 pro
378 2537 636 2589 consulibus,
671 2543 718 2578 ut
750 2539 807 2580 sit
842 2538 951 2580 haec
980 2539 1145 2580 verbo-

267 2609 361 2637 rum
397 2602 638 2637 structura:
672 2598 726 2638 iis
774 2598 845 2651 qui
870 2611 952 2653 pro
987 2612 1145 2639 consu-

265 2654 375 2696 libus
402 2655 576 2696 Cretam
614 2655 908 2697 obtinuissent.
967 2657 1146 2698 Comma

264 2713 402 2770 igitur
435 2721 534 2768 post
560 2714 802 2757 consulibus
829 2714 992 2757 delevi.
1035 2715 1146 2757 Cre-

263 2780 349 2814 tam
386 2780 429 2815 et
459 2773 687 2830 regionem
717 2773 1005 2829 Cyrenaicam
1039 2787 1146 2829 pro-

266 2833 422 2875 consul
457 2834 551 2875 sive
584 2846 662 2888 pro
690 2834 874 2876 consule
892 2834 1145 2876 obtinebat:

268 2893 384 2935 conf.
427 2892 511 2934 Dio
561 2892 651 2934 LllI
688 2895 755 2936 12.
819 2894 858 2935 A
889 2893 1037 2936 Tacito
1064 2907 1146 2950 pro

270 2951 443 2994 consule
490 2952 645 2993 Cretae
678 2959 946 2994 memoratur
985 2953 1042 2995 111
1073 2953 1146 2996 38.

268 3011 333 3054 Ad
370 3024 464 3053 eam
499 3022 693 3053 normam
728 3018 772 3053 et
793 3014 1002 3054 maiorem
1023 3014 1148 3066 prio-

269 3073 329 3112 ris
382 3069 568 3113 Medicei
617 3072 922 3113 auctoritatem
971 3078 1148 3114 secutus

267 3130 311 3173 h.
348 3129 377 3172 l.
412 3131 618 3185 rescripsi
656 3145 737 3187 pro
781 3130 1046 3184 consulibus,
1095 3144 1147 3173 ex

270 3207 313 3249 ,ρ
345 3191 588 3232 consulibus
619 3191 662 3231 in
702 3191 1029 3247 proconsulibus
1060 3202 1147 3232 non

269 3249 385 3290 bene
417 3250 626 3292 iunctum.
690 3250 795 3292 Nam
827 3252 1015 3292 nominis
1039 3250 1147 3292 sub-

272 3309 375 3349 iecti
410 3315 513 3350 nota
547 3310 652 3351 satis
686 3310 913 3352 luculenta
942 3322 1148 3365 expressa

275 3373 341 3408 est
374 3380 451 3421 per
483 3370 554 3423 qui
598 3369 900 3423 obtinuissent,
947 3382 1060 3425 quae
1102 3374 1149 3409 ut

274 3426 448 3468 adesset
480 3427 584 3469 alibi
619 3441 750 3471 causa
782 3429 894 3481 fuit,
928 3436 976 3470 ut
1005 3429 1147 3471 Latini

276 3487 499 3541 antiquius
554 3492 597 3528 et
647 3488 801 3529 verius
844 3502 924 3544 pro
978 3487 1148 3529 consule

282 3546 410 3586 ctiam
444 3558 532 3587 uno
572 3550 748 3589 nomine
785 3548 991 3590 efferrent
1023 3553 1149 3604 (pro-

280 3604 464 3659 consul).
530 3605 681 3648 Grates
738 3620 849 3662 quae
905 3607 1150 3663 agebantur

272 3664 528 3715 provinciae
569 3666 839 3721 rectoribuS,
895 3680 968 3710 eas
1013 3666 1148 3723 legati

1228 2358 1565 2414 provincialium
1617 2357 1670 2401 ad
1730 2362 1926 2401 senatum
1978 2359 2101 2401 missi

1230 2419 1574 2475 exequebantur.
1639 2418 1760 2470 Quae
1792 2417 2040 2475 legationes
2064 2419 2102 2461 si

1229 2480 1427 2534 potentia
1457 2479 1615 2535 privati
1641 2477 1830 2520 hominis
1864 2489 2100 2532 expressae

1231 2544 1401 2591 essent,
1458 2539 1540 2580 hoc
1594 2536 1963 2581 contumeliosum
2011 2542 2104 2580 erat

1229 2598 1438 2653 patribus.

1332 2657 1529 2699 Cinciam
1578 2658 1847 2712 roqationem
1894 2682 1950 2690 --
1995 2655 2102 2698 Cal-

1225 2716 1388 2772 purm‘a
1428 2719 1567 2759 scita:
1605 2715 1659 2757 de
1701 2714 1854 2758 Cincia
1899 2716 2003 2773 lege
2041 2716 2099 2758 cf.

1229 2775 1283 2817 ad
1305 2774 1362 2818 XI
1385 2775 1427 2819 5.
1474 2775 1606 2817 Iulias
1636 2774 1761 2832 leges
1793 2773 1900 2818 dicit
1927 2775 2102 2817 decreta

1228 2834 1344 2891 legis
1385 2835 1438 2877 ab
1485 2835 1687 2891 Augusto
1733 2833 1849 2877 latae
1893 2834 2102 2877 adversus

1230 2895 1453 2938 ambitum.
1489 2895 1725 2938 Suetonius
1737 2893 1851 2952 Aug.
1863 2893 1948 2938 34:
1971 2907 2102 2950 quas-

1231 2954 1328 2995 dam
1362 2954 1536 3012 (leges)
1571 2969 1624 2995 ecc
1656 2955 1826 3009 inteqro
1856 2955 2016 3006 sana-it,
2051 2960 2099 2996 ut

1229 3015 1562 3070 sumptuariam,
1613 3013 1663 3055 de
1707 3012 1931 3056 adulteriis
1971 3019 2012 3054 et
2050 3013 2102 3054 de

1225 3073 1452 3128 pudicitia,
1480 3074 1530 3115 de
1558 3072 1730 3114 ambitu.
1793 3071 1878 3113 Dio
1900 3071 1994 3114 LIV
2030 3071 2100 3124 16,

1230 3132 1304 3173 LV
1339 3133 1380 3174 5.
1440 3132 1530 3175 Lex
1554 3131 1790 3186 Calpurnia
1813 3129 1868 3173 de
1887 3136 2102 3186 repetun-

1231 3191 1296 3232 dis
1329 3204 1353 3233 a
1384 3190 1432 3232 L.
1466 3191 1702 3246 Calpurnio
1735 3189 1894 3232 Pisone
1926 3190 2100 3232 tribuno

1230 3250 1373 3304 plebis
1427 3263 1466 3292 a.
1524 3251 1611 3294 605
1659 3249 1746 3292 lata
1788 3255 1879 3292 est:
1943 3248 2100 3292 Cicero

1229 3309 1350 3352 Brut.
1385 3310 1462 3363 27,
1512 3308 1592 3352 Off.
1638 3308 1676 3351 11
1707 3311 1785 3362 21,
1827 3308 2021 3352 Divinat.
2054 3309 2099 3350 in

1232 3368 1397 3411 Caecil.
1447 3370 1474 3412 5
1520 3376 1564 3411 et
1594 3370 1676 3422 20,
1727 3370 1772 3410 in
1810 3368 1988 3411 Verrem
2016 3367 2096 3410 lib.

1228 3427 1284 3469 111
1316 3429 1390 3481 84,
1425 3429 1482 3470 lv
1517 3430 1588 3472 25.

1317 3488 1438 3530 nohis
1468 3489 1612 3544 opinio
1645 3486 1821 3528 decedat
1851 3510 1908 3519 --
1939 3484 2098 3527 iudicio

1231 3561 1346 3589 esse.-
1396 3546 1584 3589 Thrasea
1633 3547 1754 3588 nobis
1799 3545 1945 3600 ponit,
1996 3545 2099 3600 quia

1231 3608 1555 3661 provinciarum
1596 3604 1884 3660 proconsules
1919 3607 1962 3644 et
1992 3614 2098 3657 pro..

1232 3672 1456 3721 praetores
1489 3678 1662 3720 semper
1693 3663 1858 3706 ordinis
1888 3662 2099 3706 senatorii

1966 1798 2097 1852 Olim
2111 1807 2178 1855 21

2258 3369 2280 3457 ¹‚tins‘em
2264 3354 2267 3358 ·
2262 3310 2265 3314 ·
