2280 4004
238 305 264 335 a
295 291 343 334 C.
377 291 449 337 62.
830 290 994 335 LIBER
1025 292 1119 338 XV.
1186 290 1292 336 Gar.
1329 292 1515 336 13—1.5.
1969 293 2058 336 253

239 433 488 500 equitatus
524 433 601 485 ire
650 432 811 483 iussit.
887 434 1006 484 Tum
1040 433 1217 486 Paetus
1254 433 1519 500 Lucullos,
1576 432 1876 501 Pompeios,
1934 439 1984 485 et
2018 434 2063 486 si

240 539 336 591 qua
375 525 621 576 Caesares
661 525 967 577 obtinendae
1006 525 1342 578 donandaeve
1382 524 1657 578 Armeniae
1694 528 1922 593 egerant,
1958 525 2065 577 Va-

237 629 386 668 saces
422 617 691 683 imaginem
730 617 984 668 retinendi
1021 616 1342 684 largiendive
1390 633 1547 684 penes
1585 632 1709 683 nos,
1764 617 1864 669 vim
1905 631 2062 684 penes

240 706 448 758 Parthos
484 713 743 758 memorat.
817 708 879 759 Et
905 707 1108 758 multum
1138 707 1189 758 in
1217 708 1382 759 vicem
1419 708 1717 775 disceptatO,
1753 706 2064 759 Monobazus

243 798 539 850 Adiabenus
579 798 629 849 in
669 799 802 850 diem
835 804 1093 865 posterum
1140 799 1282 851 testis
1323 799 1387 851 iis
1437 814 1566 865 quae
1614 799 1929 867 pepigissent
1971 797 2106 851 τιεί-5

238 889 452 941 hibetur.
525 890 814 956 Placuitque
864 889 1073 942 libcrari
1126 889 1328 942 obsidio
1382 889 1644 958 legioneS,
1705 895 1754 942 et
1813 889 2069 942 decedere

239 997 439 1034 omnem
474 982 680 1033 militem
718 981 899 1033 finibus
925 982 1299 1046 Armeniorum,
1333 981 1641 1048 castellaque
1675 987 1724 1034 et
1759 986 2069 1034 commeatus

237 1074 432 1138 Barthis
475 1074 603 1126 tradi
615 1092 630 1137 ;
666 1074 844 1140 quibus
882 1074 1180 1141 perpetratis
1218 1074 1364 1140 copia
1390 1073 1634 1140 Vologesi
1668 1074 1812 1126 fieret
1841 1073 2069 1125 mittendi

157 1165 305 1220 15ad
358 1165 613 1216 Neronem
663 1165 879 1231 legatos,
973 1165 1178 1216 Interim
1228 1164 1421 1215 flumini
1475 1164 1727 1217 Arsaniae
1783 1166 1854 1229 (is
1905 1169 2072 1218 castra

240 1255 578 1322 praefluebat)
603 1261 806 1321 pontem
834 1255 1087 1321 imposuit,
1112 1255 1285 1321 specie
1315 1255 1414 1307 sibi
1440 1255 1562 1306 illud
1599 1255 1696 1307 iter
1730 1256 2071 1323 expedientis:
2095 1269 2141 1306 io

241 1347 334 1399 sed
382 1346 549 1398 Parthi
604 1347 748 1413 quasi
798 1347 1153 1398 documentum
1207 1347 1458 1399 victoriae
1506 1348 1776 1400 iusserant.
1849 1347 2074 1413 Namque

241 1439 305 1490 iis
341 1439 454 1490 usui
493 1439 613 1503 suit3
670 1439 832 1490 nostri
867 1454 959 1504 per
1008 1439 1264 1491 diversum
1312 1441 1435 1491 iere.
1508 1439 1723 1491 Addidit
1770 1454 1943 1491 rumor
1979 1439 2072 1491 sub

237 1530 409 1598 iugum
461 1531 642 1582 missas
684 1530 916 1597 legiones
966 1535 1015 1582 et
1065 1530 1163 1583 alia
1212 1547 1286 1599 exv
1320 1532 1476 1583 rebus
1534 1531 1804 1597 infaustiS,
1864 1546 2075 1597 quorum

241 1621 563 1673 simulacrum
617 1621 679 1673 ab
718 1622 976 1673 Armeniis
1027 1627 1318 1688 usurpatum
1372 1626 1463 1675 est.
1534 1623 1761 1689 Namque
1815 1626 1864 1674 et
1902 1621 2070 1673 muni-

363 1778 402 1819 1.
436 1775 473 1818 si
504 1790 658 1831 quaees
690 1773 780 1817 Ma:
816 1774 1065 1819 emendavit
1094 1775 1301 1819 Pichena.
1430 1778 1473 1819 2.
1508 1781 1590 1831 opt.
1625 1773 1705 1817 Ma.
1830 1774 2081 1817 donandeue

396 1837 439 1878 3.
469 1850 631 1892 paenes
663 1837 833 1890 (priore
864 1835 989 1895 loco)
1023 1834 1103 1878 Ma.
1196 1839 1240 1878 4.
1273 1842 1479 1877 memorat
1508 1833 1664 1887 BGMa,
1696 1846 1783 1875 non
1813 1836 2080 1878 memoravit.

242 1896 468 1952 disseptato
502 1895 580 1938 Ma.
675 1897 716 1938 5.
750 1895 815 1937 his
848 1910 925 1950 que
955 1895 1046 1938 Ma:
1081 1894 1115 1937 G
1145 1895 1199 1936 iis
1231 1908 1353 1949 quae.
1471 1894 1715 1936 adthibetur
1750 1892 1830 1937 Ma.
1923 1894 1966 1937 9.
2001 1909 2081 1936 ar-

242 1957 400 1998 sanieti
430 1953 524 2008 Ma,
572 1956 778 1998 arsameti
809 1954 866 2007 G,
914 1955 1132 1997 Arsaniae
1166 1956 1338 2008 (etenim
1375 1953 1571 2008 Lipsius:
1619 1953 1838 1995 Arsaniae
1869 1953 2080 2008 Ryckius.

242 2016 314 2058 10.
350 2015 610 2071 experientis
640 2013 730 2067 Ma,
766 2015 1016 2070 eoeperiendi
1046 2016 1091 2055 in
1120 2026 1270 2056 rasura
1303 2012 1359 2056 G:
1393 2015 1583 2055 correxit
1615 2013 1802 2055 Grotius.
1898 2014 1965 2056 11.
2003 2014 2082 2055 do-

244 2075 469 2116 cimentum
500 2075 580 2116 Ma.
669 2074 852 2115 uictorie
883 2072 964 2116 Ma.
1063 2075 1130 2117 13.
1163 2073 1288 2129 iuqils
1320 2071 1399 2115 Ma.

245 2208 312 2245 est
341 2201 416 2244 ubi
445 2201 634 2244 Pacorus
668 2208 710 2243 et
742 2202 953 2245 Tiridates
992 2201 1046 2244 ad
1075 2215 1124 2244 se

246 2262 548 2320 (Vologesen)
591 2263 806 2304 venirent.
883 2261 1008 2314 Quod
1049 2274 1125 2303 se-

247 2323 392 2378 quitur
418 2329 645 2363 cernerent
663 2334 784 2363 more
804 2320 1017 2373 Tacitino,
1040 2332 1124 2376 quo

246 2381 382 2424 verba
405 2382 644 2435 composita
680 2387 722 2422 et
751 2381 933 2435 vulgata
953 2381 1126 2434 vitavit,

248 2441 409 2482 dictum
432 2453 508 2494 pro
532 2453 583 2482 eo
610 2439 724 2496 quod
745 2446 810 2482 est
831 2440 1124 2482 decernerent.

250 2500 374 2552 Quod
395 2501 636 2554 proximum
663 2506 728 2542 est
751 2500 936 2555 dignum,
954 2498 998 2540 id
1019 2499 1127 2541 sub-

249 2560 427 2601 stantivi
470 2560 606 2601 instar
639 2560 752 2614 (eine
789 2560 979 2614 wurdiye
1011 2559 1127 2600 Aus-

247 2618 486 2674 zeichnunq
522 2618 597 2659 der
630 2618 888 2668 Arsaciden)
936 2619 1126 2672 positum

245 2684 316 2720 'est
346 2690 462 2719 nove
495 2683 538 2719 et
561 2679 793 2733 exquisite.
855 2677 920 2719 Eo
953 2677 1126 2719 facilius

246 2738 472 2794 ‘genitivus
492 2738 700 2792 consequi
727 2738 883 2792 potuit,
903 2750 1030 2792 quem
1044 2735 1127 2777 Ta-

250 2798 361 2838 citus
380 2798 543 2837 nomini
561 2797 711 2852 dignus
736 2797 844 2838 alias
864 2809 950 2838 non
969 2796 1125 2838 iunxit.

369 2854 473 2909 Cap.
525 2857 592 2897 15.
668 2856 839 2909 litamine
882 2855 1128 2897 Arsaniae:

249 2915 455 2956 Arsanias
515 2914 729 2967 accipitur
784 2913 837 2955 ab
888 2913 1125 2968 Euphrate.

250 2973 417 3015 Nomen
469 2973 563 3013 eius
614 2986 686 3013 ex>
717 2974 914 3027 proximo
963 2973 1126 3027 primus

250 3031 421 3086 Lipsius
469 3032 683 3083 restituit,
734 3033 838 3073 item
889 3045 943 3073 ex
985 3031 1128 3074 Dione

251 3090 360 3133 LXII
380 3094 451 3142 21,
486 3090 705 3132 Plutarchi
727 3090 910 3132 Lucullo
930 3092 1004 3143 31,
1035 3090 1128 3132 Pli-

251 3152 323 3192 nio
364 3151 398 3191 V
428 3150 486 3194 20
519 3152 650 3207 (24),
697 3151 770 3204 qui
805 3150 862 3192 VI
905 3151 960 3193 31
996 3151 1128 3207 (27):

252 3216 338 3250 tam
378 3210 564 3250 vicinum
605 3208 824 3250 Arsaniae
862 3209 994 3263 fluere
1037 3223 1130 3250 eum

252 3267 458 3324 (Tigrim)
490 3268 537 3309 in
568 3268 743 3322 reficite
770 3268 968 3310 Arrhene
994 3267 1129 3309 Clau-

251 3328 346 3369 dius
369 3327 535 3368 Caesar
565 3333 717 3367 auctor
749 3334 821 3379 est,
853 3334 899 3368 ut
932 3341 1025 3367 cum
1055 3327 1129 3367 in-

252 3393 439 3429 tumuere
483 3386 697 3440 confluant
741 3399 821 3427 nec
868 3393 1009 3426 tamen
1045 3386 1129 3426 mi-

251 3452 479 3495 sceantur‚·
514 3443 726 3498 leviorque
749 3444 963 3486 Arsanias
995 3445 1128 3484 inna-

251 3512 312 3547 tat
336 3505 359 3547 1
370 3503 407 3547 V
433 3503 479 3545 M
500 3506 635 3558 ferme
656 3504 818 3558 spati05
850 3518 948 3544 mose
973 3503 1128 3544 divisus

250 3565 297 3605 in
314 3562 582 3619 Euphratem
603 3563 822 3617 meryitur.
884 3562 967 3603 Sed
984 3561 1129 3615 Lipsio

251 3621 671 3669 suadentiArsaniae
683 3623 856 3678 (etenim
866 3622 902 3663 is
913 3635 949 3662 c.
960 3622 1131 3677 praeli.)

254 3681 456 3738 equidem
503 3693 589 3723 non
632 3680 870 3736 obsequar,
928 3680 1130 3736 quoniam

1206 2206 1311 2243 tunc
1342 2213 1581 2255 pronomen
1613 2201 1650 2242 is
1687 2199 1864 2241 sinistre
1895 2200 2084 2254 positum

1209 2267 1289 2303 est.
1350 2260 1463 2302 Illud
1507 2261 1540 2302 ti
1578 2260 1623 2300 in
1664 2259 1888 2301 Arsanieti
1929 2258 1997 2314 (h.
2043 2273 2083 2302 e.

1207 2321 1452 2377 Arsanigti)
1497 2319 1642 2374 potius
1701 2332 1755 2360 ex
1800 2319 1997 2373 proximo
2048 2319 2087 2361 is

1208 2393 1342 2434 prave
1375 2380 1549 2421 ductum
1581 2378 1768 2421 videtur.

1297 2453 1473 2494 quorum
1504 2437 1778 2480 simulacrum
1796 2437 1849 2478 ab
1871 2437 2088 2479 Armeniis

1207 2505 1456 2554 usurpatum
1490 2505 1574 2540 est:
1607 2496 1881 2539 simulacrum
1915 2502 1981 2538 est
2017 2497 2087 2538 ef-

1209 2558 1357 2614 figies,
1391 2558 1434 2598 in
1470 2570 1555 2612 qua
1589 2556 1791 2612 legiones
1824 2555 1902 2598 sub
1935 2557 2085 2612 iugum

1207 2618 1368 2658 missae
1407 2617 1580 2672 aliaque
1621 2629 1676 2657 ex
1717 2616 1846 2658 rebus
1885 2615 2088 2656 infaustis

1210 2676 1385 2730 depicta
1437 2676 1490 2717 ab
1530 2675 1750 2717 Armeniis
1803 2674 2088 2717 circumfere-

1208 2735 1380 2777 bantur.
1441 2734 1560 2776 Nihil
1586 2734 1729 2776 differt
1762 2734 1804 2778 h.
1838 2734 1868 2776 l.
1900 2734 2088 2775 nominis

1209 2794 1432 2836 simulacri
1462 2793 1732 2850 significatus
1750 2794 1802 2835 ab
1834 2805 1886 2835 eo
1919 2793 1991 2848 qui
2024 2797 2090 2834 est

1208 2854 1246 2895 11
1276 2856 1349 2906 41,
1382 2852 1458 2895 XII
1487 2855 1559 2906 22,
1593 2852 1644 2894 H.
1676 2852 1714 2894 11
1745 2853 1772 2895 3
1806 2857 1848 2894 et
1877 2852 1984 2908 Agr.
2015 2851 2088 2904 46,

1209 2926 1354 2968 neque
1386 2924 1528 2954 sermo
1573 2917 1660 2964 est,
1712 2911 1828 2968 quod
1859 2910 1974 2952 bene
2004 2921 2090 2950 no-

1210 2971 1400 3024 tandum,
1435 2970 1488 3013 de
1520 2970 1692 3012 Parthis
1722 2969 1980 3022 victoribus,
2013 2968 2089 3011 sed

1211 3031 1264 3072 de
1291 3031 1523 3082 Armeniis,
1557 3042 1737 3085 quorum
1767 3031 1812 3071 in
1833 3036 1947 3071 terra
1979 3028 2090 3069 haec

1211 3089 1473 3132 acciderant.
1499 3089 1624 3140 Quod
1650 3089 1930 3144 subsequitur
1949 3099 2091 3128 enun-

1210 3151 1362 3190 tiatum
1410 3162 1592 3201 namque
1638 3155 1678 3189 et
1730 3148 1992 3188 munimenta
2034 3168 2091 3178 —

1207 3206 1367 3263 proelii
1414 3220 1547 3248 causa
1609 3207 1836 3258 existeret,
1903 3216 1955 3247 eo
2003 3216 2091 3244 non

1212 3268 1351 3320 ipsum
1384 3265 1661 3306 simulacrum
1694 3264 1980 3316 describitur,
2015 3262 2091 3304 sed

1213 3337 1342 3367 causa
1374 3325 1574 3376 affertur,
1619 3337 1695 3365 cur
1723 3324 1790 3365 illi
1822 3334 2018 3365 rumores
2049 3326 2093 3363 et

1212 3383 1487 3425 simulacrum
1540 3383 1655 3423 istud
1698 3383 1966 3424 circumferri
2009 3393 2092 3436 po..

1212 3443 1388 3484 tuerint.
1473 3442 1568 3483 Non
1618 3441 1838 3483 intellexit
1884 3440 2089 3483 Orellius.

1212 3502 1441 3543 Atrociora
1473 3501 1706 3543 Suetonius
1729 3500 1829 3543 Ner.
1851 3501 1932 3543 39:
1964 3501 2093 3555 ἑρπο-

1214 3562 1350 3602 minia
1387 3560 1444 3601 acl
1485 3560 1722 3612 Orientem,
1773 3559 2007 3615 leyionibus
2045 3560 2094 3600 in

1215 3620 1430 3661 Armeniis
1461 3619 1535 3660 sub
1566 3620 1710 3674 iuqum
1740 3619 1903 3673 missis,
1937 3630 2092 3676 aegre-

1216 3692 1292 3733 que
1322 3679 1454 3734 Syria
1484 3685 1666 3722 retenta.
