2280 4004
848 262 1014 307 LIBER
1042 262 1119 308 lv.
1181 263 1287 308 GAP.
1325 265 1365 309 5.

191 270 218 326 a
246 259 295 303 G.
330 263 403 308 23.
1926 267 2017 312 228

188 418 370 477 rarum,
416 403 531 461 sinu
579 402 820 470 ambitur,
887 409 1121 472 quattuor
1169 403 1792 473 legionibuscoercita,⁴
1823 403 2015 456 accolis

190 494 380 547 Hibero
417 494 718 562 Albanoque
778 501 827 548 et
875 496 987 548 aliis
1037 497 1278 565 regibus,
1338 497 1421 563 qui
1460 495 1806 563 magnitudine
1842 501 2016 548 nostra

188 590 522 654 proteguntur
579 587 847 639 adversum
883 593 1090 641 externa
1145 589 1372 655 imperia.
1447 589 1509 640 Et
1544 587 1808 640 Thraciam
1844 587 2019 640 Rhoe-

189 678 430 730 metalces
470 695 530 730 ac
565 678 714 730 liberi
759 679 957 746 CotyiS,
1013 680 1273 746 ripamque
1312 680 1532 731 Danuvii
1582 679 1842 747 legionum
1883 679 2012 730 duae

188 770 241 820 in
275 770 550 835 Pannonia,
590 771 719 822 duae
756 772 809 822 in
833 772 1028 823 Moesia
1066 772 1358 837 attinebant,
1401 771 1611 823 totidem
1643 771 1772 838 apud
1807 771 2056 827 Delma-5

188 860 308 911 tiam
338 860 542 925 locatis,
583 876 711 927 quae
745 862 914 927 positu
950 863 1180 930 regionis
1223 878 1252 914 a
1298 867 1446 929 tergo
1485 862 1612 928 illis,
1654 878 1714 914 ac
1749 863 1791 914 si
1829 877 2017 928 repen-

188 951 343 1010 tinum
381 951 619 1002 auxilium
655 952 795 1003 Italia
831 959 1086 1018 posceret,
1116 953 1249 1004 haud
1281 952 1458 1019 procul
1497 953 1800 1019 accirentur,
1840 968 2020 1019 quam-

189 1057 336 1108 quam
370 1043 616 1095 insideret
654 1044 830 1096 urbem
865 1045 1100 1110 proprius
1138 1044 1315 1109 mileS,
1371 1049 1475 1096 tres
1511 1045 1765 1109 urbanae,
1831 1060 2016 1099 novem

186 1134 475 1199 praetoriae
525 1134 790 1200 cohorteS,
846 1136 1046 1187 Etruria
1101 1136 1262 1187 ferme
1301 1135 1607 1202 Umbriaque
1660 1135 1889 1187 delectae
1938 1140 2023 1186 aut

186 1230 360 1278 vetere
386 1227 540 1279 rLatio
578 1233 628 1280 et
666 1227 884 1280 coloniis
923 1228 1194 1294 antiquitus
1223 1228 1481 1280 RomaniS.
1555 1228 1622 1279 At
1663 1227 1794 1294 apud
1829 1227 2086 1284 idoneam

309 1383 347 1424 1.
382 1384 570 1425 coercita
601 1383 662 1436 M,
695 1397 782 1426 non
813 1383 1012 1427 Rhenani
1047 1384 1290 1426 coercitum.

1037 1445 1079 1487 3.
1120 1443 1374 1485 Thraeciam
1410 1441 1484 1484 Or.
1523 1442 1578 1484 cf.
1619 1446 1766 1484 annot.
1802 1441 1855 1483 ad
1886 1444 1915 1486 2
1946 1442 2019 1484 54.

190 1446 233 1482 et
263 1442 328 1483 sic
358 1453 559 1497 semper3
608 1444 788 1497 perinde
820 1445 900 1486 Ma.

187 1503 230 1543 4.
266 1501 445 1544 daauuii
466 1502 529 1555 M,
565 1502 621 1544 cf.
656 1505 683 1545 2
713 1503 783 1546 63.

851 1505 894 1546 5.
927 1510 1029 1558 aput
1053 1503 1106 1545 M.

1392 1383 1433 1426 2.
1468 1382 1614 1424 hibero
1649 1381 1711 1435 M,
1754 1393 1842 1423 non
1877 1381 2017 1435 Ibero,

1173 1504 1214 1546 5.
1250 1501 1525 1554 Delmatiam,
1548 1512 1637 1542 non
1663 1501 1945 1555 Dalmatiam,
1965 1501 2020 1544 M.

187 1559 229 1601 6.
264 1559 465 1616 locatisq3
493 1562 634 1617 positu
663 1562 717 1622 M.
783 1564 851 1606 10.
891 1562 1052 1604 colonis
1083 1562 1149 1604 M:
1184 1561 1434 1604 emendavit
1464 1561 1653 1615 Lipsius.

189 1690 344 1745 giones
364 1702 441 1743 per
458 1689 690 1732 intervalla
704 1690 876 1733 locatae
898 1696 1058 1733 essent.

189 1747 390 1790 Ceterum
423 1749 566 1791 fontes
604 1749 837 1804 Euphratis
868 1750 1058 1792 Tacitum

186 1807 442 1863 intelligere
468 1807 630 1850 clarum
653 1822 707 1850 ex
726 1810 883 1851 additis
902 1811 1063 1852 accolis

188 1867 346 1909 Hibero
355 1867 618 1923 Albanoque.
641 1868 765 1920 Quod
781 1869 893 1912 liber
906 1871 1060 1910 unicus

188 1926 369 1979 praebet
406 1927 528 1968 initio
571 1928 623 1968 ab
667 1929 824 1981 Suria,
873 1928 1062 1978 libenter

189 1997 243 2026 eo
299 1986 654 2040 acquiescerem,
710 1988 746 2028 si
794 1994 880 2029 tam
930 1988 1061 2029 facile

189 2044 429 2098 approbare
461 2058 657 2098 possem,
706 2046 897 2102 intelligi
928 2049 1060 2101 sacto,

191 2116 242 2144 ac
274 2110 516 2157 promptum
548 2105 631 2146 fuit
675 2105 900 2146 Walthero
935 2104 1064 2147 Orcl-

190 2161 340 2217 lioque
372 2163 415 2203 id
446 2164 743 2218 pronuntiare.
785 2164 910 2206 Nunc
934 2165 1063 2206 video

190 2219 466 2262 manifestum
516 2224 670 2264 vitium
714 2223 944 2278 irrepsisse
991 2222 1063 2265 vel

189 2281 335 2333 potius
367 2280 534 2322 illatum
576 2295 673 2323 esse
712 2296 736 2324 a
778 2282 955 2324 librario
990 2283 1064 2338 qui

189 2341 557 2394 praepositionem
614 2341 671 2382 ad
723 2355 818 2383 cum
871 2342 1063 2383 ablativo

189 2399 311 2455 iungi
345 2405 388 2440 et
419 2406 520 2441 ante
553 2412 697 2442 casum
730 2414 827 2443 eum
855 2401 1063 2443 collocari

188 2457 332 2500 sciens
376 2460 532 2514 Syriae
584 2461 792 2502 continuo
844 2461 887 2501 in
934 2462 1066 2515 Syria

189 2522 394 2570 mutaret,
428 2519 600 2561 scilicet
631 2533 687 2562 ne
719 2520 773 2561 ab
796 2520 953 2574 Syriae
986 2533 1063 2562 so·-

188 2574 314 2618 loece
358 2576 518 2620 dictum
569 2578 758 2620 lectores
802 2578 1060 2622 offenderet.

188 2633 282 2676 Non
318 2637 433 2677 enim
453 2637 532 2679 ille
557 2637 666 2680 vidit
690 2639 812 2680 initio
831 2638 884 2679 ab
904 2631 1061 2693 Syriae

188 2706 302 2736 nove
334 2696 521 2749 positum
557 2711 670 2750 esse,
704 2697 1062 2753 quemadmodum

188 2752 248 2795 ΙΙΙ
287 2755 344 2797 72
386 2762 583 2796 ornatum
621 2757 678 2797 acl
716 2757 853 2807 urbis,
903 2756 962 2798 lv
1009 2757 1061 2800 16

190 2812 307 2853 sedes
335 2814 448 2855 inter
476 2815 714 2868 Vestalium,
751 2815 806 2856 vl
833 2817 887 2858 31
921 2817 1063 2871 ripam

191 2871 305 2926 apud
340 2871 599 2928 Euphratis,
632 2874 686 2915 37
721 2880 764 2915 et
799 2873 874 2914 th
909 2875 959 2915 11
993 2876 1060 2916 νὶ-

186 2942 288 2983 pam
315 2930 373 2970 ad
403 2931 660 2985 Euphratis,
710 2932 786 2973 xl!
820 2933 873 2974 51
921 2934 1061 2988 ripam

192 2987 250 3028 ad
269 2988 443 3030 Araxis.
489 2989 594 3031 nem
626 3003 740 3032 nova
762 2997 827 3031 est
847 2996 1061 3033 structura

191 3045 436 3100 verborum,
460 3048 536 3090 sed
557 3055 698 3090 tamen
727 3049 827 3091 huic
846 3052 1062 3092 contraria

190 3104 229 3145 11
259 3106 287 3147 3
321 3105 631 3149 Arsacidarum
669 3123 692 3149 e
723 3110 955 3164 sanquine,
1001 3110 1062 3151 lv

191 3163 413 3206 annalium
470 3166 527 3208 acl
570 3168 831 3220 testimonia,
898 3168 954 3210 VI
1008 3171 1062 3212 14

193 3219 446 3264 Parthorum
486 3226 543 3266 ad
575 3226 938 3279 misericordiam,
981 3227 1059 3269 ΧΠ

196 3281 250 3322 14
280 3280 470 3323 Arabum
506 3298 598 3324 cum
630 3286 843 3337 exercitu,
887 3287 942 3328 31
979 3300 1060 3342 pe-

192 3338 323 3380 dicum
354 3341 411 3382 ad
439 3343 600 3394 munia,
634 3342 731 3384 Xltl
753 3344 781 3386 6
806 3343 984 3386 militiae
1003 3345 1061 3385 ad

191 3396 371 3441 labores.

276 3458 599 3501 Rhoemetalces
638 3474 692 3502 ac
723 3458 847 3502 libera·
884 3462 1056 3516 Cotyis.-

191 3513 228 3557 ΙΙ
263 3515 343 3570 67,
375 3517 431 3560 lll
461 3518 543 3572 383
593 3519 649 3561 cs.
688 3517 746 3561 lv
779 3520 851 3562 47.
974 3527 1058 3561 tres

191 3574 383 3619 urbanae
414 3603 469 3610 -
502 3578 722 3620 cohortes.-
752 3578 831 3620 sub
867 3576 1059 3634 disposi-

193 3633 311 3678 tione
341 3636 552 3695 praefecti
585 3638 703 3683 urbis
736 3638 897 3684 civium
929 3637 1060 3683 saluti

1145 1697 1189 1732 et
1213 1690 1349 1745 quieti
1372 1689 1657 1745 prospiciunt.
1690 1686 1917 1730 11.11164:
1936 1700 2024 1730 esse

1142 1750 1208 1792 itti
1244 1750 1422 1806 (Sabino
1464 1748 1690 1803 praefecto
1723 1747 1865 1804 urhis)
1914 1761 2024 1803 pro-

1139 1810 1283 1866 prium
1295 1810 1468 1851 militem.
1486 1808 1722 1849 cohortium
1739 1807 2020 1849 urbanarum.

1145 1869 1226 1911 69:
1268 1871 1483 1923 omnisque
1515 1866 1634 1908 miles
1663 1866 1855 1908 urbanus
1887 1873 1926 1907 et
1956 1866 2024 1908 vi..

1144 1928 1249 1984 giles
1269 1928 1433 1970 domum
1448 1951 1503 1960 --
1518 1926 1792 1982 complevere.
1828 1925 1878 1966 ll.
1902 1924 1920 1965 I
1939 1926 2022 1969 20:

1146 1988 1417 2028 exauctorati
1458 2001 1539 2042 per
1599 2000 1669 2027 eos
1720 1986 1809 2027 dies
1849 1984 2022 2036 tribuni,

1147 2072 1202 2090 ε-
1236 2061 1288 2087 ea·
1318 2047 1496 2087 urbanis
1529 2045 1771 2086 cohortibus
1817 2044 2024 2085 Aemilius

1147 2107 1363 2147 Pacensis.

1235 2178 1384 2205 uocem
1408 2164 1658 2220 praetoriae
1675 2176 1689 2204 .·
1715 2161 1921 2218 ‘vigilum
1941 2173 2023 2203 au..

1146 2230 1233 2265 tem
1268 2236 1343 2264 cur
1375 2225 1555 2275 omittit,
1602 2236 1713 2278 quae
1753 2233 1933 2263 numero
1981 2226 2024 2263 et

1147 2283 1303 2324 robore
1329 2296 1456 2336 supra
1469 2282 1686 2324 urbanas?
1719 2283 1893 2335 Septem
1910 2282 2024 2321 enim

1148 2342 1351 2384 cohortes
1385 2349 1522 2395 erant,
1555 2343 1779 2383 institutae
1812 2342 1894 2381 iam
1922 2338 2025 2380 inde

1148 2401 1201 2443 ab
1233 2402 1450 2457 Augusto.
1514 2400 1654 2442 Causa
1686 2400 1812 2452 haec,
1847 2400 1950 2453 quia
1982 2398 2026 2440 id

1148 2462 1246 2503 aevi
1280 2462 1394 2502 inter
1425 2461 1649 2516 legitimos
1679 2461 1906 2513 iustosque
1938 2458 2024 2498 mi-

1149 2520 1249 2561 lites
1283 2519 1445 2577 vigiles
1466 2532 1554 2561 non
1578 2518 1884 2562 censebantur.
1934 2515 2025 2557 lta..

1148 2593 1231 2634 que
1285 2579 1328 2620 in
1378 2579 1579 2620 omnibus
1627 2577 1758 2620 bellis
1818 2574 2023 2618 civilibus

1148 2637 1310 2680 Galbae
1334 2637 1517 2680 Othonis
1539 2637 1709 2679 Vitellii
1743 2649 1840 2677 rara
1873 2646 2023 2677 eorum

1147 2699 1333 2750 mentio,
1378 2697 1526 2739 nullus
1558 2709 1675 2738 usus,
1737 2696 1772 2737 E
1807 2694 2023 2736 libertinis

1147 2756 1249 2798 lecti
1284 2763 1420 2809 erant,
1454 2757 1544 2798 vile
1578 2768 1732 2812 genus,
1767 2761 1811 2796 et
1837 2753 2022 2795 Vulcani

1147 2818 1290 2869 potius
1322 2818 1507 2857 ministri
1543 2828 1671 2870 quam
1703 2814 1866 2855 Marus.
1933 2812 2022 2854 lta..

1147 2887 1231 2928 que
1279 2888 1360 2916 nec
1410 2875 1623 2929 praefecti
1670 2873 1855 2929 vigilum
1907 2872 2022 2913 inter

1147 2933 1338 2975 illustres
1379 2933 1615 2990 dignitates
1660 2933 1825 2973 mentio
1872 2929 2020 2972 Tacito

1146 3005 1357 3047 usqua1n3
1403 2995 1525 3034 cuius
1580 2992 1817 3034 auctoritas
1874 2996 2019 3031 tamen

1145 3051 1354 3103 adolevit,
1388 3053 1499 3093 sicut
1530 3057 1572 3093 et
1601 3051 1789 3092 militum
1810 3051 2016 3103 ipsorum,

1146 3112 1206 3151 nti
1239 3124 1292 3151 ex
1327 3110 1555 3152 Pandectis
1599 3109 1785 3164 aliisque
1828 3108 2017 3159 scripto-

1143 3169 1261 3210 ribus
1295 3169 1486 3210 clarum'.
1549 3168 1740 3208 Lipsius.

1240 3234 1315 3268 aut
1364 3234 1503 3267 vetere
1558 3226 1682 3267 Latio
1741 3231 1782 3265 et
1839 3223 2019 3265 coloniis

1143 3286 1373 3338 antiquitus
1410 3285 1646 3328 Romanis:
1696 3282 1897 3324 coloniae
1935 3294 2017 3322 an..

1143 3345 1322 3397 tiquitus
1340 3344 1558 3385 Romanae
1580 3348 1679 3383 sunt
1698 3342 1877 3395 antiquo
1900 3345 2016 3382 tem-

1141 3414 1247 3454 pore
1278 3403 1321 3442 in
1354 3402 1479 3444 ltalia
1513 3401 1739 3453 conditae,
1782 3411 2022 3454 opponun-

1143 3466 1297 3515 turque
1343 3462 1396 3502 iis
1447 3459 1774 3514 'l'ranspadanae
1817 3459 2013 3514 regionis

1143 3518 1336 3573 oppidiS,
1380 3532 1492 3575 quae
1534 3519 1636 3576 lege
1679 3517 1856 3572 Pompei
1889 3518 2012 3560 Stra..

1141 3577 1269 3620 bonis
1302 3581 1363 3635 (a.
1392 3579 1450 3622 89
1481 3584 1581 3620 ante
1613 3576 1740 3635 Chr.)
1778 3577 2022 3620 Latinitate>

1142 3636 1300 3682 donata
1340 3643 1384 3684 et
1425 3636 1557 3687 nullis
1596 3636 1766 3685 colonis
1813 3635 2019 3684 deductis-
