2280 4004
0 718 16 770 ,ς
48 687 166 788 fig..

241 265 331 311 244

967 264 1260 312 ANNALIVM

1813 286 1854 318 a.
1886 285 1932 318 u.
1965 266 2066 319 776.

240 410 446 461 domino
484 411 714 476 interque
748 410 998 476 primores
1047 412 1306 465 ministros
1346 419 1482 478 erat3
1538 414 1725 468 deinde
1771 417 1904 470 inter
1939 433 2069 471 con-

239 502 377 554 scios
417 503 503 553 ubi
540 501 684 553 locus
724 502 961 553 veneficii
995 508 1290 571 tempusque
1329 506 1609 572 composita
1647 507 1764 573 sint,
1805 509 2070 562 eo'auda-

57 655 127 681 w>
166 625 194 667 J·
241 594 351 645 ciae
388 596 683 659 provectum
721 597 1131 674 utggrtffieretet,
1172 595 1373 647 occulto
1410 596 1603 649 indicio
1634 598 1849 650 Drusum
1883 599 2069 652 veneni

240 685 292 735 in
319 689 512 750 patrem
536 698 776 752 arguenS,
815 674 1047 737 moneret
1073 674 1327 738 Tiberium
1364 687 1620 741 vitandam
1646 691 1905 756 potionem
1930 704 2070 757 quae

202 778 398 844 sprima
438 778 484 829 ei
524 777 654 843 apud
695 777 847 828 filium
886 778 1106 844 epulanti
1157 778 1442 832 offerretur.

1515 781 1586 833 Ea
1625 781 1805 834 fraude
1844 786 1943 833 tum
1982 797 2071 835 se-

238 884 383 934 nem,
439 873 705 934 postquam
745 868 1033 920 convivium
1069 869 1280 936 inierat,
1333 864 1596 938 exceptum
1632 873 1867 939 poculum
1902 873 2069 925 Druso

236 958 511 1011 tradidisse
525 978 539 1023 ;
597 964 746 1026 atque
784 959 871 1011 illo
926 961 1107 1027 ignaro
1150 966 1198 1012 et
1246 961 1532 1014 iuveniliter
1571 962 1836 1015 hauriente
1873 967 2069 1014 auctam

237 1050 598 1117 suspicionem,
624 1056 876 1117 tamquam
915 1057 1048 1104 metu
1085 1058 1134 1103 et
1163 1053 1359 1119 pudore
1396 1053 1596 1106 sibimet
1633 1054 1898 1122 inrogaret
1929 1068 2073 1106 mor-

235 1146 336 1193 tem
378 1157 524 1209 quam
551 1143 682 1209 patri
718 1148 986 1195 struxerat.

1061 1144 1200 1196 Haec
1232 1145 1387 1213 vulgo
1417 1146 1618 1211 iactata,
1661 1161 1815 1212 super
1846 1146 1897 1196 id
1934 1145 2070 1212 quod
2088 1156 2153 1205 11

175 1253 223 1290 ω
237 1233 374 1285 nullo
401 1239 610 1286 auctore
649 1240 790 1287 certo
818 1235 1092 1301 firmantur,
1120 1241 1349 1303 prompte
1379 1237 1701 1289 refutaveris.

1775 1237 1899 1299 Quis
1937 1238 2071 1290 enim

235 1327 486 1378 mediocri
522 1326 821 1393 prudentia,
889 1327 1075 1378 nedum
1113 1328 1343 1379 Tiberius
1393 1329 1545 1380 tantis
1589 1329 1743 1380 rebus
1795 1329 2070 1394 exercitus,

236 1418 464 1469 inaudito
501 1418 603 1469 filio
645 1418 849 1469 exitium
893 1417 1128 1483 offerret,
1189 1418 1341 1484 idque
1384 1433 1475 1470 sua
1526 1433 1676 1470 manu
1730 1423 1780 1470 et
1818 1418 1954 1470 nullo
2007 1417 2073 1470 ad

234 1509 593 1576 paenitendum
621 1509 903 1577 regressu?

977 1510 1108 1571 Quin
1141 1510 1310 1576 potius
1346 1510 1628 1562 ministrum
1664 1510 1851 1561 veneni
1889 1523 2076 1562 excru-

239 1602 415 1667 ciaret,
456 1606 716 1652 auctorem
755 1601 1062 1668 exquireret,
1099 1601 1248 1653 insita
1276 1601 1494 1668 denique
1519 1601 1670 1653 etiam
1709 1601 1761 1651 in
1802 1605 2073 1653 extraneos

175 1699 221 1745 is
240 1693 563 1745 cunctatione
605 1697 655 1744 et
693 1707 834 1744 mora
873 1693 1144 1744 adversum
1177 1693 1380 1744 unicum
1421 1697 1470 1744 et
1507 1692 1691 1744 nullius
1732 1697 1848 1744 ante
1895 1692 2074 1759 flagitii

240 1790 550 1851 compertum
599 1789 843 1835 uteretur.

937 1784 1036 1837 Sed
1090 1784 1206 1850 quia
1255 1784 1468 1837 Seianus
1518 1783 1800 1835 facinorum
1853 1783 2073 1835 omnium

236 1881 470 1943 repertor
505 1876 803 1941 habebatur,
842 1891 906 1927 ex
941 1875 1094 1926 nimia
1135 1875 1343 1928 caritate
1382 1876 1434 1926 in
1471 1890 1583 1927 eum
1624 1875 1859 1927 Caesaris
1897 1879 1946 1927 et
1970 1890 2077 1927 'cc-

238 1973 462 2019 terorum
498 1968 549 2018 in
584 1973 850 2033 utrumque
882 1967 1010 2018 odio
1061 1967 1289 2034 quamvis
1328 1966 1560 2018 fabulosa
1598 1971 1648 2018 et
1683 1966 1918 2018 immania
1955 1980 2075 2018 cre-

240 2059 514 2125 debantur,
575 2059 833 2111 atrociore
869 2074 1072 2126 semper
1126 2060 1259 2111 fama
1312 2074 1435 2126 erga
1487 2058 1849 2110 dominantium
1889 2058 2071 2109 exituS.

174 2151 383 2227 nerdo
421 2150 610 2217 alioqui
647 2150 860 2210 sceleris
897 2165 990 2216 per
1010 2150 1276 2216 Apicatam
1309 2149 1482 2203 Seiani
1519 2148 1767 2216 prodituS‚
1809 2148 2074 2200 tormentis

237 2242 452 2295 Eudemi
508 2259 570 2295 ac
605 2243 769 2310 Lygdi
805 2242 1087 2309 patefactus
1137 2247 1229 2294 est.

357 2398 399 2440 2.
432 2395 547 2438 locos
576 2396 630 2439 M.
725 2410 848 2453 conp.
882 2396 937 2439 M.

241 2455 282 2497 5.
318 2456 375 2511 ei]
413 2463 451 2497 et
482 2456 547 2498 M:
585 2458 776 2498 correxit
807 2455 1060 2498 Rhenanus.
1124 2462 1226 2511 aput
1259 2455 1312 2497 M.
1344 2490 1357 2493 -

485 2517 553 2558 13.
582 2517 717 2571 penit.
753 2516 807 2558 M.
875 2515 942 2558 16.
979 2529 1102 2572 conp.
1138 2515 1192 2557 M.
1260 2513 1328 2556 18.
1362 2514 1571 2556 immania
1601 2513 1657 2567 M,
1690 2523 1779 2553 non
1809 2512 1982 2554 inania.

238 2527 326 2569 mg.
358 2508 400 2556 'M
408 2548 416 2557 .

327 2651 373 2685 ut
403 2651 613 2686 verteret.-
649 2645 731 2686 hoc
764 2644 879 2697 loco,
907 2650 954 2684 ut
984 2658 1116 2698 saepe

242 2701 351 2744 alias
395 2704 508 2757 apud
551 2703 771 2756 Tacitum,
812 2710 997 2746 verteret
1045 2705 1115 2744 in-

241 2763 472 2804 transitive
503 2764 689 2816 positum
724 2769 803 2815 est,
838 2775 923 2819 quo
952 2763 1113 2804 factum

243 2827 289 2861 ut
323 2834 410 2862 uno
442 2822 577 2863 verbo
602 2822 712 2864 haec
733 2822 942 2864 denotare
967 2828 1116 2876 posset

241 2893 386 2922 rerum
408 2884 697 2935 narrator-fut
720 2888 865 2935 partes
885 2883 1114 2923 noxiorum

243 2942 582 2996 innocentisque
600 2943 914 2983 commutaret'.
965 2940 1113 2982 Theo-

245 2998 392 3041 disce:
419 2999 516 3041 dass
535 3014 583 3041 er
603 3001 669 3042 die
689 3001 960 3057 umqekehrte
976 3000 1114 3042 Rich-

245 3065 347 3114 temq
379 3059 525 3102 nahm.

334 3115 439 3173 Cap.
467 3121 534 3161 11.
584 3119 777 3159 iactata:
810 3116 912 3159 hinc
935 3115 1114 3159 Orosius

246 3175 325 3218 Vll
358 3178 386 3219 3
417 3177 546 3219 tradit
562 3177 747 3219 Drusum
782 3190 807 3218 a
828 3177 1001 3219 Tiberio
1033 3189 1116 3218 ve-

244 3248 359 3278 neno
393 3240 632 3279 extinctum
667 3250 780 3279 esse.
904 3239 1006 3291 quin
1034 3250 1117 3292 po-

245 3296 327 3336 tius
359 3298 598 3338 ministrum
629 3310 790 3337 veneno
820 3295 1116 3337 excruciaret.-

247 3357 509 3397 contrarium
554 3355 668 3411 quod
710 3357 777 3397 vir
824 3357 955 3397 tantis
987 3355 1118 3396 rebus

247 3415 465 3456 exercitus
506 3415 697 3466 faceret,
749 3415 834 3455 iam
877 3415 930 3457 ab
973 3426 1117 3455 rerum

245 3476 458 3527 scriptore
491 3476 774 3527 proponitur-3
809 3475 910 3528 quin
937 3479 1002 3514 est
1023 3473 1117 3514 fere

244 3532 362 3584 quod
392 3535 532 3574 immo.

333 3606 413 3647 per
431 3591 660 3647 Apicatam
681 3591 859 3633 Seiani:
890 3593 1117 3646 Apicatam

245 3649 392 3694 Seiani
423 3663 603 3695 uxorem
627 3661 725 3693 esse
749 3663 844 3695 cum
865 3650 1117 3708 legentibus

1030 2397 1115 2438 sint
1146 2396 1201 2448 M,
1234 2407 1323 2436 non
1355 2392 1559 2436 Beroaldi
1594 2400 1705 2437 sunt.

1316 2241 1492 2307 Neque
1542 2240 1806 2307 quisquam
1855 2240 2076 2308 scriptor

1798 2392 1982 2435 audacie
2017 2392 2072 2435 M.

1391 2455 1595 2511 offeretur
1627 2453 1682 2495 M.
1764 2467 1859 2494 cum
1889 2451 1956 2505 M,
1989 2457 2075 2494 tum

1205 2656 1258 2685 ex
1293 2657 1330 2685 c.
1357 2645 1385 2686 3
1418 2644 1641 2699 cognitum
1676 2641 1962 2693 existimaret,
1990 2639 2074 2681 hoc

1203 2702 1301 2743 loco
1315 2703 1578 2743 matrimonii
1595 2701 1950 2742 coniunctionem
1970 2711 2074 2740 casu

1202 2763 1400 2817 genitivo
1434 2759 1727 2816 significavit,
1779 2758 1925 2813 ellipsi
1959 2756 2075 2811 apud

1201 2826 1352 2874 poetas
1386 2826 1430 2862 et
1461 2820 1698 2874 scriptores
1733 2818 1891 2860 aetatis
1909 2829 2074 2873 argen-

1200 2886 1299 2922 teae
1335 2881 1510 2921 usitata.
1560 2879 1728 2921 Ennius
1749 2877 1862 2933 apud
1886 2875 2074 2918 Gellium

1202 2939 1295 2981 xm
1345 2941 1402 2983 22
1456 2939 1509 2980 18
1563 2939 1793 2980 Nerienem
1845 2935 2070 2978 Mavortis.

1204 2998 1361 3054 virgil.
1395 2999 1507 3039 Aen.
1541 2997 1599 3039 Ill
1629 2997 1717 3040 319
1749 2995 1946 3038 Hectoris
1976 2993 2074 3035 Au-

1202 3057 1447 3099 dromache.
1512 3056 1624 3098 Plin.
1672 3055 1723 3097 N.
1773 3055 1824 3096 Η.
1868 3052 1999 3095 XXIX
2046 3053 2073 3094 5

1204 3115 1443 3158 Messalina
1472 3114 1649 3157 Claudii
1674 3113 1892 3165 Caesaris,
1916 3109 2074 3153 XXXV

1203 3176 1260 3218 58
1311 3175 1555 3231 Agrippina
1617 3172 1792 3215 Claudii
1852 3170 2071 3213 Caesaris.

1204 3234 1329 3289 Apud
1352 3233 1537 3276 eundem
1565 3231 1623 3274 lx
1642 3233 1694 3275 19
1714 3231 1906 3274 Antonia
1925 3229 2072 3282 Drusi,

1204 3293 1337 3335 XXIX
1388 3292 1416 3335 8
1474 3292 1600 3334 Livia
1654 3291 1789 3333 Drusi
1841 3289 2045 3331 Caesaris
2057 3301 2074 3338 ,·

1207 3352 1282 3394 Vll
1315 3352 1374 3395 49
1412 3352 1535 3393 Livia
1567 3350 1736 3402 Rutilii,
1764 3349 1961 3392 Terentia
1994 3346 2073 3389 cn·-

1205 3412 1387 3463 caronis,
1424 3410 1578 3452 Clodia
1613 3409 1739 3464 Ofilii.
1801 3408 1925 3450 Alter
1959 3404 2070 3446 Plin.

1202 3471 1341 3526 Epist.
1372 3470 1409 3511 11
1442 3471 1499 3513 20
1548 3469 1738 3512 Verania
1778 3465 1968 3516 Pisonis,
2014 3461 2072 3504 vl

1207 3531 1260 3573 16
1292 3530 1479 3572 Rectina
1511 3529 1655 3571 Caesia·
1686 3526 1823 3569 Bassi.
1878 3522 2073 3565 Antonia

1204 3590 1341 3633 Drusi
1371 3590 1415 3631 in
1448 3587 1587 3629 titulis
1610 3599 1678 3640 ap.
1715 3582 1925 3627 Orellium
1955 3581 2071 3625 2445

1205 3654 1248 3693 et
1278 3648 1408 3695 2911.
1458 3643 1708 3690 Consimilis
1741 3647 1808 3688 est
1831 3653 1934 3686 usus
1957 3639 2072 3701 apud
