2280 4004
236 311 262 350 a
293 299 341 347 c.
378 290 445 347 tc.
827 299 989 344 [ABER
1018 297 1071 342 11.
1135 296 1240 341 cn.
1275 297 1464 342 38-40.
1972 289 2058 333 123

167 447 170 450 ’
238 450 324 498 aut
357 454 556 496 rursum
594 443 724 510 apud
757 441 987 492 turbidos
1025 453 1188 505 eoque
1222 450 1355 487 nova
1399 433 1673 500 cupientes.
1749 429 1915 495 Atque
1952 428 2060 494 ipse

239 538 382 591 adire
417 535 689 601 municipia
728 527 948 586 obscuro
985 530 1115 594 diei,
1165 541 1330 594 neque
1365 524 1625 592 propalam
1662 521 1845 588 aspici,
1895 534 2060 585 neque

240 629 425 682 diutius
475 626 638 679 isdem
686 623 848 686 lociS,
906 621 996 674 sed
1036 619 1151 686 quia
1199 618 1390 669 veritas
1442 616 1558 666 visu
1606 618 1655 665 et
1701 626 1873 675 mora,
1932 610 2061 661 falsa

240 718 565 771 festinatione
602 719 652 765 et
679 712 891 763 incertis
927 710 1207 772 valescunt,
1236 705 1555 787 relinquebat
1580 704 1763 755 famam
1801 705 1885 781 aut
1907 715 2064 769 prae-

155 809 491 878 wyeniebat.
589 804 902 871 Vulgabatur
946 801 1146 852 interim
1196 779 1521 864 pes-Italiam
1559 779 1813 847 servatum
1854 801 2102 842 munere⁵

240 872 717 964 deum‘Agrippam,
757 893 1058 945 credebatur
1093 893 1307 952 Romae3
1344 890 1544 954 iamque
1583 886 1774 939 Ostiam
1810 884 2064 934 invectum

239 988 503 1041 multitudo
543 987 743 1053 ingenS,
781 985 879 1036 iam
916 983 968 1033 in
1002 983 1130 1034 urbe
1171 979 1471 1032 clandestini
1504 982 1679 1028 coetus
1721 973 2062 1035 celebrabant,

242 1059 353 1132 cum
392 1078 645 1131 Tiberium
688 1090 875 1142 anceps
924 1090 1045 1125 cura
1088 1072 1397 1134 distrahere,
1458 1069 1578 1120 vine
1614 1067 1823 1117 militum
1862 1078 2065 1116 servum

240 1185 383 1224 suum
421 1172 716 1232 coerceret,
759 1182 824 1218 an
863 1166 1064 1216 inanem
1107 1161 1454 1213 credulitatem
1490 1164 1719 1224 tempore
1756 1157 1868 1222 ipso
1904 1168 2068 1205 vane-

240 1275 388 1314 scere
424 1260 631 1312 sineret.
729 1257 883 1309 Modo
933 1254 1060 1305 nihil
1106 1251 1474 1319 spernendum,
1542 1248 1695 1299 modo
1756 1261 1861 1297 non
1900 1245 2066 1296 omnia
2085 1254 2134 1290 ιο

240 1350 508 1404 metuenda
544 1348 809 1415 ambiguus
861 1344 1074 1411 pudoris
1128 1358 1191 1394 ac
1237 1346 1397 1392 metus
1454 1338 1734 1405 reputabat.
1806 1337 2068 1387 Postremo

242 1442 327 1495 dat
348 1441 607 1508 negotium
633 1438 871 1492 Sallustio
899 1436 1096 1501 Crispo.
1172 1434 1261 1484 Ille
1303 1447 1331 1483 e
1368 1431 1635 1482 clientibus
1672 1429 1800 1480 duos
1838 1426 2069 1493 (quidam

243 1533 428 1585 milites
473 1531 632 1582 fuisse
672 1529 904 1594 tradunt)
944 1526 1122 1592 deligit
1173 1529 1322 1590 atque
1357 1523 1615 1586 hortatur,
1672 1518 1903 1571 simulata
1943 1531 2075 1567 con-

243 1622 457 1676 scientia
495 1621 696 1684 adeant,
731 1618 948 1670 offerant
975 1617 1258 1683 pecuniam,
1297 1614 1446 1665 fidem
1475 1615 1624 1678 atque
1655 1609 1880 1676 pericula
1917 1607 2073 1673 polli-

245 1717 468 1764 ceantur.
543 1711 870 1776 Exequuntur
906 1713 961 1759 ut
994 1708 1184 1758 iussum
1224 1709 1348 1757 erat.
1422 1703 1552 1754 Dein
1587 1700 1833 1767 speculati
1867 1703 2070 1749 noctem
2090 1709 2137 1748 ιε

245 1802 628 1865 incustoditam,
670 1804 879 1865 accepta
914 1798 1101 1848 idonea
1138 1810 1316 1859 mann,
1357 1795 1608 1856 vinctum,
1650 1791 1824 1843 clauso
1866 1804 1983 1853 ore,
2019 1788 2072 1838 in

243 1892 483 1945 Palatium
541 1896 760 1942 traxere.
877 1887 1198 1940 Percontanti
1256 1885 1460 1936 Tiberio
1534 1881 1789 1949 quomodo
1845 1879 2072 1947 Agrippa

246 1983 408 2036 factus
436 1987 588 2046 esset,
612 1979 943 2046 respondisse
982 1979 1140 2029 fertur
1168 1975 1446 2042 ‘quomodo
1484 1979 1538 2025 tu
1563 1970 1785 2025 Caesar.'
1847 1972 1909 2022 Ut
1947 1970 2076 2021 ede-

247 2077 324 2126 ret
371 2072 575 2136 sociOS,
638 2070 806 2137 subigi
852 2083 957 2120 non
1004 2068 1179 2133 potuit.
1277 2065 1383 2117 Nec
1418 2064 1647 2116 Tiberius
1694 2077 1911 2128 poenam
1963 2061 2072 2111 eius

247 2163 410 2230 palam
447 2176 616 2226 ausuS,
654 2161 708 2211 in
744 2164 942 2212 secreta
969 2158 1144 2209 Palatii
1172 2162 1315 2223 parte
1351 2155 1568 2206 interfici
1603 2154 1749 2205 iussit
1786 2161 2138 2219 corpusquew

251 2255 378 2318 clam
406 2252 610 2304 auferri.
675 2252 737 2303 Et
764 2264 1062 2317 quamquam
1092 2249 1230 2300 multi
1261 2264 1289 2298 e
1320 2248 1470 2298 domo
1507 2244 1749 2312 principis
1779 2242 2074 2309 equitesque

251 2361 311 2398 ac
347 2349 611 2396 senatores
654 2326 968 2394 sustentasse
1009 2340 1218 2406 opibuS,
1268 2338 1459 2390 iuvisse
1499 2336 1726 2390 consiliis
1766 2335 2072 2400 dicerentur,

248 2434 383 2487 haud
417 2433 712 2501 quaesitum.

376 2561 414 2602 1.
447 2566 550 2616 aput
579 2560 634 2601 M.
754 2558 796 2600 4.
828 2558 1115 2614 [estimatione
1147 2558 1202 2599 M.
1304 2557 1345 2598 7.
1387 2562 1508 2597 catus
1541 2555 1605 2608 M,
1639 2555 1683 2596 in
1713 2567 1800 2611 mg.
1836 2558 1966 2594 cetus.
2033 2554 2075 2596 9.

249 2625 498 2661 vanesceret
526 2619 594 2660 M:
629 2618 819 2660 correxit
847 2617 1106 2659 Beroaldus.
1193 2617 1261 2660 10.
1294 2614 1588 2671 spernemdum
1619 2614 1674 2656 Μ.
1752 2616 1820 2658 12.
1856 2611 2079 2654 edentibus

252 2679 306 2720 M.
404 2679 470 2720 13.
506 2677 675 2732 diligit,
723 2682 766 2718 et
797 2689 898 2717 mox
931 2677 1116 2718 aderant
1137 2676 1198 2720 M:
1235 2677 1426 2716 correxit
1449 2672 1708 2715 Beroaldus.
1776 2673 1844 2715 15.
1879 2686 1966 2714 ατε.
2005 2671 2077 2715 Or.

256 2737 323 2779 16.
352 2738 525 2790 finctum
556 2736 611 2778 M.
698 2741 919 2791 perc-unct.
955 2735 1028 2778 Or.
1127 2735 1193 2778 19.
1225 2748 1383 2791 penam
1414 2734 1469 2776 M.

339 2848 606 2902 relinquebat
641 2850 804 2903 famam
835 2855 910 2890 aut
935 2861 1123 2904 praeve-

255 2907 429 2948 aiebat:
473 2908 638 2948 ‘statim
682 2906 884 2947 abeundo
934 2907 1122 2958 scilicet,

256 2967 505 3019 priusquam
516 2965 630 3006 bene
644 2964 943 3006 innotesceret
958 2979 968 3006 :
993 2978 1124 3020 prae-

256 3023 462 3066 veniebat
509 3029 652 3065 autem
701 3036 755 3064 ex
809 3024 1033 3078 inopinato
1081 3030 1127 3066 et

257 3083 460 3125 celeriter
506 3095 555 3124 se
591 3082 802 3124 sistendo.
864 3082 927 3124 lta
973 3096 1122 3138 parum

257 3153 414 3197 gnaros
438 3140 729 3197 relinquebat,
763 3154 912 3195 parum
932 3142 1126 3196 providis

257 3214 303 3241 se
334 3200 542 3242 sistebat’.
604 3200 794 3242 Lipsius.

1208 2847 1309 2888 freti
1359 2846 1544 2888 eundem
1595 2853 1642 2888 ut
1693 2858 1844 2888 verum
1890 2846 2079 2902 Augusti

1208 2907 1465 2962 sanguinem
1483 2906 1629 2948 verbis
1653 2905 1957 2948 celebrabant:
1982 2918 2080 2946 nam

1210 2977 1262 3007 eo
1317 2964 1526 3007 audaciae
1580 2978 1753 3008 servum
1803 2977 2081 3021 progressum

1210 3037 1308 3066 esse
1356 3031 1402 3064 ut
1447 3030 1598 3067 coetus
1631 3024 1819 3066 urbanos
1853 3025 2081 3074 inviseret,

1210 3084 1293 3126 hoc
1326 3097 1350 3124 a
1382 3085 1475 3125 veri
1512 3083 1797 3125 similitudine
1842 3082 1968 3123 nimis
2001 3082 2081 3123 ab-

1211 3144 1373 3193 horret,
1408 3156 1550 3197 neque
1588 3143 1702 3183 inest
1734 3143 1777 3182 in
1799 3141 1945 3182 verbis
1968 3153 2080 3194 quae

1210 3202 1412 3256 legimuS.
1475 3200 1607 3241 Immo
1642 3200 1805 3242 Ostiam
1838 3211 1936 3240 esse
1968 3198 2081 3238 unde

1211 3260 1395 3300 clientes
1430 3258 1500 3299 vel
1533 3258 1695 3300 milites
1739 3257 1933 3299 Sallustii
1983 3254 2081 3296 Cri..

363 3315 467 3370 Cup.
500 3318 572 3360 40.
634 3319 801 3370 iamque
852 3318 1013 3359 Ostiam
1053 3317 1126 3356 in-

258 3381 419 3417 vectum
439 3400 494 3407 —-
515 3374 810 3416 celebrabant.-
843 3388 956 3430 quae
978 3374 1126 3416 Ostiae

261 3434 509 3476 celebrabat
573 3431 841 3475 Clementem
893 3433 1128 3474 multitudo

261 3495 432 3548 iugens,
467 3506 516 3534 ea
551 3497 823 3546 praesentem
852 3497 895 3532 et
911 3491 1125 3532 coloniam

260 3551 379 3593 illam
412 3553 656 3608 ingressum
691 3551 920 3605 conspexit
953 3556 996 3591 et
1019 3561 1128 3591 con-

264 3609 473 3653 cursando
516 3610 724 3653 admirata
756 3616 845 3662 est,
886 3609 962 3651 sed
1005 3608 1130 3651 clan-

264 3667 420 3711 destini
451 3671 496 3713 in
527 3668 633 3713 urbe
666 3669 802 3713 Roma
833 3674 985 3712 coetus
1016 3667 1130 3711 fama

1210 3319 1276 3370 spi
1309 3323 1522 3356 nocturno
1563 3323 1758 3370 tempore
1802 3320 2081 3368 personatum

1211 3377 1444 3430 Agrippam
1496 3375 1539 3414 in
1584 3375 1793 3415 Palatium
1845 3374 2083 3429 urbemque

1212 3434 1413 3482 trahunt,
1475 3446 1527 3473 ex
1588 3433 1819 3474 verborum
1873 3438 2082 3474 contextu

1214 3491 1429 3547 colligere
1462 3491 1582 3533 licet.
1634 3492 1774 3534 Aliter
1797 3494 1949 3533 statuit
1974 3492 2082 3534 Hal-

1212 3551 1324 3592 mius
1358 3549 1386 3592 Ι.
1422 3562 1459 3591 e.
1524 3549 1591 3593 Cf.
1628 3551 1663 3592 V
1701 3552 1779 3595 10:
1812 3553 1900 3593 iam
1928 3552 2081 3593 iuven-

1214 3611 1311 3651 tutis
1342 3622 1572 3663 concursu,
1609 3612 1697 3653 iam
1722 3610 1904 3667 publicis
1933 3611 2082 3654 studiis

1212 3668 1566 3726 frequentabatur
1597 3669 1757 3726 (falsus
1789 3670 1995 3727 Drusus).
