2280 4004
246 292 335 337 148
1025 289 1321 339 ANNAva
1826 311 1866 343 a.
1898 309 1943 343 u.
1977 285 2080 343 7'722

246 439 490 506 principis
529 439 798 491 immittere
832 438 1083 491 latronum
1122 439 1324 508 globOS,
1361 439 1638 493 excindere
1677 431 1915 508 castella,
1954 456 2081 494 cau-

245 546 331 584 sas
387 531 539 583 benc.
627 531 761 584 Nihil
810 546 971 598 aeque
1009 531 1264 583 Tiberium
1305 531 1506 586 anxium
1554 532 1774 585 habebat
1824 547 1974 600 quam
2017 537 2169 588 ne65

247 623 526 689 composita
580 622 920 674 turbarentur
1025 623 1215 704 Deligit
1273 623 1619 677 centurionem
1679 615 1763 691 qui
1828 623 2082 676 nuntiaret

243 714 454 780 regibus
513 729 578 766 ne
630 713 784 766 armis
835 707 1209 781 disceptarent3
1267 716 1535 782 statimque
1584 730 1613 766 a
1661 716 1821 784 Cotye
1873 715 2081 768 dimissa

207 810 361 859 ssunt
424 821 552 872 quae
613 811 884 873 paraverat
952 806 1156 858 auxilia.
1251 807 1597 875 Rhescuporis
1651 807 1766 859 ficta
1830 807 2081 860 modestia

242 896 491 962 postulat,
545 898 761 950 eundem
796 898 850 948 in
894 898 1063 950 locum
1106 899 1357 951 coiretur:
1421 914 1576 966 posse
1612 899 1677 951 de
1718 899 2084 951 controversiis

246 987 501 1055 colloquio
535 990 767 1057 transigi.
837 991 944 1043 Nec
983 991 1069 1042 diu
1107 990 1383 1042 dubitatum
1424 991 1487 1043 de
1523 996 1751 1058 tempore
1788 991 1924 1057 loen,
1963 991 2084 1043 dein

246 1080 641 1146 conditionibus,
686 1097 796 1132 cum
826 1082 953 1133 alter
989 1082 1232 1134 facilitate
1267 1082 1395 1135 alter
1430 1082 1611 1135 fraude
1649 1086 1830 1135 cuncta
1867 1083 2001 1135 inter
2027 1097 2085 1135 se

247 1170 593 1224 concederent
633 1174 1042 1240 acciperentque.
1117 1174 1460 1240 Rhescuporis
1501 1174 1800 1240 sanciendo,
1843 1179 1897 1225 ut
1932 1173 2085 1225 dicti-

185 1263 411 1329 nctabat,
456 1264 655 1316 foederi
697 1265 986 1317 convivium
1020 1265 1202 1330 adicit,
1252 1270 1514 1332 tractaque
1550 1265 1603 1316 in
1639 1266 1842 1318 multam
1879 1271 2083 1319 noctem

244 1354 436 1406 laetitia
471 1370 564 1422 per
601 1356 773 1422 epulas
798 1372 858 1408 ac
882 1356 1212 1408 vinolentiam
1242 1357 1496 1408 incautum
1524 1357 1687 1424 Coty-n
1725 1362 1789 1422 et,
1818 1362 2085 1424 postquam

247 1446 417 1498 dolum
452 1447 786 1513 intellexerat,
827 1463 975 1500 sacra
1008 1449 1174 1516 regni,
1216 1448 1445 1500 eiusdem
1485 1449 1707 1500 familiae
1747 1448 1874 1501 deos
1911 1453 1961 1500 et
1986 1449 2087 1501 ho·-

245 1537 437 1604 spitalis
475 1554 678 1591 mensas
717 1540 1053 1591 obtestantem
1092 1540 1285 1592 catenis
1324 1545 1518 1591 onerat.
1595 1540 1912 1607 Thraciaque
1949 1540 2085 1592 omni

183 1721 596 1775 1⁵insidiatorem
611 1741 625 1786 3
698 1723 845 1775 simul
908 1723 1093 1775 bellum
1145 1724 1391 1775 adversus
1441 1723 1715 1776 Basternas
1769 1723 2084 1790 Scythasque

243 1814 615 1880 praetendenS,
673 1816 822 1867 novis
859 1815 1081 1882 peditum
1131 1820 1181 1867 et
1216 1817 1433 1882 equitum
1481 1816 1641 1882 copiis
1681 1829 1798 1867 sese
1834 1814 2080 1866 firmabat.

242 1905 462 1958 Molliter
500 1906 829 1973 rescriptum,
888 1907 932 1958 si
967 1908 1104 1959 fraus
1143 1908 1375 1973 abesset,
1414 1921 1568 1973 posse
1610 1922 1722 1958 eum
1757 1905 2083 1959 innocentiae

241 1996 401 2050 fidere
415 2015 429 2062 3
485 2002 708 2050 ceterum
767 2012 931 2065 neque
977 2014 1034 2051 se
1071 2014 1237 2065 neque
1273 2003 1500 2050 senatum
1547 1998 1647 2051 nisi
1684 1998 1889 2066 cognita
1928 2011 2082 2049 causa

242 2088 321 2141 ius
372 2093 422 2140 et
470 2088 705 2140 iniuriam
761 2089 1106 2141 discreturos:
1163 2088 1380 2155 proinde
1434 2089 1620 2142 tradito
1675 2090 1834 2156 Cotye
1884 2088 2084 2140 veniret

180 2180 644 2247 wtransferretque
680 2180 923 2233 invidiam
959 2181 1201 2232 criminis.
1276 2181 1376 2233 Eas
1415 2181 1608 2233 litteras
1635 2180 1859 2232 Latinius
1882 2178 2168 2231 Pandusffli

242 2287 335 2338 pro
375 2278 613 2339 praetore
650 2273 877 2325 Moesiae
915 2288 1027 2323 cum
1062 2272 1302 2323 militibus
1344 2273 1455 2339 quis
1496 2273 1648 2339 Cotys
1686 2272 1989 2336 traderetur,
2030 2270 2081 2321 in

244 2363 511 2415 Thraciam
552 2364 704 2416 misit.
779 2364 1124 2430 Rhescuporis
1156 2364 1288 2415 inter
1325 2368 1508 2415 metum
1548 2368 1597 2415 et
1635 2363 1760 2414 iram
1799 2365 2079 2426 cunctatus,

244 2454 418 2506 maluit
451 2456 633 2522 patrati
673 2470 819 2522 quam
857 2455 1045 2522 incepti
1084 2455 1328 2507 facinoris
1370 2470 1488 2506 reus
1530 2469 1672 2506 esse:
1714 2453 1880 2506 occidi
1919 2453 2083 2520 Cotyn

246 2545 408 2610 iubet,
480 2551 795 2612 mortemque
845 2552 1025 2612 sponte
1078 2550 1322 2612 sumptam
1378 2545 1659 2597 ementitur.
1752 2545 1858 2596 Nec
1914 2547 2082 2595 tamen

366 2716 405 2758 1.
439 2716 541 2758 inm.
578 2716 632 2758 M.
706 2717 747 2759 2.

247 2773 485 2817 dicionibus
516 2774 559 2818 h.
594 2775 622 2817 l.
659 2774 731 2817 Or.

783 2716 971 2757 amatium
1004 2715 1075 2758 vel
1110 2717 1305 2758 animiam
1337 2729 1387 2771 pr
1415 2715 1470 2758 M.
1544 2716 1583 2758 7.
1619 2715 1731 2758 cont.
1765 2716 1820 2758 M.
1896 2716 1939 2759 8.
1975 2729 2082 2757 con-

806 2775 847 2818 9.
882 2775 1161 2831 rhescupores
1192 2775 1246 2818 M.
1325 2777 1392 2818 14.
1425 2775 1593 2817 scribsit
1623 2775 1679 2818 Μ.
1747 2776 1814 2818 15.
1849 2775 2083 2818 Basternas

247 2833 303 2887 M,
339 2846 427 2875 non
458 2834 715 2888 Bastarnas,
750 2841 796 2875 ut
827 2834 1077 2877 Rhenanus.
1149 2837 1220 2879 2l.
1258 2836 1391 2891 cotyis
1422 2834 1477 2877 M.

252 2892 518 2936 Thraeciam.
583 2895 654 2938 23.
691 2901 783 2950 σοις]
817 2907 912 2936 cum
946 2894 1023 2937 lin.
1056 2894 1110 2936 M.

336 3062 491 3091 causas
534 3046 666 3090 bello.-
721 3046 806 3091 vid.
853 3047 968 3090 dicta
1008 3047 1061 3090 ad
1102 3049 1120 3090 l

247 3108 301 3152 27
337 3114 379 3150 et
411 3109 454 3151 3.

338 3166 443 3222 Cap.
477 3168 548 3210 65.
602 3167 651 3209 de
684 3175 869 3224 tempore
890 3166 997 3221 loco,
1024 3167 1122 3208 dein

249 3227 587 3269 conditionibus:
621 3241 663 3269 v.
697 3227 748 3268 ad
782 3227 835 3269 Xl
870 3226 912 3268 6.

338 3285 443 3340 Cap.
474 3286 545 3329 66.
610 3287 809 3329 Latinius
843 3286 1015 3327 Pandus
1044 3299 1122 3341 pro

243 3353 448 3400 praetore
499 3346 713 3387 Moesiae:
762 3345 864 3387 hinc
916 3343 1123 3385 discimus

248 3404 497 3458 Poppaeum
521 3405 742 3457 Sabinum,
778 3406 847 3446 cui
881 3404 959 3445 sul)
991 3404 1120 3445 linem

250 3465 351 3503 anni
385 3476 408 3503 a
438 3462 611 3504 Christo
634 3465 684 3506 15
709 3465 978 3517 provinciam
999 3463 1122 3504 Moe-

250 3523 355 3562 siam
390 3520 545 3563 additis
593 3523 846 3564 Macedonia
882 3529 925 3564 et
956 3522 1123 3563 Achaia

249 3586 526 3636 prorogatam
549 3580 735 3636 legimus
749 3582 790 3636 (1
810 3582 909 3638 80),
931 3582 1121 3623 Moesiae

250 3638 626 3680 administratione
659 3645 759 3681 ante
791 3653 948 3681 annum
973 3641 1026 3683 19
1044 3653 1120 3681 so-

249 3696 387 3742 lutum
399 3710 511 3743 esse.
538 3697 658 3743 ldem
679 3703 824 3742 tamen
836 3699 1120 3743 Macedoniae

1550 2836 1622 2879 22.
1658 2834 1874 2877 thraciam
1903 2834 1960 2889 M,
1993 2847 2081 2877 non

1206 3047 1488 3103 Achaiaeque
1539 3046 1613 3089 diu
1652 3046 1834 3102 posthac
1875 3058 2081 3102 praeesse

1208 3108 1429 3161 perrexit:
1476 3120 1519 3149 v.
1557 3107 1593 3149 V
1630 3109 1709 3159 10,
1757 3106 1814 3148 vt
1844 3106 1916 3149 39.
1979 3105 2081 3147 Post

1209 3165 1491 3219 Pomponium
1551 3165 1757 3208 Flaccum
1817 3164 2080 3220 Pomponius

1208 3225 1353 3266 Labeo
1407 3225 1599 3267 Moesiae
1653 3225 1928 3280 praepositus
1982 3229 2078 3267 est:

1209 3284 1269 3326 lv
1302 3285 1373 3327 47.

1299 3342 1403 3398 Cap.
1452 3343 1523 3385 67.
1582 3343 1806 3398 praesidia
1851 3343 2078 3386 Romana.-

1209 3403 1315 3444 dicit
1347 3408 1486 3444 castra
1517 3409 1590 3443 aut
1628 3402 1810 3457 oppida,
1844 3404 1886 3443 in
1922 3399 2079 3456 quibus

1209 3462 1426 3516 praesidia
1481 3460 1665 3502 militiae
1721 3462 1974 3503 Romanae:
2034 3460 2077 3499 in

1208 3522 1372 3563 Moesia
1407 3522 1521 3562 enim
1555 3519 1666 3561 (luae
1698 3519 1899 3575 legiones
1932 3522 2076 3559 erant:

1209 3580 1268 3622 lv
1299 3582 1338 3624 5.
1449 3578 1656 3621 monendo
1690 3577 1934 3619 suadendo.-
1967 3588 2076 3618 con-

1206 3642 1336 3682 traria
1392 3634 1655 3685 ἇσυνδέιως
1699 3637 1847 3678 iuncta
1892 3641 1992 3678 sunt
2034 3641 2078 3679 et

1205 3697 1458 3757 iungenda:
1491 3709 1531 3741 v.
1567 3693 1621 3739 ad
1651 3693 1708 3739 xl
1737 3693 1780 3741 6.
