2280 4004
222 238 318 282 21ss
907 260 915 264 -
958 227 1250 274 ANNALWM
1284 268 1290 271 .
1330 268 1334 272 .
1371 235 1373 238 ’
1804 234 1922 275 adm
1954 227 2057 275 775.

229 378 352 433 nelii
387 377 612 430 Merulae
650 375 859 427 caedem
896 374 1148 425 neminem
1189 371 1485 436 suffectum,
1536 374 1702 436 neque
1737 374 1906 422 tamen
1942 375 2062 424 ces-4
2138 418 2140 420 ,

232 471 431 524 savisse
467 467 768 534 religiones.
843 465 1038 527 Quodsi
1075 480 1167 531 per
1220 468 1295 515 tot
1337 477 1499 514 annos
1538 461 1700 528 possit
1746 475 1851 512 non
1895 462 2060 515 creari

232 561 369 613 nullo
409 573 672 611 sacrorum
712 555 930 620 damn0,
990 559 1177 622 quanto
1235 554 1435 606 facilius
1491 552 1742 605 asuturum
1799 550 1862 602 ad
1914 551 2062 602 unius

235 652 354 703 anni
389 648 758 717 proconsulare
789 646 1052 713 imperium
1068 643 1367 697 ‘?Privatis
1407 644 1526 696 olim
1563 636 1900 696 simultatibus
1936 640 2066 693 effe-

194 757 219 791 5
237 749 367 795 ctum
393 747 447 792 ut
474 758 501 792 a
530 738 851 806 pontificibus
876 738 1109 791 maximis
1142 738 1219 789 ire
1245 737 1297 787 in
1322 735 1617 803 provincias
1647 732 2064 801 prohiberentur:

233 849 370 885 nunc
411 833 559 884 deum
594 845 804 882 munere
832 844 1077 881 summum
1112 829 1405 895 pontificum
1433 829 1583 883 etiam
1617 840 1861 880 summum
1900 824 2068 876 homi-

234 936 351 971 num
393 933 526 982 esse,
571 933 675 968 non
710 918 1054 983 aemulationi,
1089 933 1194 969 non
1231 917 1350 969 odio
1386 922 1476 969 aut
1510 917 1722 983 privatis
1759 915 2069 968 adfectioni-

234 1012 328 1062 bus
372 1010 663 1061 obnoxium.
740 1009 1005 1060 Adversus
1058 1023 1187 1075 quae
1239 1024 1352 1060 cum
1405 1021 1569 1077 augur
1605 1007 1843 1059 Lentulus
1882 1007 2153 1072 aliique59

230 1102 387 1152 -varie
420 1101 752 1164 dissererent,
789 1115 851 1151 eo
894 1100 1163 1151 decursum
1202 1103 1279 1150 est
1319 1103 1374 1149 ut
1408 1098 1660 1165 pontificis
1703 1098 1906 1149 maximi
1944 1112 2070 1149 sen-

174 1193 442 1246 iotentiam
477 1191 844 1256 opperirentur.
901 1189 1133 1241 Tiberius
1163 1189 1317 1240 dilata
1355 1189 1563 1262 notione
1600 1189 1802 1264 <¹21⁸ssss
1832 1187 2067 1251 flaminiS,

236 1284 472 1334 decretas
513 1280 578 1331 ob
614 1279 935 1331 tribuniciam
974 1279 1125 1330 Drusi
1145 1259 1460 1344 {potestatem
1499 1260 1838 1331 caerimonias
1878 1283 2073 1343 tempe-

234 1374 390 1436 ravit,
454 1372 749 1423 nominatim
802 1385 1024 1439 arguens
1082 1370 1404 1422 insolentiam
1455 1370 1736 1422 sententiae
1788 1382 2071 1434 aureasque

234 1461 428 1512 litteras
469 1465 645 1511 contra
689 1459 906 1525 patrium
943 1474 1152 1510 morem.
1225 1459 1485 1510 Recitatae
1529 1462 1578 1509 et
1616 1458 1769 1510 Drusi
1807 1457 2070 1524 epistulae,

191 1589 197 1621 5
237 1564 538 1617 quamquam
568 1551 631 1601 ad
659 1551 959 1602 modestiam
992 1550 1174 1614 flexae,
1207 1563 1301 1615 pro
1333 1548 1712 1615 superbissimis
1738 1548 2070 1614 accipiuntur.

174 1622 345 1697 illuc
391 1641 649 1692 decidisse
703 1644 883 1692 cuncta
934 1645 987 1691 ut
1037 1656 1101 1691 ne
1158 1640 1357 1691 iuvenis
1412 1640 1616 1706 quidem
1675 1643 1815 1691 tanto
1874 1639 2074 1690 honore

237 1736 448 1796 accepto
508 1730 673 1781 adiret
718 1729 860 1780 urbis
915 1729 1066 1793 deOS,
1127 1729 1486 1795 ingrederetur
1535 1734 1789 1794 senatum,
1847 1730 2072 1796 auspicia

237 1822 413 1873 saltem
463 1820 653 1887 gentile
715 1819 846 1885 apud
894 1819 1057 1870 solum
1105 1819 1368 1885 inciperet.
1461 1819 1677 1895 Βεὶῃμρῃικ
1713 1820 1935 1894 scilicet,
1990 1826 2075 1872 aut

235 1913 443 1963 diverso
504 1917 754 1963 terrarum
804 1910 1063 1975 distineri,
1123 1910 1274 1962 litora
1327 1915 1376 1961 et
1424 1910 1565 1962 lacus
1604 1893 1911 1977 Campaniae
1961 1926 2072 1962 cum

238 2004 455 2055 maxime
490 2007 865 2071 peragrantem.
942 2002 1027 2054 Sic
1072 2003 1227 2053 imbui
1275 2006 1531 2054 rect-orem
1578 2004 1784 2070 generis
1839 2003 2072 2067 humani;

175 2094 290 2156 wid
340 2095 554 2160 primum
603 2110 631 2144 e
686 2092 911 2159 paternis
972 2092 1202 2144 consiliis
1263 2092 1483 2144 discere.
1581 2093 1716 2146 Sane
1772 2099 2074 2161 gravaretur

238 2191 496 2252 aspectum
550 2184 734 2236 civium
798 2199 959 2236 senex
1022 2184 1329 2251 imperator,
1399 2184 1691 2251 fessamque
1758 2189 1973 2237 aetatem
2028 2189 2079 2237 et

352 2354 394 2395 3.
429 2354 651 2407 afuturum
681 2352 738 2405 M,
771 2364 859 2393 non
890 2352 1149 2407 abfuturum.
1213 2353 1252 2395 7.
1288 2351 1575 2394 aemulatione
1606 2354 1673 2395 M:
1708 2353 1900 2395 correxit
1929 2353 2077 2395 Mure-

238 2417 321 2454 tus,
417 2413 485 2455 10.
521 2411 666 2452 delata
698 2412 906 2453 notitione
939 2412 1003 2453 M:
1038 2412 1229 2453 correxit
1260 2411 1516 2453 Beroaldus.
1614 2414 1680 2454 11.
1724 2412 1989 2454 tribunitiam
2020 2412 2075 2454 Μ.

240 2471 500 2514 cerimonias
530 2471 586 2514 M.
654 2472 721 2514 13.
757 2471 964 2526 epistulae
996 2471 1052 2523 M,
1084 2483 1172 2512 non
1205 2471 1426 2526 epistolae.
1503 2471 1571 2514 15.
1607 2472 1814 2514 decidisse
1844 2485 1890 2513 se
1920 2478 2078 2513 curtcta

241 2530 310 2571 M:
346 2530 537 2571 correxit
567 2529 825 2572 Beroaldus.
893 2530 962 2572 18.
997 2544 1093 2571 cum
1123 2530 1178 2583 M,
1213 2542 1301 2571 non
1334 2537 1421 2572 tum
1450 2529 1673 2573 Beroaldi.

235 2672 283 2711 in
322 2680 494 2709 manum
545 2678 633 2707 non
675 2667 962 2719 convenisset,
1019 2679 1115 2707 cum

238 2727 515 2770 Lachmanno
557 2725 610 2767 ad
651 2724 802 2767 Gaium
844 2737 924 2780 pro
957 2725 1117 2766 duobus

238 2785 539 2841 reponendum
594 2785 676 2825 erit
714 2785 912 2839 >quinque
971 2785 1115 2839 potius

234 2847 428 2901 (quippe
453 2849 743 2886 commutatae
773 2849 872 2885 sunt
897 2843 1037 2885 LXXu
1074 2849 1117 2885 et

238 2903 413 2959 1.·xx11)
448 2916 575 2958 quam
607 2902 934 2958 obsequendum
959 2904 1115 2944 Vossio

240 2963 313 3018 qui
345 2977 421 3003 sex
440 2962 493 3002 ad
513 2960 625 3002 Vell.
651 2960 760 3004 1143
781 2962 1113 3004 commendavit.

237 3007 344 3064 N⁸am
378 3022 492 3072 inter
523 3034 562 3061 a.
596 3020 679 3063 667
718 3026 761 3062 et
793 3021 879 3063 743
910 3022 1011 3062 anni
1044 3022 1115 3062 in-

229 3085 408 3123 tersunt
438 3080 519 3132 75,
569 3084 613 3121 et
653 3091 790 3120 annus
831 3078 918 3122 743
953 3092 1038 3134 quo
1073 3079 1115 3120 id

228 3139 477 3181 'flaminium
523 3140 784 3181 restitutum·
812 3151 837 3180 a
887 3143 1115 3193 computa-

239 3201 359 3240 tione
378 3197 677 3240 excludendus
692 3203 771 3239 est.
797 3197 935 3239 lulius
955 3196 1116 3239 Caesar

239 3260 282 3299 in
306 3257 498 3299 Merulae
531 3257 673 3299 locum
695 3266 924 3298 successor
943 3263 1115 3298 creatus

231 3316 316 3358 sed
349 3329 435 3357 non
468 3317 752 3372 inauguratus
782 3323 887 3358 erat.
926 3316 977 3358 V.
1002 3312 1115 3358 Sue-

238 3381 329 3415 ton.
369 3374 493 3416 Caes.
532 3378 569 3417 1.
609 3375 770 3417 Vellei.
803 3375 841 3416 ll
873 3377 945 3418 43.
987 3373 1115 3417 Gonf.

240 3433 477 3474 Drumanui
518 3434 568 3474 H.
603 3434 653 3475 R.
698 3440 727 3475 t.
763 3434 820 3475 ΙΙΙ
854 3447 895 3488 p.
936 3435 1019 3477 130
1050 3446 1113 3490 sq.

227 3505 240 3509 “
330 3490 444 3545 Cap.
469 3492 539 3533 59.
598 3495 796 3534 notione:
830 3492 1115 3548 quemadmo-

242 3551 339 3591 dum
353 3550 523 3592 Tacitus
542 3562 674 3604 saepe
695 3551 841 3593 verbis
858 3551 1116 3608 simplicibus

233 3610 400 3659 utitur,
445 3609 518 3650 ubi
563 3612 812 3663 composita·
842 3624 945 3656 usus
978 3611 1113 3669 vulgo

1201 2667 1425 2721 probavit,
1474 2669 1533 2710 ita
1586 2669 1632 2710 in
1680 2671 1856 2713 nomine
1907 2672 2075 2715 verbali

1200 2727 1373 2768 notione
1397 2740 1474 2782 pro
1497 2729 1739 2783 coynitione
1763 2731 1945 2773 eandem
1967 2745 2076 2774 con-

1201 2787 1476 2828 suetudinem
1519 2791 1661 2829 tenuit
1701 2795 1744 2830 et
1784 2789 1868 2832 hoc
1900 2790 2000 2833 loco
2034 2797 2077 2834 et

1205 2844 1262 2885 v1
1299 2848 1365 2898 12,
1402 2858 1454 2887 eo
1487 2848 1625 2902 magis
1660 2849 1776 2903 quod
1808 2850 1853 2890 in
1886 2851 2077 2907 antiquis

1201 2904 1475 2946 sacerdotum
1514 2906 1713 2949 formulis
1751 2909 1968 2952 notionem
1999 2922 2076 2964 pro

1203 2965 1444 3019 coynitione
1490 2964 1626 3006 fuisse
1675 2966 1902 3023 colligitur
1947 2970 2074 3010 etiam

1200 3035 1253 3062 ex
1287 3021 1513 3064 Ciceronis
1556 3023 1806 3078 (Ciceronis
1847 3027 1961 3067 enim
2011 3033 2078 3068 est

1200 3081 1282 3121 ista
1329 3083 1491 3138 oratio)
1542 3095 1618 3136 pro
1666 3083 1791 3125 Dom.
1843 3085 1923 3127 13:
1969 3099 2098 3139 quae,

1199 3140 1335 3181 omnis
1369 3142 1484 3182 nolio
1513 3142 1759 3197 pontificum
1788 3167 1846 3175 --
1879 3158 1967 3186 esse
2000 3145 2100 3195 ‹ie-l

1199 3198 1298 3239 buit.
1365 3198 1431 3241 Cf.
1465 3199 1518 3241 ad
1547 3200 1681 3242 Attic.
1727 3201 1783 3243 Xl
1825 3203 1906 3246 20³
1949 3197 2096 3246 etiami

1198 3257 1402 3298 Sallustio
1452 3259 1628 3313 ignovit.
1694 3260 1875 3302 Omnino
1919 3250 2094 3304 dicitur)

1199 3317 1362 3357 nemini
1391 3331 1578 3373 neyare,·
1611 3320 1720 3372 quod
1749 3321 1886 3375 ipsum
1918 3329 1976 3362 cst
1998 3326 2089 3361 sie-l

1199 3383 1384 3431 spectum
1414 3379 1629 3419 notionem
1651 3380 1744 3423 ‚eius
1773 3379 1952 3434 differri.
1997 3377 2093 3435 Οἰ-ἰ

1201 3446 1302 3476 cero
1337 3434 1379 3476 h.
1414 3435 1443 3477 l·.
1482 3435 1704 3489 Caesaris,
1753 3439 1826 3491 qui
1874 3436 2072 3489 pontifex

1202 3495 1412 3535 maximus
1440 3501 1546 3547 erat,
1567 3497 1780 3536 notionem
1797 3495 1892 3535 sive
1912 3497 2071 3549 cogni-

1190 3554 1364 3596 tionem
1397 3566 1483 3595 non
1517 3555 1623 3596 iuris
1654 3553 1884 3608 pontificii,
1916 3552 1994 3595 sed
2017 3554 2070 3596 de
2102 3576 2106 3610 1

1201 3612 1461 3656 adversariis
1500 3611 1741 3656 habendam
1774 3611 1942 3670 differri
1973 3619 2070 3657 cum
2100 3612 2107 3645 ²
