2280 4004
826 268 990 314 LIBER
1019 268 1094 312 lv.
1133 267 1263 318 ‘CM’-
1296 269 1487 315 51—53.

253 281 286 322 a*
310 269 358 325 C.-
391 270 464 323 26·
483 295 499 303 -
1984 269 2076 313 285

255 414 335 464 cui
376 412 485 464 sola
533 411 672 463 exitii
721 425 873 463 causa
918 411 983 462 sit
1031 410 1166 477 quod
1205 399 1535 478 Agrippinam
1580 407 1728 460 stulte
1763 408 1972 474 prorsus
2009 407 2074 459 ad

256 503 440 554 cultum
482 503 758 570 delegerit,
819 501 973 552 oblita
1013 501 1192 554 Sosiae
1242 501 1307 551 ob
1348 500 1526 552 eadem
1564 498 1814 551 adflictae.
1888 497 2075 550 Audita

254 594 381 645 haec
418 607 584 644 raram
642 592 825 643 occulti
882 592 1103 657 pectoris
1138 606 1318 643 vocem
1378 590 1600 642 elicuere
1614 608 1628 653 3
1693 595 2075 655 correptamque

256 684 452 735 Graeco
490 698 642 734 versu
677 683 934 733 admonuit
970 697 1073 733 non
1125 682 1242 733 ideo
1280 681 1445 746 laedi,
1506 681 1622 747 quia
1673 695 1776 731 non
1817 683 2073 748 regnaret.

254 774 463 825 Pulchra
519 778 568 825 et
624 773 835 824 Furnius
889 773 1201 824 damnantur.
1297 771 1772 848 Afer-primoribus
1819 776 2113 827 oratorums

256 865 483 933 additus,
535 863 794 931 divulgato
833 864 1041 931 ingenio
1082 868 1130 915 et
1173 842 1369 915 secutam
1390 863 1780 915 adseveratione
1819 862 2073 928 CaesariS,

256 970 351 1022 qua
398 953 510 1006 ‘suo
567 955 676 1005 iure
731 953 986 1006 disertum‘
1037 970 1148 1007 eum
1203 954 1485 1020 appellavit.
1577 955 1696 1006 Mox
1747 954 2076 1021 capessendis

255 1044 678 1108 accusationibuS,
706 1049 789 1094 aut
817 1059 935 1096 reos
958 1044 1183 1109 tutand0,
1215 1044 1544 1110 prosperiore
1580 1043 1899 1110 eloquentiae
1930 1059 2077 1110 quam

254 1149 447 1185 morum
486 1135 616 1186 fama
657 1134 764 1198 fuit,
804 1134 902 1185 nisi
945 1134 1079 1200 quod
1118 1138 1257 1185 aetas
1296 1139 1519 1186 extrema
1543 1134 1748 1185 multum
1779 1134 1926 1186 etiam
1966 1135 2079 1186 elo-

253 1224 488 1290 quentiae
516 1224 744 1291 dempsit,
773 1225 889 1275 dum
917 1224 1052 1276 fessa
1090 1229 1256 1276 mente
1282 1224 1466 1276 retinet
1490 1222 1676 1276 silentii
1699 1225 2074 1292 impatientiam.
2094 1243 2142 1280 ιο

169 1324 239 1373 53
257 1317 323 1367 At
358 1315 916 1383 Agrippinapervicax
952 1315 1061 1367 irae
1101 1320 1149 1367 et
1187 1315 1366 1366 morbo
1399 1317 1629 1382 corporis
1670 1316 1924 1382 inplicata,
1966 1332 2076 1368 cum
2156 1304 2197 1368 fl
2221 1298 2280 1371 [ᾖ

257 1407 444 1458 viseret
483 1423 592 1457 eam
634 1407 852 1471 Caesar,
907 1406 1131 1473 profusis
1185 1407 1270 1457 diu
1312 1423 1372 1458 ac
1408 1422 1500 1472 per
1546 1407 1798 1459 silentium
1836 1407 2075 1473 lacrimiS‚
2133 1413 2280 1496 34&

255 1511 374 1549 mox
409 1497 649 1548 invidiam
689 1502 738 1548 et
770 1512 953 1563 preces
991 1497 1209 1548 orditur:
1266 1496 1562 1549 subveniret
1600 1497 1893 1563 solitudini,
1937 1498 2081 1549 daret
2113 1475 2220 1579 Ᾰῖ
2252 1520 2275 1571 3

256 1587 515 1651 maritum;
567 1587 784 1639 habilem
837 1588 1002 1639 adhuc
1042 1588 1294 1640 iuventam
1331 1588 1451 1652 sibi,
1506 1602 1672 1654 neque
1708 1588 1843 1639 aliud
1876 1555 2078 1688 probss’s
2124 1571 2280 1657 {3⁸1⁴

257 1693 403 1744 quam
446 1694 509 1729 ex
545 1679 863 1729 matrimonio
903 1679 1136 1730 solatium
1150 1697 1163 1742 3
1219 1693 1334 1730 esse
1370 1679 1422 1728 in
1465 1680 1670 1730 civitate
1739 1693 1771 1728 ιιι
1810 1693 1841 1728 a:
1880 1692 1910 1727 νε
1949 1596 2245 1749 Ger-15²?

255 1768 439 1818 manici
479 1769 749 1835 coniugem
796 1785 856 1820 ac
904 1769 1095 1821 liberos
1145 1770 1252 1821 eius
1290 1770 1521 1835 recipere
1558 1769 1905 1836 dignarentur.
1978 1769 2079 1822 Sed
2091 1745 2146 1855 ⁸

257 1857 445 1909 Caesar
472 1873 574 1909 non
599 1859 1166 1928 ignarusguailtqmgss
1192 1875 1251 1930 re
1282 1860 1792 1934 publica„pgteretur‚
1821 1875 1885 1911 ne
1915 1856 2126 1936 tamen‘j.v
2181 1849 2258 1902 Β

259 1947 556 2001 offensionis
598 1956 681 2002 aut
712 1956 872 2003 metus
909 1951 1205 2003 manifestus
1244 1951 1405 2016 foret,
1463 1953 1574 2003 sine
1615 1965 1865 2017 responso
1905 1966 2084 2017 quam-
2122 1949 2131 1985 7

2209 1742 2275 1797 ‘ii-21

374 2100 415 2142 7.
448 2100 656 2141 desertum
687 2099 741 2141 M.
834 2099 876 2141 8.
912 2107 1123 2142 accussat.
1158 2099 1213 2142 M.
1306 2100 1347 2145 9.
1386 2107 1618 2142 extremam
1651 2100 1705 2142 M.
1806 2102 1872 2144 10.
1907 2101 1995 2156 inp.
2024 2102 2079 2142 M.

262 2160 332 2200 11.
365 2159 522 2215 implic.
558 2157 628 2201 Or.
725 2159 793 2201 14.
827 2157 934 2200 aliut
966 2159 1019 2200 M.
1108 2159 1279 2214 probris
1311 2158 1548 2201 Petersen:
1581 2159 1622 2201 M
1650 2159 1811 2215 probis,
1908 2161 1976 2202 15.
2010 2174 2083 2200 so-

260 2217 418 2259 lacium
441 2217 495 2259 M.
531 2217 575 2257 in
615 2217 700 2259 fine
732 2230 885 2259 versus
919 2217 1175 2260 exciderunt
1224 2219 1401 2260 circiter
1432 2218 1642 2260 tredecim
1669 2218 1859 2260 litterae.
1971 2232 2083 2274 quae

260 2276 442 2329 desunt,
475 2276 661 2318 fortasse
698 2275 808 2319 haec
839 2276 987 2319 fuere:
1031 2277 1279 2320 Germanici
1310 2279 1381 2332 qui
1410 2278 1663 2330 meminisse,
1698 2278 1948 2321 Germanici
1977 2291 2084 2319 con-

257 2336 398 2392 iugem
431 2341 515 2378 cet.

356 2463 706 2513 correptamque:
756 2454 850 2510 ipsa
909 2457 1127 2511 correptio

259 2515 674 2573 (Zurechtweisunq)
707 2528 837 2557 versu
867 2515 945 2557 illo
970 2517 1126 2569 inerat,

260 2588 399 2630 eaque
424 2576 695 2629 potissimum
718 2574 1051 2631 intelligebatur
1075 2589 1128 2617 ex

259 2645 369 2675 voce
424 2640 467 2675 et
517 2635 872 2688 pronuntiatione
931 2636 1129 2676 mirantis

260 2693 468 2747 principis
516 2699 558 2734 et
599 2693 727 2734 nurui
773 2691 1022 2747 cupidinem
1053 2706 1129 2735 re-

261 2751 421 2806 gnandi
444 2751 694 2794 obiicientis
727 2757 770 2793 et
798 2753 1022 2805 impetum,
1042 2764 1128 2807 quo

261 2811 469 2863 principis
483 2810 752 2852 voluntatem
762 2811 930 2851 ‘irritam
947 2810 1131 2853 reddere

262 2868 414 2910 vellet.
447 2868 696 2910 waltherus
722 2881 809 2909 non
840 2874 961 2910 recte
993 2870 1133 2911 inter-

264 2931 458 2980 pretatur
488 2940 618 2969 manu
649 2927 974 2982 apprehensam.

354 2998 442 3026 non
473 2985 566 3026 ideo
594 3010 649 3017 -—
686 2992 917 3041 regnaret:
961 2984 1131 3027 Tacitus

266 3041 418 3085 Graeci
450 3057 601 3085 versus
627 3043 751 3086 nobis
784 3045 923 3099 ignoti
950 3050 1132 3086 senten-

265 3102 367 3143 tiam
399 3104 488 3144 suis
519 3103 665 3145 verbis
689 3102 872 3156 rettulit,
896 3103 1130 3144 Suetonius

267 3159 450 3203 eundem
502 3162 555 3203 ad
600 3161 780 3204 verbum
820 3162 1129 3216 interpretatus

268 3224 334 3258 est
373 3218 524 3262 Latine
568 3221 610 3260 in
651 3219 791 3262 Tiber.
833 3221 914 3262 53:
958 3222 995 3261 si
1043 3234 1129 3261 non

268 3276 515 3328 dominaris,
544 3278 701 3330 filiola,
740 3279 947 3320 iniuriam
978 3286 1016 3320 te
1048 3292 1128 3319 ac-

268 3336 408 3391 cipere
447 3336 694 3377 existimas?
756 3335 957 3377 Ceterum
993 3350 1126 3378 accu-

267 3396 477 3435 sationem
512 3392 719 3435 Claudiae
761 3394 902 3435 obiter
933 3396 1128 3435 meminit

269 3452 349 3494 Dio
391 3452 480 3494 LIX
523 3451 600 3503 19,
645 3452 715 3492 ubi
760 3451 884 3504 plura
916 3453 1046 3493 ctiam
1081 3452 1134 3492 de

268 3517 522 3553 accusatore
571 3510 763 3552 Domitio
809 3510 884 3552 Gai
936 3508 1134 3550 Caesaris

269 3570 373 3611 iram
406 3576 449 3612 et
485 3570 694 3611 insaniam
726 3569 848 3611 vasrc
875 3574 918 3609 et
944 3567 1136 3610 feliciter

273 3628 526 3690 effugiente.
591 3629 842 3675 mortuusis
876 3632 941 3672 est
963 3626 1133 3674 Nerone

663 3757 689 3773 ¹..-

347 3774 555 3811 l,>,³,v‘rf'(‡
661 3774 726 3802 ΝΗ»
755 3771 786 3786 '⁴⁷
808 3783 813 3787 “
922 3777 962 3795 (
1023 3776 1085 3790 ”’“

1213 2459 1412 2516 principe
1464 2471 1503 2501 a.
1548 2458 1628 2501 59:
1673 2458 1771 2500 XIV
1824 2458 1889 2501 19.
1955 2456 2081 2501 Conf.

1215 2516 1398 2567 Quintil.
1434 2517 1471 2558 V
1504 2517 1528 2560 7
1554 2517 1594 2570 7,
1631 2517 1668 2558 X
1697 2517 1837 2570 1118,
1873 2516 1947 2558 ΧΠ
1971 2519 2082 2561 113.

1212 2575 1323 2618 Plin.
1356 2575 1495 2630 Epist.
1528 2574 1568 2617 11
1603 2578 1671 2630 14,
1707 2575 1805 2618 VIII
1844 2577 1910 2619 18.

1308 2659 1412 2716 Cap.
1447 2662 1518 2704 53.
1581 2675 1715 2717 neque
1755 2660 1875 2703 aliud
1910 2661 2082 2717 probris

1215 2734 1340 2776 quam
1372 2735 1425 2762 ex
1454 2721 1726 2762 matrimonio
1743 2721 1966 2762 solatium:
2000 2719 2085 2762 hoc

1218 2786 1285 2823 est
1326 2780 1550 2834 specimen
1590 2780 1780 2822 invidiae
1821 2792 1947 2835 quam
1980 2793 2084 2833 pre-

1219 2838 1339 2880 cibus
1382 2839 1610 2880 miscuisse
1659 2839 1903 2895 Agrippina
1953 2838 2083 2892 paulo

1217 2903 1318 2938 ante
1350 2895 1524 2940 dicitur.
1586 2898 1692 2939 Nam
1723 2898 1881 2951 probra
1917 2898 2107 2953 Agrip-f

1217 2958 1319 3010 pina
1351 2955 1457 2998 dicit
1503 2955 1790 2998 contumelias
1829 2970 1853 2998 a
1887 2958 2085 3010 principe
2110 2979 2114 2999 ,ι

1218 3015 1362 3057 illatas
1413 3015 1778 3057 condemnatione
1834 3016 1984 3057 Sosiae
2043 3020 2086 3056 et

1217 3073 1446 3117 Pulchrae.
1491 3073 1654 3125 Prota,
1688 3080 1734 3114 ut
1759 3080 1825 3115 est
1849 3075 1890 3114 in
1915 3073 2083 3124 codice,

1215 3146 1358 3187 neque
1390 3146 1496 3174 vere
1530 3131 1689 3173 dictum
1734 3138 1798 3173 est
1832 3137 1874 3172 et
1906 3144 1930 3171 a
1963 3131 2083 3171 Lati-

1213 3192 1350 3232 nitate
1382 3190 1557 3232 videtur
1579 3189 1791 3231 laborare.
1846 3188 1974 3230 Certe
2003 3202 2084 3229 ex..

1212 3255 1460 3302 spectamus
1488 3248 1635 3303 probis
1665 3249 1836 3303 seminis
1869 3247 1940 3289 vel
1966 3245 2085 3302 aliud

1218 3306 1447 3349 eiusmodi.

1301 3407 1354 3433 ex
1387 3406 1434 3433 re
1466 3391 1669 3446 publica.-
1700 3393 1787 3433 ‘cui
1819 3390 1897 3433 illo
1924 3392 2081 3433 coniu-

1220 3450 1294 3504 gio
1328 3463 1424 3491 cum
1456 3451 1641 3506 Augusti
1685 3457 1816 3504 nepte
1860 3449 1983 3491 velut
2015 3450 2084 3491 al-

1220 3513 1357 3549 terum
1381 3514 1509 3562 caput
1534 3509 1728 3551 dabatur.
1765 3509 1867 3550 Ideo
1895 3508 1949 3549 de
1973 3515 2085 3550 metu

1219 3569 1430 3622 sequitur,
1464 3580 1592 3622 quem
1622 3568 1799 3612 silentio
1833 3567 2083 3611 dissimula-

1220 3627 1311 3674 vit’.
1374 3627 1562 3672 Lu’sws.
2036 3640 2040 3643 ·

1046 3829 1054 3840 7
1169 3835 1172 3841 ι

1039 3850 1079 3881 δ’»
1144 3852 1195 3899 ixl
1251 3876 1253 3885 t

2106 2891 2111 2924 l

2105 2943 2113 2969 ’1
