2280 4004
279 266 340 319 84
1060 262 1353 314 Aunnuvn
1858 283 1899 321 a.
1931 280 1975 314 u.
2007 269 2109 320 ⁷67.

280 426 442 478 sone,
481 410 712 465 tubarum
754 425 1098 478 cornuumque
1139 416 1393 468 concentu
1431 417 1691 480 strepere3
1749 421 1900 482 prout
1936 415 2112 484 splen·-

281 507 453 563 didior
498 508 867 572 obscuriorve,
920 506 1100 560 laetari
1138 511 1224 560 aut
1258 520 1489 560 maerere
1500 524 1515 571 3
1570 512 1620 560 et
1665 513 1933 576 postquam
1962 515 2112 568 ortae

278 602 441 655 nubes
480 600 704 654 offecere
743 599 875 651 visui
919 598 1267 666 creditumque
1299 598 1554 652 conditam
1602 600 1856 667 tenebris,
1892 605 1964 655 'ut
1996 607 2114 656 sunt

278 692 494 745 mobiles
567 693 632 746 ad
695 691 1139 767 superstitionem&
1161 689 1428 757 perculsae
1496 691 1655 745 semel
1717 696 1942 759 menteS,
2013 693 2112 746 sibi

241 789 541 837 saeternum
577 784 805 836 laborem
857 783 1095 850 portendi
1111 769 1147 849 ,²
1184 796 1276 835 sua
1325 783 1555 836 facinora
1601 783 1831 837 aversari
1872 783 2001 837 deos
2031 784 2115 838 la-

277 880 579 929 mentantur.
653 874 902 927 Utendum
937 874 1269 927 inclinatione
1318 890 1380 927 ea
1420 875 1609 928 Caesar
1646 880 1725 942 et,
1778 891 1908 943 quae
1962 884 2112 928 casus
2189 943 2194 945 ἢ

278 967 546 1033 obtulerat,
574 966 628 1017 in
651 966 951 1033 sapientiam
969 966 1217 1019 vertenda
1243 970 1400 1032 ratuS,
1432 967 1689 1019 circumiri
1713 967 1932 1019 tentoria
1955 967 2110 1020 iubet.

275 1059 488 1112 Accitur
538 1059 768 1111 centurio
811 1058 1085 1123 ClemenS,
1130 1063 1180 1110 et
1227 1057 1273 1109 si
1320 1057 1406 1110 alii
1449 1058 1599 1110 bonis
1649 1058 1840 1110 artibus
1888 1058 2021 1126 grati
2059 1059 2112 1110 in

274 1150 476 1218 vulgus,
551 1151 588 1202 Ii
625 1150 818 1218 vigiliis
841 1149 1162 1214 stationibus,
1201 1149 1447 1202 custodiis
1473 1155 1733 1216 portarum
1769 1164 1828 1202 se
1863 1150 2110 1215 inserunt,

211 1257 260 1294 ιο
275 1258 414 1310 spem
456 1241 691 1308 offerunt,
730 1247 916 1294 metum
942 1242 1223 1294 intendunt.
1265 1236 1573 1308 .‘Quousque
1611 1241 1765 1294 filium
1783 1242 2111 1309 imperatoris

276 1333 664 1386 obsidebimus?
701 1334 813 1400 quis
845 1333 1175 1386 certaminum
1211 1331 1363 1386 finis?
1398 1332 1748 1387 Percennione
1787 1338 1838 1385 et
1857 1332 2108 1385 Vibuleno

274 1430 646 1481 sacramentum
679 1425 861 1479 dicturi
885 1425 1099 1477 sumus?
1133 1425 1442 1481 Percennius
1480 1430 1530 1476 et
1555 1425 1832 1481 Vibulenus
1861 1425 2111 1492 stipendia

273 1517 544 1583 militibus,
600 1531 756 1585 agros
800 1516 1025 1569 emeritis
1061 1516 1379 1584 largientur?
1431 1516 1652 1583 denique
1689 1531 1782 1583 pro
1822 1516 2113 1574 Neronibus

276 1613 326 1660 et
358 1608 537 1661 Drusis
585 1608 850 1684 imperium
900 1607 1071 1680 populi
1109 1607 1323 1679 Romani
1369 1607 1678 1678 capessent?
1752 1607 1885 1672 Quin
1919 1607 2109 1676 potius,

209 1705 327 1752 15ut
363 1699 632 1752 novissimi
679 1699 731 1749 in
771 1698 995 1765 culpam,
1057 1699 1124 1750 ita
1175 1698 1323 1766 primi
1382 1699 1447 1750 ad
1501 1698 2110 1765 paenitentiamsumus‘?

272 1791 439 1843 Tarda
475 1796 591 1844 sunt
628 1805 758 1858 quae
793 1791 847 1841 in
870 1805 1136 1845 commune
1167 1790 1576 1857 expostulantur:
1613 1790 1861 1858 privatam
1891 1790 2109 1861 gratiam

273 1883 440 1935 statim
474 1898 724 1949 mereare,
758 1882 926 1939 statim
955 1882 1213 1948 recipias’.
1277 1882 1552 1936 Commotis
1581 1897 1674 1948 per
1700 1881 1830 1939 haec
1854 1881 2108 1937 mentibus

272 1978 323 2026 et
361 1974 494 2025 inter
526 1988 585 2026 se
620 1973 888 2041 suspectis,
929 1973 1147 2026 tironem
1173 1988 1202 2025 a
1231 1977 1495 2037 veteran0,
1536 1971 1793 2040 legionem
1832 1989 1862 2026 a
1901 1972 2109 2042 legione

273 2065 574 2117 dissociant.
674 2065 795 2117 Tum
846 2063 1019 2118 redire
1074 2062 1314 2130 paulatim
1361 2076 1504 2116 amor
1553 2064 1815 2130 obsequii:
1875 2064 2113 2119 omittunt

206 2161 475 2225 noportas‚
518 2157 668 2224 signa
708 2171 862 2209 unum
898 2155 951 2207 in
986 2155 1154 2208 locum
1190 2155 1442 2222 principio
1483 2155 1753 2208 seditionis
1790 2159 2107 2224 congregata

270 2263 390 2301 suas
429 2249 483 2299 in
523 2248 677 2300 sedes
714 2248 960 2300 referunt.
1033 2247 1227 2298 Drusus
1264 2251 1376 2298 orto
1415 2246 1499 2298 die
1538 2251 1587 2298 et
1622 2251 1807 2299 vocata
1845 2246 2194 2312 contione,29

219 2366 221 2369 ·
272 2353 573 2407 quamquam
610 2338 754 2392 rudis
806 2337 1042 2404 dicendi,
1097 2337 1360 2390 nobilitate
1396 2338 1623 2406 ingenita
1664 2337 2109 2406 incusatpriora,

394 2503 432 2544 1.
466 2501 715 2559 spelndidor
746 2501 801 2545 M.
896 2502 936 2544 5.
972 2500 1161 2543 laborem
1192 2501 1246 2544 Μ.

266 2561 486 2619 portendi.
610 2562 838 2604 adversari
869 2561 937 2603 M:
983 2562 1173 2604 correxit
1210 2559 1463 2603 Rhenanus.

273 2623 342 2664 11.
375 2621 666 2664 Percennioni
696 2621 751 2663 M.
850 2622 918 2663 14.
963 2623 1082 2675 quiin
1113 2621 1167 2663 M.
1265 2620 1331 2663 16.
1376 2634 1453 2677 que
1486 2619 1540 2662 M.

268 2682 342 2725 21.
377 2682 650 2724 contentione
681 2681 745 2723 M:
780 2681 987 2723 concione
1019 2678 1279 2723 Beroaldus.

1364 2501 1548 2557 potandi
1578 2500 1633 2553 M,
1667 2500 1711 2541 in
1743 2512 1832 2556 mg.
1865 2499 2108 2543 Beroaldus

1587 2560 1629 2604 9.
1662 2560 1697 2602 ii
1734 2559 1932 2614 Lipsius:
1972 2560 2014 2603 M
2043 2562 2107 2604 in.

1643 2618 1710 2662 18.
1757 2627 2019 2662 auerterant>
2050 2619 2106 2663 M.

1234 2831 1350 2878 sunt,
1385 2838 1497 2881 quae
1514 2825 1658 2868 aditus
1695 2826 1739 2868 in
1762 2826 1900 2881 portis
1934 2831 2107 2869 castro..

359 2826 394 2867 ii
422 2825 582 2881 viyiliis
623 2826 899 2877 stationibus,
950 2825 1150 2869 custodiis

1233 2897 1327 2927 rum
1348 2884 1583 2928 observant
1606 2891 1890 2942 tuenturque.
1941 2883 2069 2929 Cous.
2091 2886 2110 2928 1

264 2892 496 2940 portarum
527 2900 571 2927 se
588 2887 811 2928 inserunt.-
844 2886 1019 2942 viqiliae
1053 2893 1148 2938 sta-

267 2945 491 2999 tionesque
521 2946 616 2986 sine
644 2945 957 2988 vinculoiuxta
977 2946 1147 3000 positae

266 3008 486 3058 tamquam
520 3017 652 3045 unum
674 3005 886 3045 orationis
906 3004 1145 3046 membrum

267 3063 467 3117 proximo
511 3063 732 3121 (custodiis
767 3066 1011 3119 portarum)
1071 3077 1144 3104 re-

267 3121 514 3175 spondent:
555 3135 597 3164 v.
641 3122 694 3164 ad
737 3121 793 3163 XI
836 3122 877 3164 6.
962 3122 1144 3178 Vigiliae

266 3181 312 3222 in
358 3194 406 3223 re
447 3182 661 3223 castrensi
703 3187 804 3222 sunt
845 3195 957 3237 quae
1003 3183 1145 3223 noctis

266 3244 466 3294 tempore
499 3240 783 3295 speculantur
816 3241 1143 3294 circumeundo,

267 3305 452 3342 rectene
485 3313 533 3342 se
576 3299 767 3342 habeant
810 3301 956 3341 omnia
989 3301 1030 3341 in
1067 3314 1143 3342 ca-

265 3360 365 3399 stris
413 3364 455 3400 et
500 3364 622 3401 extra
654 3358 975 3416 (Patrouillen).
1038 3360 1144 3401 sea-

267 3418 402 3457 tiones
441 3424 542 3458 sunt
584 3419 704 3474 globi
746 3419 931 3460 militum
971 3425 1055 3460 tam
1100 3420 1144 3460 in

266 3476 420 3515 castris
455 3490 581 3530 quam
608 3491 693 3518 non
715 3478 868 3531 procul
903 3477 956 3519 ab
982 3480 1034 3520 iis
1067 3491 1145 3532 per

262 3533 499 3575 intervalla
541 3536 815 3578 custodiendi
857 3551 987 3579 causa
1037 3543 1139 3578 ten-

263 3591 790 3650 dentes(Wachtposten).
845 3597 1025 3649 Species
1046 3602 1138 3639 sta-

261 3651 432 3695 tionum
484 3652 607 3709 ipsae
659 3654 876 3697 custodiae
912 3663 1138 3712 portarum

1233 2945 1314 2988 25:
1366 2952 1518 3001 portas
1566 2945 1819 2992 station-‘bus
1871 2945 2109 3002 (custodiis

1232 3007 1476 3062 portarum)
1529 3005 1719 3058 firmant.
1809 3005 1891 3050 32:
1937 3004 2109 3062 viyilias

1230 3063 1457 3115 stationes,
1515 3070 1554 3104 et
1592 3065 1630 3106 si
1660 3077 1745 3118 qua
1780 3063 1874 3105 alia
1897 3077 2108 3119 praesens

1229 3135 1329 3162 usus
1369 3122 1618 3175 indixerat,
1666 3123 1750 3178 ipsi
1786 3121 2104 3178 partiebantur.

1228 3179 1309 3223 64:
1357 3180 1537 3222 barbari
1576 3181 1852 3237 perfringere
1901 3181 2106 3225 stationes

1231 3242 1453 3294 (tempore
1486 3239 1640 3281 diurno
1675 3253 1777 3281 cum-
1799 3237 1950 3282 nullae
1982 3239 2105 3297 vigi-

1230 3297 1357 3355 liae).
1423 3298 1481 3340 lv
1513 3298 1597 3342 48:
1644 3300 1835 3341 oonittere
1883 3299 2103 3343 stationes.

1230 3358 1310 3401 50:
1354 3360 1555 3412 firmatae
1599 3360 1804 3400 stationes
1839 3357 2105 3401 densioribus

1229 3416 1377 3471 globis.
1414 3416 1471 3459 VI
1487 3417 1568 3461 34:
1587 3418 1905 3460 Pharasmanes
1922 3443 1978 3451 —
1993 3416 2102 3459 ade-

1231 3476 1396 3530 quitare
1430 3478 1584 3519 castris
1608 3503 1663 3509 —-
1689 3491 1743 3518 ac
1775 3490 1901 3532 saepe
1931 3476 1979 3517 in
2006 3490 2103 3517 mo-

1226 3535 1323 3577 dum
1376 3537 1529 3579 obsidii
1579 3535 1829 3578 stationibus
1889 3534 2099 3591 cinqcbat.

1224 3593 1280 3636 XI
1329 3595 1404 3638 18:
1443 3595 1647 3637 stationes
1691 3593 1891 3651 vigiliae,
1942 3592 2104 3637 diurna

1222 3662 1517 3711 nocturnaque
1547 3653 1710 3696 munia.
1772 3651 1869 3696 xm
1899 3652 1988 3698 35:
2022 3667 2099 3699 ve-
