2280 4004
249 248 319 293 40
1021 245 1312 293 ANNALIVM
1818 261 1860 294 a.
1882 254 1941 295 B.
1970 249 2091 297 801..

252 389 398 443 vocis
415 403 510 457 qua
532 403 589 443 se
614 386 888 440 obnoxium
909 385 1062 440 iussis
1072 387 1377 440 Messalinae
1397 387 1638 442 dedisset.
1662 387 1792 450 Aliis
1808 387 2090 458 largitione

253 486 340 533 aut
375 481 483 547 spei
508 478 874 546 magnitudine,
913 479 1014 531 sibi
1039 495 1103 531 ex
1129 480 1434 533 necessitate
1458 481 1652 548 culpam
1671 498 1686 546 3
1718 496 1816 533 nec
1851 481 2084 548 cuiquem

255 575 372 622 ante
403 569 715 636 pereundum
743 569 920 636 fuisse,
961 571 1006 622 si
1041 571 1193 624 Silius
1221 586 1391 623 rerum
1419 578 1695 639 poteretur.
1770 572 2084 631 commotum

253 661 334 713 his
374 665 424 712 et
458 675 672 726 pronum
728 661 792 712 ad
825 662 1231 726 misericordiam
1272 663 1544 717 Caesarem
1593 663 1862 731 perpulere
1897 663 2082 729 liberti,

216 765 320 804 sne
380 756 454 803 tot
509 752 805 805 inlustribus
863 753 988 806 viris
1059 755 1341 807 interfectis
1399 755 1636 809 histrioni
1706 755 2083 809 consuleretur:

253 847 460 907 sponte·
492 858 557 894 an
619 850 827 896 coactus
887 850 987 897 tam
1043 860 1226 913 magna
1276 847 1627 914 peccavisset,
1687 846 1814 915 nihil
1866 846 2083 898 referre.

252 933 328 986 Ne
365 934 533 986 Trauli
591 936 792 1001 quide-m
830 937 1055 988 Montani
1109 937 1291 1004 equitis
1329 939 1543 991 Romani
1597 937 1830 991 defensio
1878 941 2087 1004 recepta

255 1029 349 1076 est.
425 1026 471 1077 Is
511 1027 742 1078 modesta
778 1027 1014 1093 iuventa,
1067 1028 1159 1081 sed
1198 1044 1415 1096 corpore
1455 1029 1672 1098 insigni,
1726 1029 1919 1081 accitus
1951 1028 2086 1080 ultro

205 1161 208 1163 .
255 1120 560 1183 noctemque
609 1117 739 1170 intra
781 1135 930 1171 unam
970 1137 997 1172 a
1035 1120 1308 1172 Messalina
1357 1121 1681 1187 proturbatus
1724 1124 1833 1171 erat
1880 1119 2088 1186 paribus

195 1206 484 1261 iolasciviis
547 1209 611 1261 ad
672 1210 958 1277 cupidinem
1018 1217 1067 1263 et
1128 1212 1349 1264 fastidia.
1452 1213 1629 1266 Suillio
1691 1211 1979 1265 Caesonino
2039 1215 2092 1264 et

256 1298 448 1350 Plautio
491 1301 742 1352 Laterano
781 1316 918 1354 mors
973 1302 1270 1368 remittitur,
1333 1303 1451 1355 huic
1499 1303 1564 1355 ob
1613 1303 1778 1370 patrui
1804 1302 2089 1371 »egregium

257 1391 516 1442 meritum:
572 1391 887 1445 Caesoninus
939 1393 1075 1446 vitiis
1124 1399 1383 1461 protectus
1434 1399 1542 1459 est,
1599 1399 1852 1460 tamquam
1900 1393 1955 1444 in
2001 1392 2090 1445 illo

258 1481 559 1534 foedissimo
599 1489 749 1536 coetu
783 1500 964 1551 passus
1004 1485 1300 1558 muliebria„
1359 1486 1563 1537 Interim
1599 1484 1871 1538 Messalina
1905 1484 2175 1539 Lucul-37'

258 1572 408 1625 lianis
453 1573 506 1624 in
546 1574 708 1627 hortis
743 1576 999 1642 prolatare
1035 1577 1206 1641 vitam,
1251 1591 1560 1643 componere
1597 1591 1812 1643 preceS,
1849 1575 2091 1629 nonnulla

197 1680 245 1724 1⁵
259 1679 349 1731 spe
387 1671 437 1716 et
478 1666 752 1732 aliquando
790 1668 896 1719 ira:
958 1673 1148 1719 tantum
1184 1668 1317 1720 inter
1352 1673 1577 1720 extrema
1614 1668 1851 1735 superbia
1889 1667 2092 1736 egebat.

257 1756 338 1810 Ac
378 1756 430 1807 ni
470 1758 681 1811 caedem
719 1758 828 1810 eius
854 1760 1125 1812 Narcissus
1156 1760 1552 1826 properavisset,
1574 1764 1799 1811 verterat
1833 1757 2089 1825 pernicies

257 1847 310 1898 in
358 1854 727 1901 accusatorem.
800 1851 925 1902 Nam
967 1851 1205 1902 Claudius
1257 1851 1459 1902 domum
1497 1865 1766 1918 regressus
1814 1855 2097 1916 ettempe-

262 1938 407 1991 stivis
448 1940 607 2006 epulis
648 1940 915 2006 delenitus,
953 1943 1039 1993 ubi
1076 1944 1197 1993 vino
1235 1942 1460 2006 incaluit,
1503 1942 1565 1993 iri
1598 1941 1736 1999 iubet
1773 1941 2094 2008 nuntiarique

261 2030 481 2083 miserae
518 2031 644 2095 (hoc
686 2033 818 2084 enim
857 2035 1017 2086 verbo
1055 2049 1198 2085 usum
1238 2034 1432 2100 ferunt)
1472 2033 1741 2084 dicendam
1783 2032 1848 2084 ad
1889 2047 2094 2090 causam

194 2127 468 2188 2opostera
507 2123 590 2176 die
633 2123 852 2176 adesset.
929 2125 1076 2187 Quod
1117 2125 1202 2175 ubi
1240 2124 1461 2176 auditum
1513 2129 1590 2187 (et
1627 2124 1964 2192 languescere
1998 2125 2092 2189 ira,

261 2213 435 2266 redire
476 2230 645 2279 amor,
705 2231 765 2267 ac
812 2216 855 2267 si
909 2222 1294 2281 cunctarentur,
1355 2216 1637 2282 propinqua
1689 2219 1895 2286 nox-et
1927 2214 2097 2275 uxorii

264 2305 483 2356 cubiculi
520 2307 763 2358 memoria
798 2307 1146 2373 timebantur),
1178 2308 1458 2373 prorumpit
1478 2307 1767 2371 Narcissus,
1805 2305 2099 2358 denuntiat-

379 2453 422 2495 2.
458 2452 613 2506 cuiqua
644 2452 724 2495 Ma.
819 2453 860 2496 6.
894 2453 1030 2495 nichil
1063 2452 1153 2501 Ma„
1239 2454 1305 2496 10.
1340 2452 1478 2494 Suilio
1511 2450 1591 2495 Ma.
1689 2453 1757 2495 11.
1789 2451 1983 2509 yreqium
2013 2450 2095 2496 Ma.

265 2508 334 2553 13.
369 2510 589 2553 luciliam‘s
621 2512 703 2564 Ma,
738 2512 948 2555 Luciam's
983 2512 1039 2556 G:
1075 2518 1319 2555 correctum
1354 2513 1397 2553 in
1430 2512 1667 2554 Alciatina.
1776 2514 1844 2554 14.
1878 2512 1983 2554 ort-’s
2015 2510 2094 2555 Μ’.

262 2570 370 2624 ᾕρεε
401 2569 481 2613 Ma.
610 2573 676 2614 15.
712 2579 876 2613 lavatum
907 2598 961 2604 —-
997 2573 1144 2627 egebat
1177 2570 1268 2613 Ma:
1302 2578 1424 2611 lanta
1456 2596 1511 2603 --
1549 2571 1703 2626 aqebat
1735 2569 1783 2614 G.

1871 2570 2096 2627 superbiae

262 2628 616 2684 Bezzenberger.
744 2630 810 2672 16.
843 2632 1059 2686 pernicies
1091 2630 1174 2683 Ma,
1203 2630 1443 2687 perniciem
1475 2630 1521 2670 G.

367 2770 484 2811 vocis
522 2784 605 2825 qua
646 2796 701 2803 —
744 2772 950 2814 dedisset.-
999 2773 1137 2813 ‘com-

264 2834 456 2870 mentum
490 2830 681 2871 feminae
708 2830 927 2885 lepidum:
963 2833 1135 2872 inimum

266 2889 396 2929 istum
439 2888 666 2942 deperibat
706 2891 963 2932 Messalina:
1008 2891 1137 2932 solli-

266 2949 385 2988 citat.
449 2947 529 2989 Ille
582 2950 894 3004 tergiversari,
941 2957 1137 2992 metuere

266 3008 588 3061 imperatorem.
654 3008 765 3059 Quid
805 3022 935 3064 ergo,
970 3012 1006 3050 si
1041 3023 1136 3050 nia-

265 3068 375 3107 ritus
409 3067 502 3120 ipse
535 3067 714 3109 iubeat?
757 3070 926 3124 inquit3
963 3075 1006 3109 et
1040 3082 1135 3110 cum

266 3126 421 3167 marito
456 3126 549 3182 egit
583 3128 706 3182 quasi
740 3141 874 3183 opera
908 3127 1137 3170 Mnesteris

266 3185 413 3240 aliqua
445 3186 489 3225 in
522 3198 570 3227 re
604 3186 668 3227 illi
701 3199 819 3229 usus.
882 3185 962 3228 Ille
1001 3200 1138 3229 voca-

266 3250 356 3284 tum
388 3245 565 3285 mimum
598 3246 711 3288 male
745 3247 907 3300 accipit
927 3247 1138 3302 iubetque

267 3305 310 3344 in
345 3303 545 3344 omnibus
585 3307 709 3347 uxori
754 3305 931 3347 obediat
962 3312 1138 3360 pareat-

269 3375 380 3417 que;
424 3363 593 3416 paruit3
638 3370 681 3405 et
714 3365 756 3405 id
791 3366 955 3406 iussum
988 3365 1139 3407 valere

268 3421 350 3461 sibi
378 3434 494 3462 nunc
528 3421 622 3463 vult
642 3424 694 3465 ad
725 3423 897 3466 veniam
930 3425 1139 3466 obtinen-

269 3480 363 3520 dam
381 3486 424 3522 et
443 3481 594 3522 vitam.
640 3483 723 3523 Dio
740 3483 807 3524 LX
827 3483 911 3525 22?
946 3483 1137 3526 Lipsius.

363 3540 412 3579 ob
456 3541 606 3595 patrui
656 3544 870 3599 eyreyium
914 3545 1137 3585 meritum:

272 3596 328 3638 cf.
371 3598 477 3654 Agr.
527 3598 606 3642 14:
650 3601 942 3645 consularium
974 3604 1139 3660 primus

271 3653 406 3697 Aulus
426 3657 618 3700 Plautius
638 3662 921 3718 praepositus,
957 3677 1011 3704 ac
1037 3663 1138 3705 sub-

1225 2772 1325 2813 inde
1340 2772 1533 2814 Ostorius
1557 2771 1764 2827 Scapula,
1794 2777 1970 2827 uterque
1987 2771 2095 2814 bello

1226 2833 1435 2887 eqreyius.
1501 2831 1658 2881 Plautii
1719 2830 1848 2872 huius
1898 2831 2096 2874 facinora

1226 2891 1338 2933 libro
1373 2890 1541 2932 decimo
1581 2889 1817 2932 Annalium
1857 2890 1984 2932 nobis
2013 2891 2096 2934 de..

1225 2951 1394 3004 perdito
1443 2956 1654 2992 executus
1698 2955 1779 2991 est.
1841 2949 2000 3005 Nepoti
2035 2950 2096 2992 li..

1224 3010 1426 3051 bidinoso
1460 3022 1574 3050 mors
1602 3009 1783 3051 remissa
1806 3015 1872 3052 est
1892 3008 2095 3065 adempto

1224 3069 1377 3109 ordine
1410 3071 1658 3110 senatorio:
1701 3082 1743 3110 v.
1778 3067 1872 3110 XIII
1908 3070 1975 3110 11.

1313 3126 1418 3181 Cap.
1453 3129 1524 3170 37.
1588 3129 1726 3170 Recte
1759 3140 1806 3168 se
1842 3127 2095 3169 habettan..

1227 3194 1312 3229 tum
1346 3212 1400 3219 —
1437 3187 1599 3242 cqebat,
1634 3192 1680 3227 ut
1713 3192 1780 3228 est
1811 3187 1856 3228 in
1889 3185 1970 3238 Ma,
2007 3199 2093 3228 non

1225 3254 1348 3287 tama
1364 3271 1419 3278 -
1432 3247 1600 3301 ayebat,
1623 3252 1669 3286 ut
1688 3245 1848 3301 vulgus
1869 3245 2093 3288 librorum.

1224 3306 1425 3346 Animum
1472 3307 1587 3347 enim
1628 3318 1705 3359 per
1754 3304 1960 3347 libidines
1994 3316 2094 3346 cor-

1227 3371 1398 3419 ruptum
1433 3366 1638 3420 omnique
1675 3364 1861 3406 honesto
1905 3363 2093 3405 destitu-

1226 3430 1313 3464 tum
1348 3425 1462 3465 inter
1493 3423 1814 3479 componendas
1839 3434 1993 3477 preces
2014 3433 2092 3463 su-

1225 3483 1360 3537 perbe
1394 3485 1541 3539 egisse
1574 3496 1660 3523 non
1694 3487 1759 3523 est
1804 3482 1897 3523 veri
1930 3480 2089 3532 simile,

1225 3555 1368 3598 neque
1401 3543 1607 3598 probatur
1650 3540 1738 3582 illis
1780 3547 1820 3581 et
1861 3538 2091 3594 aliquando

1224 3603 1322 3645 ira:
1369 3615 1467 3644 nam
1500 3603 1597 3658 quis
1631 3600 1772 3642 nescit
1803 3598 1931 3641 fracti
1964 3597 2092 3640 debi-

1225 3662 1424 3717 litatique
1470 3662 1602 3703 animi
1641 3658 1839 3700 homines
1879 3659 1985 3700 iram
2017 3671 2092 3701 re-
