<?xml version="1.0" encoding="UTF-8"?>
<!DOCTYPE html PUBLIC "-//W3C//DTD XHTML 1.0 Transitional//EN"
    "http://www.w3.org/TR/xhtml1/DTD/xhtml1-transitional.dtd">
<html xmlns="http://www.w3.org/1999/xhtml" xml:lang="en" lang="en">
 <head>
  <title>
</title>
<meta http-equiv="Content-Type" content="text/html;charset=utf-8" />
  <meta name='ocr-system' content='tesseract 3.04.00' />
  <meta name='ocr-capabilities' content='ocr_page ocr_carea ocr_par ocr_line ocrx_word'/>
</head>
<body>
  <div class='ocr_page' id='page_1' title='image "./operaadcodicesan01taciuoft_0544.png"; bbox 0 0 2280 4004; ppageno 0'>
   <div class='ocr_carea' id='block_1_1' title="bbox 250 249 2070 307">
    <p class='ocr_par' dir='ltr' id='par_1_1' title="bbox 250 249 2070 307">
     <span class='ocr_line' id='line_1_1' title="bbox 250 249 2070 307; baseline -0.003 -4"><span class='ocrx_word' id='word_1_1' title='bbox 250 251 310 303; x_wconf 60' lang='lat' dir='ltr'>es</span> <span class='ocrx_word' id='word_1_2' title='bbox 804 299 806 301; x_wconf 85' lang='lat'>.</span> <span class='ocrx_word' id='word_1_3' title='bbox 1003 249 1321 301; x_wconf 70' lang='lat' dir='ltr'>ANNALtm</span> <span class='ocrx_word' id='word_1_4' title='bbox 1814 263 1933 307; x_wconf 53' lang='lat' dir='ltr'>aa</span> <span class='ocrx_word' id='word_1_5' title='bbox 1961 255 2070 307; x_wconf 67' lang='lat'>005,-</span> 
     </span>
    </p>
   </div>
   <div class='ocr_carea' id='block_1_2' title="bbox 186 392 2162 1648">
    <p class='ocr_par' dir='ltr' id='par_1_2' title="bbox 212 392 2162 1197">
     <span class='ocr_line' id='line_1_2' title="bbox 250 392 2073 464; baseline 0.005 -20"><span class='ocrx_word' id='word_1_6' title='bbox 250 392 307 464; x_wconf 72' lang='lat' dir='ltr'>ln</span> <span class='ocrx_word' id='word_1_7' title='bbox 343 394 540 447; x_wconf 76' lang='lat' dir='ltr'>ratibus</span> <span class='ocrx_word' id='word_1_8' title='bbox 575 392 942 460; x_wconf 81' lang='lat' dir='ltr'>praetoriarum</span> <span class='ocrx_word' id='word_1_9' title='bbox 982 392 1268 448; x_wconf 78' lang='lat' dir='ltr'><strong>cohortium</strong></span> <span class='ocrx_word' id='word_1_10' title='bbox 1302 393 1542 460; x_wconf 70' lang='lat' dir='ltr'>manipuli</span> <span class='ocrx_word' id='word_1_11' title='bbox 1578 399 1875 464; x_wconf 62' lang='lat' dir='ltr'>mutuaeque</span> <span class='ocrx_word' id='word_1_12' title='bbox 1909 396 2073 454; x_wconf 62' lang='lat' dir='ltr'>adffl-</span> 
     </span>
     <span class='ocr_line' id='line_1_3' title="bbox 249 483 2074 552; baseline 0.005 -16"><span class='ocrx_word' id='word_1_13' title='bbox 249 488 431 550; x_wconf 84' lang='lat' dir='ltr'>terant,</span> <span class='ocrx_word' id='word_1_14' title='bbox 471 483 767 549; x_wconf 81' lang='lat' dir='ltr'>antepositis</span> <span class='ocrx_word' id='word_1_15' title='bbox 802 484 1218 550; x_wconf 51' lang='lat' dir='ltr'>propugnaculi&amp;</span> <span class='ocrx_word' id='word_1_16' title='bbox 1260 500 1326 538; x_wconf 82' lang='lat' dir='ltr'>ex</span> <span class='ocrx_word' id='word_1_17' title='bbox 1361 485 1475 551; x_wconf 84' lang='lat' dir='ltr'>quis</span> <span class='ocrx_word' id='word_1_18' title='bbox 1508 485 1791 552; x_wconf 72' lang='lat' dir='ltr'>catapultae</span> <span class='ocrx_word' id='word_1_19' title='bbox 1811 487 2074 545; x_wconf 47' lang='lat' dir='ltr'>hunisco&amp;-</span> 
     </span>
     <span class='ocr_line' id='line_1_4' title="bbox 251 568 2099 640; baseline 0.005 -15"><span class='ocrx_word' id='word_1_20' title='bbox 251 589 347 640; x_wconf 89' lang='lat' dir='ltr'>que</span> <span class='ocrx_word' id='word_1_21' title='bbox 388 574 729 625; x_wconf 78' lang='lat' dir='ltr'>tenderentur.</span> <span class='ocrx_word' id='word_1_22' title='bbox 804 573 1016 640; x_wconf 83' lang='lat' dir='ltr'>Reliqua</span> <span class='ocrx_word' id='word_1_23' title='bbox 1060 574 1202 626; x_wconf 89' lang='lat' dir='ltr'>lacus</span> <span class='ocrx_word' id='word_1_24' title='bbox 1253 575 1502 629; x_wconf 88' lang='lat' dir='ltr'>classiarii</span> <span class='ocrx_word' id='word_1_25' title='bbox 1541 578 1690 630; x_wconf 92' lang='lat' dir='ltr'>tectis</span> <span class='ocrx_word' id='word_1_26' title='bbox 1725 568 2099 639; x_wconf 46' lang='lat' dir='ltr'>navibusob?</span> 
     </span>
     <span class='ocr_line' id='line_1_5' title="bbox 248 652 2073 733; baseline 0.003 -17"><span class='ocrx_word' id='word_1_27' title='bbox 248 664 489 716; x_wconf 83' lang='lat' dir='ltr'>tinebant.</span> <span class='ocrx_word' id='word_1_28' title='bbox 562 664 716 730; x_wconf 86' lang='lat' dir='ltr'>Ripas</span> <span class='ocrx_word' id='word_1_29' title='bbox 746 668 795 716; x_wconf 92' lang='lat' dir='ltr'>et</span> <span class='ocrx_word' id='word_1_30' title='bbox 826 665 999 718; x_wconf 88' lang='lat' dir='ltr'>colles.</span> <span class='ocrx_word' id='word_1_31' title='bbox 1019 652 1364 733; x_wconf 83' lang='lat' dir='ltr'>montiumque</span> <span class='ocrx_word' id='word_1_32' title='bbox 1386 667 1530 721; x_wconf 66' lang='lat' dir='ltr'>&#39;edita</span> <span class='ocrx_word' id='word_1_33' title='bbox 1562 668 1617 723; x_wconf 83' lang='lat' dir='ltr'>in</span> <span class='ocrx_word' id='word_1_34' title='bbox 1649 668 1860 725; x_wconf 68' lang='lat' dir='ltr'>modum?</span> <span class='ocrx_word' id='word_1_35' title='bbox 1891 668 2073 724; x_wconf 72' lang='lat' dir='ltr'>theatri</span> 
     </span>
     <span class='ocr_line' id='line_1_6' title="bbox 212 752 2162 828; baseline 0.002 -20"><span class='ocrx_word' id='word_1_36' title='bbox 212 754 513 814; x_wconf 81' lang='lat' dir='ltr'>smultitudo</span> <span class='ocrx_word' id='word_1_37' title='bbox 551 755 814 808; x_wconf 77' lang='lat' dir='ltr'>innumera</span> <span class='ocrx_word' id='word_1_38' title='bbox 854 752 1125 823; x_wconf 76' lang='lat' dir='ltr'>complevit</span> <span class='ocrx_word' id='word_1_39' title='bbox 1171 758 1414 824; x_wconf 77' lang='lat' dir='ltr'><strong>proximis</strong></span> <span class='ocrx_word' id='word_1_40' title='bbox 1455 775 1486 812; x_wconf 90' lang='lat' dir='ltr'>e</span> <span class='ocrx_word' id='word_1_41' title='bbox 1521 760 1846 828; x_wconf 75' lang='lat' dir='ltr'>municipiis,</span> <span class='ocrx_word' id='word_1_42' title='bbox 1901 765 1955 817; x_wconf 69' lang='lat' dir='ltr'>et</span> <span class='ocrx_word' id='word_1_43' title='bbox 1986 759 2074 817; x_wconf 68' lang='lat' dir='ltr'>atti</span> <span class='ocrx_word' id='word_1_44' title='bbox 2159 792 2162 795; x_wconf 74' lang='lat'><em>,</em></span> 
     </span>
     <span class='ocr_line' id='line_1_7' title="bbox 248 846 2072 919; baseline 0.006 -22"><span class='ocrx_word' id='word_1_45' title='bbox 248 846 375 901; x_wconf 86' lang='lat' dir='ltr'>urbe</span> <span class='ocrx_word' id='word_1_46' title='bbox 435 859 501 898; x_wconf 82' lang='lat' dir='ltr'>ex</span> <span class='ocrx_word' id='word_1_47' title='bbox 553 846 689 913; x_wconf 84' lang='lat' dir='ltr'>ipsa,</span> <span class='ocrx_word' id='word_1_48' title='bbox 744 847 946 900; x_wconf 88' lang='lat' dir='ltr'>visendi</span> <span class='ocrx_word' id='word_1_49' title='bbox 1002 848 1239 915; x_wconf 85' lang='lat' dir='ltr'>cupidine</span> <span class='ocrx_word' id='word_1_50' title='bbox 1301 854 1386 901; x_wconf 84' lang='lat' dir='ltr'>aut</span> <span class='ocrx_word' id='word_1_51' title='bbox 1445 850 1616 903; x_wconf 81' lang='lat' dir='ltr'>officio</span> <span class='ocrx_word' id='word_1_52' title='bbox 1675 851 1728 905; x_wconf 79' lang='lat' dir='ltr'>in</span> <span class='ocrx_word' id='word_1_53' title='bbox 1774 850 2072 919; x_wconf 69' lang='lat' dir='ltr'>prinoipem.</span> 
     </span>
     <span class='ocr_line' id='line_1_8' title="bbox 248 935 2076 1011; baseline 0.006 -21"><span class='ocrx_word' id='word_1_54' title='bbox 248 935 361 1003; x_wconf 88' lang='lat' dir='ltr'>Ipse</span> <span class='ocrx_word' id='word_1_55' title='bbox 407 937 597 1005; x_wconf 83' lang='lat' dir='ltr'>insigni</span> <span class='ocrx_word' id='word_1_56' title='bbox 632 938 1017 1006; x_wconf 81' lang='lat' dir='ltr'>paludamento,</span> <span class='ocrx_word' id='word_1_57' title='bbox 1070 953 1238 1006; x_wconf 90' lang='lat' dir='ltr'>neque</span> <span class='ocrx_word' id='word_1_58' title='bbox 1272 942 1451 1007; x_wconf 81' lang='lat' dir='ltr'>procul</span> <span class='ocrx_word' id='word_1_59' title='bbox 1483 941 1765 1010; x_wconf 77' lang='lat' dir='ltr'>Agrippina</span> <span class='ocrx_word' id='word_1_60' title='bbox 1804 942 2076 1011; x_wconf 66' lang='lat' dir='ltr'>chlamyde</span> 
     </span>
     <span class='ocr_line' id='line_1_9' title="bbox 249 1029 2077 1100; baseline 0.006 -21"><span class='ocrx_word' id='word_1_61' title='bbox 249 1033 440 1093; x_wconf 79' lang='lat' dir='ltr'>aurata,</span> <span class='ocrx_word' id='word_1_62' title='bbox 464 1029 792 1095; x_wconf 83' lang='lat' dir='ltr'>praesedere.</span> <span class='ocrx_word' id='word_1_63' title='bbox 843 1030 1137 1099; x_wconf 86' lang='lat' dir='ltr'>Pugnatum,</span> <span class='ocrx_word' id='word_1_64' title='bbox 1163 1044 1461 1099; x_wconf 83' lang='lat' dir='ltr'>quamquam</span> <span class='ocrx_word' id='word_1_65' title='bbox 1490 1033 1623 1087; x_wconf 80' lang='lat' dir='ltr'>inter</span> <span class='ocrx_word' id='word_1_66' title='bbox 1648 1039 1842 1100; x_wconf 67' lang='lat' dir='ltr'>semea,</span> <span class='ocrx_word' id='word_1_67' title='bbox 1873 1033 2077 1090; x_wconf 79' lang='lat' dir='ltr'>fortium</span> 
     </span>
     <span class='ocr_line' id='line_1_10' title="bbox 247 1120 2074 1197; baseline 0.005 -25"><span class='ocrx_word' id='word_1_68' title='bbox 247 1120 473 1175; x_wconf 83' lang='lat' dir='ltr'>virorum</span> <span class='ocrx_word' id='word_1_69' title='bbox 510 1121 712 1186; x_wconf 84' lang='lat' dir='ltr'>animo;</span> <span class='ocrx_word' id='word_1_70' title='bbox 748 1137 810 1173; x_wconf 87' lang='lat' dir='ltr'>ac</span> <span class='ocrx_word' id='word_1_71' title='bbox 846 1127 962 1188; x_wconf 91' lang='lat' dir='ltr'>post</span> <span class='ocrx_word' id='word_1_72' title='bbox 996 1123 1202 1176; x_wconf 91' lang='lat' dir='ltr'>multum</span> <span class='ocrx_word' id='word_1_73' title='bbox 1237 1124 1500 1177; x_wconf 88' lang='lat' dir='ltr'>vulnerum</span> <span class='ocrx_word' id='word_1_74' title='bbox 1538 1125 1798 1179; x_wconf 73' lang='lat' dir='ltr'>occidioni</span> <span class='ocrx_word' id='word_1_75' title='bbox 1857 1127 2074 1197; x_wconf 74' lang='lat' dir='ltr'>exempti</span> 
     </span>
    </p>

    <p class='ocr_par' dir='ltr' id='par_1_3' title="bbox 186 1212 2160 1648">
     <span class='ocr_line' id='line_1_11' title="bbox 186 1212 2160 1283; baseline 0.002 -20"><span class='ocrx_word' id='word_1_76' title='bbox 186 1226 235 1275; x_wconf 62' lang='lat' dir='ltr'>to</span> <span class='ocrx_word' id='word_1_77' title='bbox 249 1216 380 1264; x_wconf 89' lang='lat' dir='ltr'>sunt.</span> <span class='ocrx_word' id='word_1_78' title='bbox 456 1212 558 1266; x_wconf 89' lang='lat' dir='ltr'>Sed</span> <span class='ocrx_word' id='word_1_79' title='bbox 614 1213 843 1280; x_wconf 86' lang='lat' dir='ltr'>perfecto</span> <span class='ocrx_word' id='word_1_80' title='bbox 896 1215 1189 1281; x_wconf 88' lang='lat' dir='ltr'>spectaculo</span> <span class='ocrx_word' id='word_1_81' title='bbox 1239 1221 1462 1282; x_wconf 85' lang='lat' dir='ltr'>apertum</span> <span class='ocrx_word' id='word_1_82' title='bbox 1519 1225 1761 1283; x_wconf 69' lang='lat' dir='ltr'>aquarum</span> <span class='ocrx_word' id='word_1_83' title='bbox 1801 1217 1915 1272; x_wconf 80' lang='lat' dir='ltr'>iter.</span> <span class='ocrx_word' id='word_1_84' title='bbox 1988 1217 2078 1274; x_wconf 62' lang='lat' dir='ltr'>In*</span> <span class='ocrx_word' id='word_1_85' title='bbox 2091 1218 2160 1268; x_wconf 69' lang='lat'>5⁷</span> 
     </span>
     <span class='ocr_line' id='line_1_12' title="bbox 251 1304 2072 1377; baseline 0.004 -23"><span class='ocrx_word' id='word_1_86' title='bbox 251 1304 389 1355; x_wconf 86' lang='lat' dir='ltr'>curia</span> <span class='ocrx_word' id='word_1_87' title='bbox 429 1304 598 1370; x_wconf 87' lang='lat' dir='ltr'>operis</span> <span class='ocrx_word' id='word_1_88' title='bbox 634 1304 902 1357; x_wconf 86' lang='lat' dir='ltr'>manifesta</span> <span class='ocrx_word' id='word_1_89' title='bbox 938 1305 1047 1371; x_wconf 86' lang='lat' dir='ltr'>fuit,</span> <span class='ocrx_word' id='word_1_90' title='bbox 1086 1305 1220 1358; x_wconf 87' lang='lat' dir='ltr'>haud</span> <span class='ocrx_word' id='word_1_91' title='bbox 1259 1307 1382 1359; x_wconf 84' lang='lat' dir='ltr'>satis</span> <span class='ocrx_word' id='word_1_92' title='bbox 1421 1307 1651 1374; x_wconf 77' lang='lat' dir='ltr'>depressi</span> <span class='ocrx_word' id='word_1_93' title='bbox 1687 1307 1753 1361; x_wconf 77' lang='lat' dir='ltr'>ad</span> <span class='ocrx_word' id='word_1_94' title='bbox 1795 1307 1944 1377; x_wconf 63' lang='lat' dir='ltr'>lacus</span> <span class='ocrx_word' id='word_1_95' title='bbox 1971 1307 2072 1363; x_wconf 70' lang='lat' dir='ltr'>ima</span> 
     </span>
     <span class='ocr_line' id='line_1_13' title="bbox 246 1395 2072 1465; baseline 0.003 -19"><span class='ocrx_word' id='word_1_96' title='bbox 246 1395 332 1460; x_wconf 69' lang='lat' dir='ltr'>vel</span> <span class='ocrx_word' id='word_1_97' title='bbox 365 1396 549 1448; x_wconf 90' lang='lat' dir='ltr'>media.</span> <span class='ocrx_word' id='word_1_98' title='bbox 623 1397 827 1463; x_wconf 88' lang='lat' dir='ltr'>quue,</span> <span class='ocrx_word' id='word_1_99' title='bbox 866 1401 1096 1463; x_wconf 88' lang='lat' dir='ltr'>tempore</span> <span class='ocrx_word' id='word_1_100' title='bbox 1133 1397 1436 1462; x_wconf 84' lang='lat' dir='ltr'>interiectO,</span> <span class='ocrx_word' id='word_1_101' title='bbox 1475 1397 1621 1449; x_wconf 89' lang='lat' dir='ltr'>altius</span> <span class='ocrx_word' id='word_1_102' title='bbox 1659 1397 1835 1451; x_wconf 84' lang='lat' dir='ltr'>effossi</span> <span class='ocrx_word' id='word_1_103' title='bbox 1870 1413 2072 1465; x_wconf 83' lang='lat' dir='ltr'>specuS‚</span> 
     </span>
     <span class='ocr_line' id='line_1_14' title="bbox 247 1485 2077 1558; baseline 0.004 -20"><span class='ocrx_word' id='word_1_104' title='bbox 247 1489 300 1558; x_wconf 71' lang='lat' dir='ltr'>et</span> <span class='ocrx_word' id='word_1_105' title='bbox 348 1485 726 1555; x_wconf 79' lang='lat' dir='ltr'>contrahendae</span> <span class='ocrx_word' id='word_1_106' title='bbox 775 1502 952 1540; x_wconf 88' lang='lat' dir='ltr'>rursus</span> <span class='ocrx_word' id='word_1_107' title='bbox 1007 1487 1310 1539; x_wconf 86' lang='lat' dir='ltr'>multitudini</span> <span class='ocrx_word' id='word_1_108' title='bbox 1355 1486 1694 1556; x_wconf 83' lang='lat' dir='ltr'>gladiatorum</span> <span class='ocrx_word' id='word_1_109' title='bbox 1735 1489 2077 1557; x_wconf 73' lang='lat' dir='ltr'>spectaculum</span> 
     </span>
     <span class='ocr_line' id='line_1_15' title="bbox 251 1566 2090 1648; baseline 0.003 -18"><span class='ocrx_word' id='word_1_110' title='bbox 251 1578 444 1645; x_wconf 83' lang='lat' dir='ltr'>editur,</span> <span class='ocrx_word' id='word_1_111' title='bbox 483 1578 656 1631; x_wconf 90' lang='lat' dir='ltr'>inditis</span> <span class='ocrx_word' id='word_1_112' title='bbox 694 1579 929 1646; x_wconf 90' lang='lat' dir='ltr'>pontibus</span> <span class='ocrx_word' id='word_1_113' title='bbox 966 1579 1252 1646; x_wconf 84' lang='lat' dir='ltr'>pedestrem</span> <span class='ocrx_word' id='word_1_114' title='bbox 1287 1579 1351 1631; x_wconf 91' lang='lat' dir='ltr'>ad</span> <span class='ocrx_word' id='word_1_115' title='bbox 1375 1566 1621 1648; x_wconf 86' lang='lat' dir='ltr'>pugnam.</span> <span class='ocrx_word' id='word_1_116' title='bbox 1696 1576 1828 1643; x_wconf 79' lang='lat' dir='ltr'>Quin</span> <span class='ocrx_word' id='word_1_117' title='bbox 1862 1585 1915 1635; x_wconf 67' lang='lat' dir='ltr'>et</span> <span class='ocrx_word' id='word_1_118' title='bbox 1947 1590 2090 1643; x_wconf 12' lang='lat' dir='ltr'>eon—⁷</span> 
     </span>
    </p>
   </div>
   <div class='ocr_carea' id='block_1_3' title="bbox 247 1729 2079 1909">
    <p class='ocr_par' dir='ltr' id='par_1_4' title="bbox 247 1729 2079 1909">
     <span class='ocr_line' id='line_1_16' title="bbox 248 1729 2077 1790; baseline 0.004 -17"><span class='ocrx_word' id='word_1_119' title='bbox 248 1767 252 1786; x_wconf 18' lang='grc' dir='ltr'>,Δ</span> <span class='ocrx_word' id='word_1_120' title='bbox 370 1732 407 1774; x_wconf 85' lang='grc'>1.</span> <span class='ocrx_word' id='word_1_121' title='bbox 440 1737 656 1786; x_wconf 78' lang='lat' dir='ltr'>turmeque</span> <span class='ocrx_word' id='word_1_122' title='bbox 687 1732 769 1774; x_wconf 70' lang='lat' dir='ltr'>Ma.</span> <span class='ocrx_word' id='word_1_123' title='bbox 863 1733 907 1777; x_wconf 84' lang='lat'>2.</span> <span class='ocrx_word' id='word_1_124' title='bbox 941 1731 1189 1787; x_wconf 77' lang='lat' dir='ltr'>ballisteque</span> <span class='ocrx_word' id='word_1_125' title='bbox 1218 1729 1299 1775; x_wconf 70' lang='lat' dir='ltr'>Ma.</span> <span class='ocrx_word' id='word_1_126' title='bbox 1404 1733 1447 1776; x_wconf 86' lang='lat'>3.</span> <span class='ocrx_word' id='word_1_127' title='bbox 1481 1740 1565 1790; x_wconf 79' lang='lat' dir='ltr'>opt.</span> <span class='ocrx_word' id='word_1_128' title='bbox 1598 1732 1680 1778; x_wconf 70' lang='lat' dir='ltr'>Ma.</span> <span class='ocrx_word' id='word_1_129' title='bbox 1770 1735 1814 1778; x_wconf 83' lang='lat'>4.</span> <span class='ocrx_word' id='word_1_130' title='bbox 1845 1735 2077 1781; x_wconf 69' lang='lat' dir='ltr'>muttum-</span> 
     </span>
     <span class='ocr_line' id='line_1_17' title="bbox 247 1789 2075 1851; baseline 0.004 -20"><span class='ocrx_word' id='word_1_131' title='bbox 247 1803 328 1846; x_wconf 23' lang='lat' dir='ltr'>&#39;que</span> <span class='ocrx_word' id='word_1_132' title='bbox 365 1790 557 1834; x_wconf 84' lang='lat' dir='ltr'>Heraeus</span> <span class='ocrx_word' id='word_1_133' title='bbox 591 1793 636 1833; x_wconf 93' lang='lat' dir='ltr'>in</span> <span class='ocrx_word' id='word_1_134' title='bbox 673 1789 837 1834; x_wconf 89' lang='lat' dir='ltr'>Studiis</span> <span class='ocrx_word' id='word_1_135' title='bbox 871 1793 967 1834; x_wconf 89' lang='lat' dir='ltr'>crit.</span> <span class='ocrx_word' id='word_1_136' title='bbox 1001 1804 1044 1846; x_wconf 91' lang='lat' dir='ltr'>p.</span> <span class='ocrx_word' id='word_1_137' title='bbox 1083 1793 1191 1835; x_wconf 84' lang='lat'><strong>172:</strong></span> <span class='ocrx_word' id='word_1_138' title='bbox 1241 1790 1308 1835; x_wconf 68' lang='lat' dir='ltr'>Ma</span> <span class='ocrx_word' id='word_1_139' title='bbox 1338 1794 1565 1848; x_wconf 75' lang='lat' dir='ltr'>montium,</span> <span class='ocrx_word' id='word_1_140' title='bbox 1602 1794 1741 1851; x_wconf 77' lang='lat' dir='ltr'>vulgo</span> <span class='ocrx_word' id='word_1_141' title='bbox 1772 1807 1829 1836; x_wconf 80' lang='lat' dir='ltr'>ao</span> <span class='ocrx_word' id='word_1_142' title='bbox 1856 1795 2075 1848; x_wconf 61' lang='lat' dir='ltr'>montius,</span> 
     </span>
     <span class='ocr_line' id='line_1_18' title="bbox 249 1849 2079 1909; baseline 0.003 -19"><span class='ocrx_word' id='word_1_143' title='bbox 249 1855 298 1891; x_wconf 84' lang='lat' dir='ltr'>ut</span> <span class='ocrx_word' id='word_1_144' title='bbox 328 1851 371 1891; x_wconf 93' lang='lat' dir='ltr'>in</span> <span class='ocrx_word' id='word_1_145' title='bbox 407 1850 455 1892; x_wconf 88' lang='lat' dir='ltr'>G.</span> <span class='ocrx_word' id='word_1_146' title='bbox 547 1852 586 1894; x_wconf 88' lang='lat'>7.</span> <span class='ocrx_word' id='word_1_147' title='bbox 626 1849 806 1893; x_wconf 81' lang='lat' dir='ltr'>clamide</span> <span class='ocrx_word' id='word_1_148' title='bbox 838 1849 928 1894; x_wconf 72' lang='lat' dir='ltr'>Ma:</span> <span class='ocrx_word' id='word_1_149' title='bbox 961 1850 996 1893; x_wconf 89' lang='lat' dir='ltr'>G</span> <span class='ocrx_word' id='word_1_150' title='bbox 1026 1851 1263 1907; x_wconf 79' lang='lat' dir='ltr'>chlamyde.</span> <span class='ocrx_word' id='word_1_151' title='bbox 1353 1852 1397 1895; x_wconf 91' lang='lat'>8.</span> <span class='ocrx_word' id='word_1_152' title='bbox 1424 1851 1678 1909; x_wconf 71' lang='lat' dir='ltr'>praesidere</span> <span class='ocrx_word' id='word_1_153' title='bbox 1706 1850 1796 1897; x_wconf 62' lang='lat' dir='ltr'>Ma:</span> <span class='ocrx_word' id='word_1_154' title='bbox 1828 1853 2079 1899; x_wconf 72' lang='lat' dir='ltr'>emendavit</span> 
     </span>
    </p>
   </div>
   <div class='ocr_carea' id='block_1_4' title="bbox 249 1908 1269 1967">
    <p class='ocr_par' dir='ltr' id='par_1_5' title="bbox 249 1908 1269 1967">
     <span class='ocr_line' id='line_1_19' title="bbox 249 1908 1269 1967; baseline 0.006 -17"><span class='ocrx_word' id='word_1_155' title='bbox 249 1908 436 1965; x_wconf 87' lang='lat' dir='ltr'>Lipsius.</span> <span class='ocrx_word' id='word_1_156' title='bbox 529 1924 683 1967; x_wconf 80' lang='lat' dir='ltr'>quanq.</span> <span class='ocrx_word' id='word_1_157' title='bbox 718 1909 798 1953; x_wconf 66' lang='lat' dir='ltr'>Ma.</span> <span class='ocrx_word' id='word_1_158' title='bbox 894 1912 963 1955; x_wconf 82' lang='lat'>12.</span> <span class='ocrx_word' id='word_1_159' title='bbox 998 1924 1046 1952; x_wconf 89' lang='lat' dir='ltr'>eo</span> <span class='ocrx_word' id='word_1_160' title='bbox 1078 1924 1157 1967; x_wconf 82' lang='lat' dir='ltr'>quo</span> <span class='ocrx_word' id='word_1_161' title='bbox 1188 1910 1269 1956; x_wconf 68' lang='lat' dir='ltr'>Ma.</span> 
     </span>
    </p>
   </div>
   <div class='ocr_carea' id='block_1_5' title="bbox 244 2032 1129 3690">
    <p class='ocr_par' dir='ltr' id='par_1_6' title="bbox 246 2032 1126 2431">
     <span class='ocr_line' id='line_1_20' title="bbox 369 2032 1121 2088; baseline 0 -14"><span class='ocrx_word' id='word_1_162' title='bbox 369 2032 616 2088; x_wconf 74' lang='lat' dir='ltr'>Aqrippina</span> <span class='ocrx_word' id='word_1_163' title='bbox 661 2032 884 2088; x_wconf 74' lang='lat' dir='ltr'>chlamyde</span> <span class='ocrx_word' id='word_1_164' title='bbox 937 2039 1121 2075; x_wconf 79' lang='lat' dir='ltr'>aurata:</span> 
     </span>
     <span class='ocr_line' id='line_1_21' title="bbox 251 2089 1123 2135; baseline 0.002 -3"><span class='ocrx_word' id='word_1_165' title='bbox 251 2089 421 2133; x_wconf 83' lang='lat' dir='ltr'>Plinius</span> <span class='ocrx_word' id='word_1_166' title='bbox 463 2091 637 2133; x_wconf 78' lang='lat' dir='ltr'>XXXIII</span> <span class='ocrx_word' id='word_1_167' title='bbox 687 2093 764 2135; x_wconf 89' lang='lat'>19:</span> <span class='ocrx_word' id='word_1_168' title='bbox 824 2106 904 2135; x_wconf 77' lang='lat' dir='ltr'>nos</span> <span class='ocrx_word' id='word_1_169' title='bbox 943 2092 1123 2134; x_wconf 78' lang='lat' dir='ltr'>vidimus</span> 
     </span>
     <span class='ocr_line' id='line_1_22' title="bbox 246 2151 1124 2208; baseline 0 -15"><span class='ocrx_word' id='word_1_170' title='bbox 246 2151 539 2207; x_wconf 11' lang='lat' dir='ltr'>VAqrippinam</span> <span class='ocrx_word' id='word_1_171' title='bbox 552 2151 725 2194; x_wconf 83' lang='lat' dir='ltr'>Claudii</span> <span class='ocrx_word' id='word_1_172' title='bbox 734 2151 963 2208; x_wconf 73' lang='lat' dir='ltr'>principis,</span> <span class='ocrx_word' id='word_1_173' title='bbox 976 2152 1124 2194; x_wconf 71' lang='lat' dir='ltr'>edente</span> 
     </span>
     <span class='ocr_line' id='line_1_23' title="bbox 255 2210 1126 2268; baseline 0.002 -17"><span class='ocrx_word' id='word_1_174' title='bbox 255 2225 302 2251; x_wconf 77' lang='lat' dir='ltr'>eo</span> <span class='ocrx_word' id='word_1_175' title='bbox 332 2210 502 2253; x_wconf 81' lang='lat' dir='ltr'>navalis</span> <span class='ocrx_word' id='word_1_176' title='bbox 526 2210 685 2268; x_wconf 80' lang='lat' dir='ltr'>proelii</span> <span class='ocrx_word' id='word_1_177' title='bbox 708 2211 1011 2268; x_wconf 76' lang='lat' dir='ltr'>spectaculum,</span> <span class='ocrx_word' id='word_1_178' title='bbox 1042 2211 1126 2253; x_wconf 83' lang='lat' dir='ltr'>ad-</span> 
     </span>
     <span class='ocr_line' id='line_1_24' title="bbox 254 2270 1125 2327; baseline 0 -16"><span class='ocrx_word' id='word_1_179' title='bbox 254 2270 460 2312; x_wconf 82' lang='lat' dir='ltr'>sidentem</span> <span class='ocrx_word' id='word_1_180' title='bbox 494 2272 534 2312; x_wconf 83' lang='lat' dir='ltr'>ei</span> <span class='ocrx_word' id='word_1_181' title='bbox 546 2301 558 2322; x_wconf 82' lang='lat'>‚</span> <span class='ocrx_word' id='word_1_182' title='bbox 599 2271 793 2313; x_wconf 81' lang='lat' dir='ltr'>indutam</span> <span class='ocrx_word' id='word_1_183' title='bbox 819 2271 1125 2327; x_wconf 80' lang='lat' dir='ltr'>paludamento</span> 
     </span>
     <span class='ocr_line' id='line_1_25' title="bbox 246 2330 1124 2376; baseline 0 -5"><span class='ocrx_word' id='word_1_184' title='bbox 246 2343 362 2376; x_wconf 27' lang='lat' dir='ltr'>sauro</span> <span class='ocrx_word' id='word_1_185' title='bbox 424 2330 562 2372; x_wconf 72' lang='lat' dir='ltr'>textili</span> <span class='ocrx_word' id='word_1_186' title='bbox 624 2331 716 2373; x_wconf 81' lang='lat' dir='ltr'>sine</span> <span class='ocrx_word' id='word_1_187' title='bbox 772 2330 865 2374; x_wconf 80' lang='lat' dir='ltr'>alia</span> <span class='ocrx_word' id='word_1_188' title='bbox 924 2331 1124 2372; x_wconf 81' lang='lat' dir='ltr'>materia.</span> 
     </span>
     <span class='ocr_line' id='line_1_26' title="bbox 253 2388 473 2431; baseline 0.005 -1"><span class='ocrx_word' id='word_1_189' title='bbox 253 2388 337 2431; x_wconf 91' lang='lat' dir='ltr'>Dio</span> <span class='ocrx_word' id='word_1_190' title='bbox 370 2389 400 2431; x_wconf 95' lang='lat' dir='ltr'>l.</span> <span class='ocrx_word' id='word_1_191' title='bbox 436 2403 473 2431; x_wconf 88' lang='lat' dir='ltr'>c.</span> 
     </span>
    </p>

    <p class='ocr_par' dir='ltr' id='par_1_7' title="bbox 247 2449 1127 2741">
     <span class='ocr_line' id='line_1_27' title="bbox 347 2449 1127 2504; baseline 0 -14"><span class='ocrx_word' id='word_1_192' title='bbox 347 2450 560 2491; x_wconf 77' lang='lat' dir='ltr'>occidioni</span> <span class='ocrx_word' id='word_1_193' title='bbox 579 2449 760 2504; x_wconf 74' lang='lat' dir='ltr'>exempti</span> <span class='ocrx_word' id='word_1_194' title='bbox 776 2456 898 2491; x_wconf 78' lang='lat' dir='ltr'>sunt:</span> <span class='ocrx_word' id='word_1_195' title='bbox 931 2449 1016 2492; x_wconf 86' lang='lat' dir='ltr'>Dio</span> <span class='ocrx_word' id='word_1_196' title='bbox 1035 2462 1127 2491; x_wconf 86' lang='lat' dir='ltr'>rem</span> 
     </span>
     <span class='ocr_line' id='line_1_28' title="bbox 255 2508 1127 2561; baseline 0 -12"><span class='ocrx_word' id='word_1_197' title='bbox 255 2508 316 2550; x_wconf 85' lang='lat' dir='ltr'>ita</span> <span class='ocrx_word' id='word_1_198' title='bbox 347 2514 515 2561; x_wconf 86' lang='lat' dir='ltr'>narrat,</span> <span class='ocrx_word' id='word_1_199' title='bbox 550 2514 598 2549; x_wconf 93' lang='lat' dir='ltr'>ut</span> <span class='ocrx_word' id='word_1_200' title='bbox 629 2511 767 2550; x_wconf 90' lang='lat' dir='ltr'>maior</span> <span class='ocrx_word' id='word_1_201' title='bbox 799 2508 966 2550; x_wconf 90' lang='lat' dir='ltr'>invidia</span> <span class='ocrx_word' id='word_1_202' title='bbox 1002 2509 1127 2551; x_wconf 84' lang='lat' dir='ltr'>cadat</span> 
     </span>
     <span class='ocr_line' id='line_1_29' title="bbox 247 2567 1126 2613; baseline 0.001 -5"><span class='ocrx_word' id='word_1_203' title='bbox 247 2568 299 2613; x_wconf 62' lang='lat' dir='ltr'>&gt;in</span> <span class='ocrx_word' id='word_1_204' title='bbox 343 2567 596 2609; x_wconf 81' lang='lat' dir='ltr'>Claudiurn:</span> <span class='ocrx_word' id='word_1_205' title='bbox 649 2568 821 2609; x_wconf 84' lang='lat' dir='ltr'>scilicet</span> <span class='ocrx_word' id='word_1_206' title='bbox 864 2570 1031 2609; x_wconf 84' lang='lat' dir='ltr'>atrocia</span> <span class='ocrx_word' id='word_1_207' title='bbox 1073 2568 1126 2610; x_wconf 88' lang='lat' dir='ltr'>de</span> 
     </span>
     <span class='ocr_line' id='line_1_30' title="bbox 256 2625 1126 2677; baseline 0.001 -10"><span class='ocrx_word' id='word_1_208' title='bbox 256 2625 516 2667; x_wconf 84' lang='lat' dir='ltr'>Caesaribus</span> <span class='ocrx_word' id='word_1_209' title='bbox 540 2626 722 2677; x_wconf 86' lang='lat' dir='ltr'>referre,</span> <span class='ocrx_word' id='word_1_210' title='bbox 757 2626 1038 2669; x_wconf 85' lang='lat' dir='ltr'>humanitatis</span> <span class='ocrx_word' id='word_1_211' title='bbox 1061 2628 1126 2670; x_wconf 89' lang='lat' dir='ltr'>si-</span> 
     </span>
     <span class='ocr_line' id='line_1_31' title="bbox 256 2684 988 2741; baseline 0.001 -16"><span class='ocrx_word' id='word_1_212' title='bbox 256 2698 343 2741; x_wconf 86' lang='lat' dir='ltr'>gna</span> <span class='ocrx_word' id='word_1_213' title='bbox 375 2684 608 2741; x_wconf 87' lang='lat' dir='ltr'>aliquando</span> <span class='ocrx_word' id='word_1_214' title='bbox 640 2686 829 2727; x_wconf 86' lang='lat' dir='ltr'>reticere</span> <span class='ocrx_word' id='word_1_215' title='bbox 859 2691 988 2727; x_wconf 85' lang='lat' dir='ltr'>amat.</span> 
     </span>
    </p>

    <p class='ocr_par' dir='ltr' id='par_1_8' title="bbox 244 2744 1129 3690">
     <span class='ocr_line' id='line_1_32' title="bbox 345 2744 1127 2799; baseline 0.001 -14"><span class='ocrx_word' id='word_1_216' title='bbox 345 2744 449 2799; x_wconf 84' lang='lat' dir='ltr'>Cap.</span> <span class='ocrx_word' id='word_1_217' title='bbox 485 2745 556 2787; x_wconf 83' lang='lat'>57.</span> <span class='ocrx_word' id='word_1_218' title='bbox 619 2745 677 2786; x_wconf 79' lang='lat' dir='ltr'>acl</span> <span class='ocrx_word' id='word_1_219' title='bbox 692 2744 812 2786; x_wconf 83' lang='lat' dir='ltr'>lacus</span> <span class='ocrx_word' id='word_1_220' title='bbox 828 2745 916 2786; x_wconf 75' lang='lat' dir='ltr'>ima</span> <span class='ocrx_word' id='word_1_221' title='bbox 938 2744 1005 2786; x_wconf 85' lang='lat' dir='ltr'>vel</span> <span class='ocrx_word' id='word_1_222' title='bbox 1034 2758 1127 2786; x_wconf 85' lang='lat' dir='ltr'>me-</span> 
     </span>
     <span class='ocr_line' id='line_1_33' title="bbox 257 2801 1127 2858; baseline 0.001 -15"><span class='ocrx_word' id='word_1_223' title='bbox 257 2801 356 2844; x_wconf 68' lang='lat' dir='ltr'>clia:</span> <span class='ocrx_word' id='word_1_224' title='bbox 385 2804 572 2845; x_wconf 79' lang='lat' dir='ltr'>‘dixerat</span> <span class='ocrx_word' id='word_1_225' title='bbox 612 2805 669 2845; x_wconf 84' lang='lat' dir='ltr'>ad</span> <span class='ocrx_word' id='word_1_226' title='bbox 700 2803 819 2845; x_wconf 83' lang='lat' dir='ltr'>lacus</span> <span class='ocrx_word' id='word_1_227' title='bbox 849 2804 964 2856; x_wconf 86' lang='lat' dir='ltr'>ima‚·</span> <span class='ocrx_word' id='word_1_228' title='bbox 1010 2803 1127 2858; x_wconf 87' lang='lat' dir='ltr'>quod</span> 
     </span>
     <span class='ocr_line' id='line_1_34' title="bbox 257 2862 1128 2919; baseline -0.001 -17"><span class='ocrx_word' id='word_1_229' title='bbox 257 2867 304 2902; x_wconf 89' lang='lat' dir='ltr'>ut</span> <span class='ocrx_word' id='word_1_230' title='bbox 327 2863 483 2904; x_wconf 86' lang='lat' dir='ltr'>melius</span> <span class='ocrx_word' id='word_1_231' title='bbox 504 2863 843 2919; x_wconf 81' lang='lat' dir='ltr'>intelligeretur,</span> <span class='ocrx_word' id='word_1_232' title='bbox 877 2862 1039 2905; x_wconf 87' lang='lat' dir='ltr'>adiecit</span> <span class='ocrx_word' id='word_1_233' title='bbox 1061 2862 1128 2904; x_wconf 77' lang='lat' dir='ltr'>vel</span> 
     </span>
     <span class='ocr_line' id='line_1_35' title="bbox 255 2921 1127 2977; baseline 0 -15"><span class='ocrx_word' id='word_1_234' title='bbox 255 2922 426 2974; x_wconf 66' lang='lat' dir='ltr'>meclIa5</span> <span class='ocrx_word' id='word_1_235' title='bbox 459 2922 560 2963; x_wconf 90' lang='lat' dir='ltr'>inde</span> <span class='ocrx_word' id='word_1_236' title='bbox 581 2935 767 2976; x_wconf 91' lang='lat' dir='ltr'>namque</span> <span class='ocrx_word' id='word_1_237' title='bbox 801 2921 1051 2977; x_wconf 89' lang='lat' dir='ltr'>colligimus</span> <span class='ocrx_word' id='word_1_238' title='bbox 1085 2921 1127 2962; x_wconf 88' lang='lat' dir='ltr'>id</span> 
     </span>
     <span class='ocr_line' id='line_1_36' title="bbox 259 2980 1127 3036; baseline 0 -14"><span class='ocrx_word' id='word_1_239' title='bbox 259 2981 298 3022; x_wconf 90' lang='lat' dir='ltr'>ei</span> <span class='ocrx_word' id='word_1_240' title='bbox 326 2994 423 3023; x_wconf 86' lang='lat' dir='ltr'>esse</span> <span class='ocrx_word' id='word_1_241' title='bbox 445 2982 592 3033; x_wconf 85' lang='lat' dir='ltr'>imum,</span> <span class='ocrx_word' id='word_1_242' title='bbox 627 2980 742 3036; x_wconf 91' lang='lat' dir='ltr'>quod</span> <span class='ocrx_word' id='word_1_243' title='bbox 772 2983 815 3022; x_wconf 88' lang='lat' dir='ltr'>in</span> <span class='ocrx_word' id='word_1_244' title='bbox 835 2980 981 3021; x_wconf 89' lang='lat' dir='ltr'>medio</span> <span class='ocrx_word' id='word_1_245' title='bbox 1006 2980 1127 3022; x_wconf 88' lang='lat' dir='ltr'>lacus</span> 
     </span>
     <span class='ocr_line' id='line_1_37' title="bbox 258 3039 1127 3095; baseline -0.003 -13"><span class='ocrx_word' id='word_1_246' title='bbox 258 3039 388 3093; x_wconf 86' lang='lat' dir='ltr'>soret,</span> <span class='ocrx_word' id='word_1_247' title='bbox 426 3040 498 3081; x_wconf 88' lang='lat' dir='ltr'>ubi</span> <span class='ocrx_word' id='word_1_248' title='bbox 533 3039 790 3095; x_wconf 90' lang='lat' dir='ltr'>plerumque</span> <span class='ocrx_word' id='word_1_249' title='bbox 812 3040 999 3081; x_wconf 82' lang='lat' dir='ltr'>maxime</span> <span class='ocrx_word' id='word_1_250' title='bbox 1021 3052 1127 3093; x_wconf 90' lang='lat' dir='ltr'>pro-</span> 
     </span>
     <span class='ocr_line' id='line_1_38' title="bbox 259 3098 1125 3141; baseline 0 -2"><span class='ocrx_word' id='word_1_251' title='bbox 259 3100 438 3141; x_wconf 82' lang='lat' dir='ltr'>fundum</span> <span class='ocrx_word' id='word_1_252' title='bbox 481 3098 578 3141; x_wconf 84' lang='lat' dir='ltr'>est.&#39;</span> <span class='ocrx_word' id='word_1_253' title='bbox 658 3099 689 3140; x_wconf 90' lang='lat'>1.</span> <span class='ocrx_word' id='word_1_254' title='bbox 731 3099 807 3140; x_wconf 71' lang='lat' dir='ltr'>Fa.</span> <span class='ocrx_word' id='word_1_255' title='bbox 852 3099 1125 3141; x_wconf 74' lang='lat' dir='ltr'>Gaonovms.</span> 
     </span>
     <span class='ocr_line' id='line_1_39' title="bbox 249 3158 1127 3214; baseline -0.001 -13"><span class='ocrx_word' id='word_1_256' title='bbox 249 3159 372 3202; x_wconf 86' lang='lat' dir='ltr'>-Sane</span> <span class='ocrx_word' id='word_1_257' title='bbox 405 3159 515 3200; x_wconf 86' lang='lat' dir='ltr'>haec</span> <span class='ocrx_word' id='word_1_258' title='bbox 549 3158 786 3212; x_wconf 83' lang='lat' dir='ltr'>explicatio</span> <span class='ocrx_word' id='word_1_259' title='bbox 829 3158 964 3214; x_wconf 85' lang='lat' dir='ltr'>longe</span> <span class='ocrx_word' id='word_1_260' title='bbox 996 3171 1127 3212; x_wconf 88' lang='lat' dir='ltr'>prae-</span> 
     </span>
     <span class='ocr_line' id='line_1_40' title="bbox 259 3217 1126 3273; baseline -0.002 -13"><span class='ocrx_word' id='word_1_261' title='bbox 259 3224 343 3260; x_wconf 84' lang='lat' dir='ltr'>stat</span> <span class='ocrx_word' id='word_1_262' title='bbox 375 3220 430 3270; x_wconf 86' lang='lat' dir='ltr'>ei,</span> <span class='ocrx_word' id='word_1_263' title='bbox 465 3231 549 3273; x_wconf 88' lang='lat' dir='ltr'>qua</span> <span class='ocrx_word' id='word_1_264' title='bbox 575 3217 772 3260; x_wconf 81' lang='lat' dir='ltr'>canalem</span> <span class='ocrx_word' id='word_1_265' title='bbox 794 3230 850 3259; x_wconf 90' lang='lat' dir='ltr'>ne</span> <span class='ocrx_word' id='word_1_266' title='bbox 870 3218 923 3258; x_wconf 90' lang='lat' dir='ltr'>ad</span> <span class='ocrx_word' id='word_1_267' title='bbox 941 3217 1126 3259; x_wconf 88' lang='lat' dir='ltr'>mediam</span> 
     </span>
     <span class='ocr_line' id='line_1_41' title="bbox 260 3276 1127 3333; baseline 0 -16"><span class='ocrx_word' id='word_1_268' title='bbox 260 3277 434 3333; x_wconf 86' lang='lat' dir='ltr'>quidem</span> <span class='ocrx_word' id='word_1_269' title='bbox 478 3283 644 3331; x_wconf 87' lang='lat' dir='ltr'>partem</span> <span class='ocrx_word' id='word_1_270' title='bbox 701 3277 823 3319; x_wconf 87' lang='lat' dir='ltr'>lacus</span> <span class='ocrx_word' id='word_1_271' title='bbox 874 3276 1127 3330; x_wconf 89' lang='lat' dir='ltr'>depressum</span> 
     </span>
     <span class='ocr_line' id='line_1_42' title="bbox 244 3337 1126 3391; baseline -0.007 -10"><span class='ocrx_word' id='word_1_272' title='bbox 244 3350 358 3382; x_wconf 72' lang='lat' dir='ltr'>,esse</span> <span class='ocrx_word' id='word_1_273' title='bbox 399 3342 615 3388; x_wconf 86' lang='lat' dir='ltr'>statuunt,</span> <span class='ocrx_word' id='word_1_274' title='bbox 664 3349 776 3391; x_wconf 91' lang='lat' dir='ltr'>quae</span> <span class='ocrx_word' id='word_1_275' title='bbox 819 3337 1018 3377; x_wconf 88' lang='lat' dir='ltr'>immanis</span> <span class='ocrx_word' id='word_1_276' title='bbox 1056 3337 1126 3376; x_wconf 83' lang='lat' dir='ltr'>in-</span> 
     </span>
     <span class='ocr_line' id='line_1_43' title="bbox 261 3394 1127 3448; baseline -0.001 -12"><span class='ocrx_word' id='word_1_277' title='bbox 261 3397 382 3437; x_wconf 90' lang='lat' dir='ltr'>curia</span> <span class='ocrx_word' id='word_1_278' title='bbox 403 3396 559 3437; x_wconf 85' lang='lat' dir='ltr'>fuisset</span> <span class='ocrx_word' id='word_1_279' title='bbox 591 3397 634 3435; x_wconf 92' lang='lat' dir='ltr'>in</span> <span class='ocrx_word' id='word_1_280' title='bbox 667 3408 802 3448; x_wconf 87' lang='lat' dir='ltr'>opere</span> <span class='ocrx_word' id='word_1_281' title='bbox 834 3394 933 3436; x_wconf 90' lang='lat' dir='ltr'>ideo</span> <span class='ocrx_word' id='word_1_282' title='bbox 973 3408 1127 3436; x_wconf 88' lang='lat' dir='ltr'>susce-</span> 
     </span>
     <span class='ocr_line' id='line_1_44' title="bbox 259 3453 1127 3509; baseline -0.002 -14"><span class='ocrx_word' id='word_1_283' title='bbox 259 3461 361 3509; x_wconf 80' lang='lat' dir='ltr'>pto,</span> <span class='ocrx_word' id='word_1_284' title='bbox 403 3461 449 3494; x_wconf 87' lang='lat' dir='ltr'>ut</span> <span class='ocrx_word' id='word_1_285' title='bbox 485 3456 693 3496; x_wconf 87' lang='lat' dir='ltr'>siccatum</span> <span class='ocrx_word' id='word_1_286' title='bbox 727 3454 867 3495; x_wconf 88' lang='lat' dir='ltr'>solum</span> <span class='ocrx_word' id='word_1_287' title='bbox 911 3456 1027 3509; x_wconf 84' lang='lat' dir='ltr'>agris</span> <span class='ocrx_word' id='word_1_288' title='bbox 1066 3453 1127 3494; x_wconf 91' lang='lat' dir='ltr'>ibi</span> 
     </span>
     <span class='ocr_line' id='line_1_45' title="bbox 261 3512 1128 3556; baseline -0.001 -2"><span class='ocrx_word' id='word_1_289' title='bbox 261 3513 458 3555; x_wconf 87' lang='lat' dir='ltr'>colendis</span> <span class='ocrx_word' id='word_1_290' title='bbox 482 3514 671 3556; x_wconf 85' lang='lat' dir='ltr'>eederet.</span> <span class='ocrx_word' id='word_1_291' title='bbox 724 3512 807 3556; x_wconf 90' lang='lat' dir='ltr'>Sed</span> <span class='ocrx_word' id='word_1_292' title='bbox 829 3512 900 3554; x_wconf 88' lang='lat' dir='ltr'>vel</span> <span class='ocrx_word' id='word_1_293' title='bbox 921 3514 985 3554; x_wconf 89' lang='lat' dir='ltr'>sic</span> <span class='ocrx_word' id='word_1_294' title='bbox 1006 3512 1128 3554; x_wconf 88' lang='lat' dir='ltr'>adest</span> 
     </span>
     <span class='ocr_line' id='line_1_46' title="bbox 260 3571 1129 3627; baseline 0 -14"><span class='ocrx_word' id='word_1_295' title='bbox 260 3572 425 3627; x_wconf 89' lang='lat' dir='ltr'>aliquid</span> <span class='ocrx_word' id='word_1_296' title='bbox 446 3587 471 3614; x_wconf 89' lang='lat' dir='ltr'>a</span> <span class='ocrx_word' id='word_1_297' title='bbox 490 3572 637 3614; x_wconf 86' lang='lat' dir='ltr'>Tacito</span> <span class='ocrx_word' id='word_1_298' title='bbox 662 3572 878 3613; x_wconf 88' lang='lat' dir='ltr'>alienum:</span> <span class='ocrx_word' id='word_1_299' title='bbox 901 3585 998 3613; x_wconf 86' lang='lat' dir='ltr'>nam</span> <span class='ocrx_word' id='word_1_300' title='bbox 1018 3571 1129 3613; x_wconf 89' lang='lat' dir='ltr'>illud</span> 
     </span>
     <span class='ocr_line' id='line_1_47' title="bbox 262 3630 1127 3690; baseline -0.001 -17"><span class='ocrx_word' id='word_1_301' title='bbox 262 3631 319 3674; x_wconf 85' lang='lat' dir='ltr'>ad</span> <span class='ocrx_word' id='word_1_302' title='bbox 350 3630 468 3675; x_wconf 84' lang='lat' dir='ltr'>lacus</span> <span class='ocrx_word' id='word_1_303' title='bbox 498 3633 588 3675; x_wconf 84' lang='lat' dir='ltr'>ima</span> <span class='ocrx_word' id='word_1_304' title='bbox 619 3637 702 3674; x_wconf 89' lang='lat' dir='ltr'>tam</span> <span class='ocrx_word' id='word_1_305' title='bbox 735 3632 1014 3690; x_wconf 89' lang='lat' dir='ltr'>perspicuum</span> <span class='ocrx_word' id='word_1_306' title='bbox 1047 3636 1127 3687; x_wconf 83' lang='lat' dir='ltr'>est,</span> 
     </span>
    </p>
   </div>
   <div class='ocr_carea' id='block_1_6' title="bbox 1205 2032 2082 3687">
    <p class='ocr_par' dir='ltr' id='par_1_9' title="bbox 1207 2032 2082 2446">
     <span class='ocr_line' id='line_1_48' title="bbox 1207 2032 2082 2091; baseline 0.003 -17"><span class='ocrx_word' id='word_1_307' title='bbox 1207 2038 1257 2074; x_wconf 89' lang='lat' dir='ltr'>ut</span> <span class='ocrx_word' id='word_1_308' title='bbox 1287 2032 1586 2088; x_wconf 81' lang='lat' dir='ltr'>explicatione</span> <span class='ocrx_word' id='word_1_309' title='bbox 1629 2044 1719 2076; x_wconf 78' lang='lat' dir='ltr'>non</span> <span class='ocrx_word' id='word_1_310' title='bbox 1764 2032 1986 2091; x_wconf 72' lang='lat' dir='ltr'>indigeat,</span> <span class='ocrx_word' id='word_1_311' title='bbox 2035 2040 2082 2078; x_wconf 79' lang='lat' dir='ltr'>et</span> 
     </span>
     <span class='ocr_line' id='line_1_49' title="bbox 1207 2092 2079 2149; baseline 0.002 -15"><span class='ocrx_word' id='word_1_312' title='bbox 1207 2094 1304 2147; x_wconf 82' lang='lat' dir='ltr'>ipsa</span> <span class='ocrx_word' id='word_1_313' title='bbox 1328 2092 1566 2147; x_wconf 78' lang='lat' dir='ltr'>explicatio</span> <span class='ocrx_word' id='word_1_314' title='bbox 1598 2098 1747 2135; x_wconf 79' lang='lat' dir='ltr'>cetera</span> <span class='ocrx_word' id='word_1_315' title='bbox 1768 2105 1855 2135; x_wconf 88' lang='lat' dir='ltr'>non</span> <span class='ocrx_word' id='word_1_316' title='bbox 1874 2093 2079 2149; x_wconf 69' lang='lat' dir='ltr'>illustrat,</span> 
     </span>
     <span class='ocr_line' id='line_1_50' title="bbox 1207 2152 2080 2207; baseline 0.001 -12"><span class='ocrx_word' id='word_1_317' title='bbox 1207 2152 1286 2195; x_wconf 85' lang='lat' dir='ltr'>sed</span> <span class='ocrx_word' id='word_1_318' title='bbox 1311 2154 1575 2207; x_wconf 23' lang='lat' dir='ltr'>corrumpite*</span> <span class='ocrx_word' id='word_1_319' title='bbox 1601 2164 1698 2195; x_wconf 78' lang='lat' dir='ltr'>nam</span> <span class='ocrx_word' id='word_1_320' title='bbox 1729 2154 1776 2194; x_wconf 81' lang='lat' dir='ltr'>in</span> <span class='ocrx_word' id='word_1_321' title='bbox 1811 2152 1956 2195; x_wconf 76' lang='lat' dir='ltr'>medio</span> <span class='ocrx_word' id='word_1_322' title='bbox 1979 2152 2080 2196; x_wconf 70' lang='lat' dir='ltr'>taen</span> 
     </span>
     <span class='ocr_line' id='line_1_51' title="bbox 1208 2212 2079 2267; baseline 0.001 -13"><span class='ocrx_word' id='word_1_323' title='bbox 1208 2224 1342 2266; x_wconf 86' lang='lat' dir='ltr'>saepe</span> <span class='ocrx_word' id='word_1_324' title='bbox 1380 2212 1555 2267; x_wconf 85' lang='lat' dir='ltr'>quidem</span> <span class='ocrx_word' id='word_1_325' title='bbox 1596 2212 1783 2254; x_wconf 78' lang='lat' dir='ltr'>maxime</span> <span class='ocrx_word' id='word_1_326' title='bbox 1815 2212 2079 2267; x_wconf 81' lang='lat' dir='ltr'>profundum</span> 
     </span>
     <span class='ocr_line' id='line_1_52' title="bbox 1209 2271 2078 2327; baseline 0.002 -15"><span class='ocrx_word' id='word_1_327' title='bbox 1209 2276 1289 2323; x_wconf 88' lang='lat' dir='ltr'>est,</span> <span class='ocrx_word' id='word_1_328' title='bbox 1322 2283 1410 2312; x_wconf 89' lang='lat' dir='ltr'>non</span> <span class='ocrx_word' id='word_1_329' title='bbox 1442 2277 1587 2313; x_wconf 82' lang='lat' dir='ltr'>tamen</span> <span class='ocrx_word' id='word_1_330' title='bbox 1619 2283 1792 2326; x_wconf 78' lang='lat' dir='ltr'>semper</span> <span class='ocrx_word' id='word_1_331' title='bbox 1823 2277 1867 2314; x_wconf 91' lang='lat' dir='ltr'>et</span> <span class='ocrx_word' id='word_1_332' title='bbox 1897 2271 2078 2327; x_wconf 76' lang='lat' dir='ltr'>ubique.</span> 
     </span>
     <span class='ocr_line' id='line_1_53' title="bbox 1210 2328 2080 2388; baseline 0.007 -18"><span class='ocrx_word' id='word_1_333' title='bbox 1210 2330 1487 2385; x_wconf 83' lang='lat' dir='ltr'>Quapropter</span> <span class='ocrx_word' id='word_1_334' title='bbox 1547 2328 1614 2372; x_wconf 73' lang='lat' dir='ltr'>vel</span> <span class='ocrx_word' id='word_1_335' title='bbox 1668 2330 1812 2372; x_wconf 76' lang='lat' dir='ltr'>media</span> <span class='ocrx_word' id='word_1_336' title='bbox 1861 2337 2080 2388; x_wconf 71' lang='lat' dir='ltr'>tamquam</span> 
     </span>
     <span class='ocr_line' id='line_1_54' title="bbox 1208 2389 1845 2446; baseline 0.002 -15"><span class='ocrx_word' id='word_1_337' title='bbox 1208 2390 1358 2446; x_wconf 84' lang='lat' dir='ltr'>glossa</span> <span class='ocrx_word' id='word_1_338' title='bbox 1388 2389 1496 2432; x_wconf 86' lang='lat' dir='ltr'>mihi</span> <span class='ocrx_word' id='word_1_339' title='bbox 1526 2395 1732 2443; x_wconf 87' lang='lat' dir='ltr'>suspecta</span> <span class='ocrx_word' id='word_1_340' title='bbox 1764 2395 1845 2433; x_wconf 85' lang='lat' dir='ltr'>est.</span> 
     </span>
    </p>

    <p class='ocr_par' dir='ltr' id='par_1_10' title="bbox 1205 2449 2081 3025">
     <span class='ocr_line' id='line_1_55' title="bbox 1291 2449 2081 2505; baseline 0.004 -15"><span class='ocrx_word' id='word_1_341' title='bbox 1291 2451 1495 2505; x_wconf 70' lang='lat' dir='ltr'>proxima</span> <span class='ocrx_word' id='word_1_342' title='bbox 1517 2449 1741 2494; x_wconf 71' lang='lat' dir='ltr'>trahebat.-</span> <span class='ocrx_word' id='word_1_343' title='bbox 1774 2449 1974 2503; x_wconf 85' lang='lat' dir='ltr'>proxima</span> <span class='ocrx_word' id='word_1_344' title='bbox 1993 2461 2081 2492; x_wconf 87' lang='lat' dir='ltr'>no·-</span> 
     </span>
     <span class='ocr_line' id='line_1_56' title="bbox 1206 2507 2081 2565; baseline 0.001 -15"><span class='ocrx_word' id='word_1_345' title='bbox 1206 2522 1306 2550; x_wconf 86' lang='lat' dir='ltr'>men</span> <span class='ocrx_word' id='word_1_346' title='bbox 1334 2515 1564 2563; x_wconf 89' lang='lat' dir='ltr'>utrumque</span> <span class='ocrx_word' id='word_1_347' title='bbox 1594 2507 1829 2565; x_wconf 81' lang='lat' dir='ltr'>significat,</span> <span class='ocrx_word' id='word_1_348' title='bbox 1864 2514 1908 2551; x_wconf 89' lang='lat' dir='ltr'>et</span> <span class='ocrx_word' id='word_1_349' title='bbox 1934 2508 2081 2551; x_wconf 87' lang='lat' dir='ltr'>homi-</span> 
     </span>
     <span class='ocr_line' id='line_1_57' title="bbox 1206 2568 2080 2622; baseline 0.003 -14"><span class='ocrx_word' id='word_1_350' title='bbox 1206 2581 1285 2609; x_wconf 90' lang='lat' dir='ltr'>nes</span> <span class='ocrx_word' id='word_1_351' title='bbox 1337 2574 1381 2609; x_wconf 89' lang='lat' dir='ltr'>et</span> <span class='ocrx_word' id='word_1_352' title='bbox 1428 2568 1622 2609; x_wconf 80' lang='lat' dir='ltr'>convivii</span> <span class='ocrx_word' id='word_1_353' title='bbox 1665 2573 1840 2621; x_wconf 85' lang='lat' dir='ltr'>paratus</span> <span class='ocrx_word' id='word_1_354' title='bbox 1882 2569 2080 2622; x_wconf 80' lang='lat' dir='ltr'>proxime</span> 
     </span>
     <span class='ocr_line' id='line_1_58' title="bbox 1206 2625 2080 2679; baseline 0.001 -11"><span class='ocrx_word' id='word_1_355' title='bbox 1206 2627 1328 2668; x_wconf 89' lang='lat' dir='ltr'>lacus</span> <span class='ocrx_word' id='word_1_356' title='bbox 1349 2626 1598 2679; x_wconf 84' lang='lat' dir='ltr'>effluvium;</span> <span class='ocrx_word' id='word_1_357' title='bbox 1630 2625 1744 2667; x_wconf 87' lang='lat' dir='ltr'>idem</span> <span class='ocrx_word' id='word_1_358' title='bbox 1770 2625 1999 2669; x_wconf 88' lang='lat' dir='ltr'>dicendum</span> <span class='ocrx_word' id='word_1_359' title='bbox 2025 2627 2080 2669; x_wconf 89' lang='lat' dir='ltr'>de</span> 
     </span>
     <span class='ocr_line' id='line_1_59' title="bbox 1205 2684 2080 2729; baseline 0 -3"><span class='ocrx_word' id='word_1_360' title='bbox 1205 2685 1482 2728; x_wconf 78' lang='lat' dir='ltr'>ulterioribus</span> <span class='ocrx_word' id='word_1_361' title='bbox 1503 2684 1714 2728; x_wconf 74' lang='lat' dir='ltr'>convulsis</span> <span class='ocrx_word' id='word_1_362' title='bbox 1733 2691 1818 2727; x_wconf 82' lang='lat' dir='ltr'>cet.</span> <span class='ocrx_word' id='word_1_363' title='bbox 1843 2685 2080 2729; x_wconf 83' lang='lat' dir='ltr'>Suetonius</span> 
     </span>
     <span class='ocr_line' id='line_1_60' title="bbox 1208 2743 2080 2802; baseline 0.001 -16"><span class='ocrx_word' id='word_1_364' title='bbox 1208 2743 1360 2786; x_wconf 84' lang='lat' dir='ltr'>Claud.</span> <span class='ocrx_word' id='word_1_365' title='bbox 1394 2745 1465 2787; x_wconf 75' lang='lat'>32.</span> <span class='ocrx_word' id='word_1_366' title='bbox 1590 2744 1842 2787; x_wconf 62' lang='lat' dir='ltr'>Nar-assum</span> <span class='ocrx_word' id='word_1_367' title='bbox 1867 2769 1924 2777; x_wconf 89' lang='lat'><em>-</em></span> <span class='ocrx_word' id='word_1_368' title='bbox 1941 2755 2080 2802; x_wconf 80' lang='lat' dir='ltr'>prae-</span> 
     </span>
     <span class='ocr_line' id='line_1_61' title="bbox 1207 2802 2080 2859; baseline 0 -14"><span class='ocrx_word' id='word_1_369' title='bbox 1207 2804 1385 2845; x_wconf 79' lang='lat' dir='ltr'>darum.-</span> <span class='ocrx_word' id='word_1_370' title='bbox 1429 2804 1658 2846; x_wconf 83' lang='lat' dir='ltr'>avaritiam</span> <span class='ocrx_word' id='word_1_371' title='bbox 1690 2802 1939 2859; x_wconf 80' lang='lat' dir='ltr'>Agrippina</span> <span class='ocrx_word' id='word_1_372' title='bbox 1967 2803 2080 2847; x_wconf 87' lang='lat' dir='ltr'>Nar-</span> 
     </span>
     <span class='ocr_line' id='line_1_62' title="bbox 1209 2860 2081 2920; baseline -0.001 -15"><span class='ocrx_word' id='word_1_373' title='bbox 1209 2864 1323 2905; x_wconf 92' lang='lat' dir='ltr'>cisso</span> <span class='ocrx_word' id='word_1_374' title='bbox 1355 2862 1443 2905; x_wconf 49' lang='lat' dir='ltr'>sibi*</span> <span class='ocrx_word' id='word_1_375' title='bbox 1473 2860 1740 2918; x_wconf 82' lang='lat' dir='ltr'>i-nviso(X11</span> <span class='ocrx_word' id='word_1_376' title='bbox 1764 2863 1812 2920; x_wconf 77' lang='lat'>1)</span> <span class='ocrx_word' id='word_1_377' title='bbox 1847 2863 2081 2918; x_wconf 79' lang='lat' dir='ltr'>exprobrat</span> 
     </span>
     <span class='ocr_line' id='line_1_63' title="bbox 1208 2924 2080 2978; baseline 0.001 -14"><span class='ocrx_word' id='word_1_378' title='bbox 1208 2929 1252 2964; x_wconf 87' lang='lat' dir='ltr'>et</span> <span class='ocrx_word' id='word_1_379' title='bbox 1283 2924 1513 2976; x_wconf 84' lang='lat' dir='ltr'>pecuniam</span> <span class='ocrx_word' id='word_1_380' title='bbox 1545 2924 1833 2976; x_wconf 79' lang='lat' dir='ltr'>interceptam</span> <span class='ocrx_word' id='word_1_381' title='bbox 1865 2924 2080 2978; x_wconf 80' lang='lat' dir='ltr'>operique</span> 
     </span>
     <span class='ocr_line' id='line_1_64' title="bbox 1208 2981 2079 3025; baseline 0 -2"><span class='ocrx_word' id='word_1_382' title='bbox 1208 2981 1486 3023; x_wconf 86' lang='lat' dir='ltr'>subtractam.</span> <span class='ocrx_word' id='word_1_383' title='bbox 1570 2981 1639 3024; x_wconf 89' lang='lat' dir='ltr'>De·</span> <span class='ocrx_word' id='word_1_384' title='bbox 1696 2981 1849 3025; x_wconf 81' lang='lat' dir='ltr'>eadem</span> <span class='ocrx_word' id='word_1_385' title='bbox 1900 2994 1950 3024; x_wconf 87' lang='lat' dir='ltr'>re</span> <span class='ocrx_word' id='word_1_386' title='bbox 1993 2981 2079 3025; x_wconf 88' lang='lat' dir='ltr'>Dio</span> 
     </span>
    </p>

    <p class='ocr_par' dir='ltr' id='par_1_11' title="bbox 1208 3097 2080 3566">
     <span class='ocr_line' id='line_1_65' title="bbox 1298 3097 2080 3155; baseline 0.001 -15"><span class='ocrx_word' id='word_1_387' title='bbox 1298 3098 1402 3152; x_wconf 87' lang='lat' dir='ltr'>Cap.</span> <span class='ocrx_word' id='word_1_388' title='bbox 1425 3097 1496 3140; x_wconf 83' lang='lat'>58.</span> <span class='ocrx_word' id='word_1_389' title='bbox 1548 3097 1892 3152; x_wconf 65' lang='lat' dir='ltr'>eloquentiaeque</span> <span class='ocrx_word' id='word_1_390' title='bbox 1913 3098 2080 3155; x_wconf 63' lang='lat' dir='ltr'>gloria:</span> 
     </span>
     <span class='ocr_line' id='line_1_66' title="bbox 1208 3156 2078 3213; baseline 0.001 -14"><span class='ocrx_word' id='word_1_391' title='bbox 1208 3157 1351 3199; x_wconf 86' lang='lat' dir='ltr'>studia</span> <span class='ocrx_word' id='word_1_392' title='bbox 1373 3157 1557 3199; x_wconf 80' lang='lat' dir='ltr'>honesta</span> <span class='ocrx_word' id='word_1_393' title='bbox 1581 3170 1720 3213; x_wconf 79' lang='lat' dir='ltr'>genus</span> <span class='ocrx_word' id='word_1_394' title='bbox 1743 3156 1957 3212; x_wconf 82' lang='lat' dir='ltr'>efficiunt,</span> <span class='ocrx_word' id='word_1_395' title='bbox 1979 3157 2078 3200; x_wconf 87' lang='lat' dir='ltr'>elo-</span> 
     </span>
     <span class='ocr_line' id='line_1_67' title="bbox 1209 3215 2078 3272; baseline 0.002 -15"><span class='ocrx_word' id='word_1_396' title='bbox 1209 3218 1389 3272; x_wconf 85' lang='lat' dir='ltr'>quentia</span> <span class='ocrx_word' id='word_1_397' title='bbox 1429 3217 1637 3270; x_wconf 84' lang='lat' dir='ltr'>speciem.</span> <span class='ocrx_word' id='word_1_398' title='bbox 1714 3215 1783 3257; x_wconf 83' lang='lat' dir='ltr'>Ad</span> <span class='ocrx_word' id='word_1_399' title='bbox 1817 3216 1929 3258; x_wconf 84' lang='lat' dir='ltr'>hanc</span> <span class='ocrx_word' id='word_1_400' title='bbox 1961 3216 2078 3259; x_wconf 74' lang='lat' dir='ltr'>indi.-</span> 
     </span>
     <span class='ocr_line' id='line_1_68' title="bbox 1209 3275 2078 3331; baseline 0.002 -14"><span class='ocrx_word' id='word_1_401' title='bbox 1209 3275 1388 3317; x_wconf 85' lang='lat' dir='ltr'>candam</span> <span class='ocrx_word' id='word_1_402' title='bbox 1420 3276 1658 3329; x_wconf 79' lang='lat' dir='ltr'>praecipue</span> <span class='ocrx_word' id='word_1_403' title='bbox 1699 3281 1799 3329; x_wconf 84' lang='lat' dir='ltr'>apta</span> <span class='ocrx_word' id='word_1_404' title='bbox 1843 3282 1909 3319; x_wconf 79' lang='lat' dir='ltr'>est</span> <span class='ocrx_word' id='word_1_405' title='bbox 1939 3278 2078 3331; x_wconf 79' lang='lat' dir='ltr'>parti-</span> 
     </span>
     <span class='ocr_line' id='line_1_69' title="bbox 1210 3334 2078 3393; baseline 0 -17"><span class='ocrx_word' id='word_1_406' title='bbox 1210 3334 1308 3376; x_wconf 79' lang='lat' dir='ltr'>cula</span> <span class='ocrx_word' id='word_1_407' title='bbox 1331 3348 1408 3389; x_wconf 78' lang='lat' dir='ltr'>que</span> <span class='ocrx_word' id='word_1_408' title='bbox 1420 3348 1437 3388; x_wconf 90' lang='lat'>‚·</span> <span class='ocrx_word' id='word_1_409' title='bbox 1462 3347 1514 3376; x_wconf 91' lang='lat' dir='ltr'>ea</span> <span class='ocrx_word' id='word_1_410' title='bbox 1535 3335 1579 3375; x_wconf 91' lang='lat' dir='ltr'>in</span> <span class='ocrx_word' id='word_1_411' title='bbox 1602 3334 1849 3393; x_wconf 73' lang='grc' dir='ltr'>ἀρχετύπῳ</span> <span class='ocrx_word' id='word_1_412' title='bbox 1873 3346 2078 3390; x_wconf 80' lang='lat' dir='ltr'>expressa</span> 
     </span>
     <span class='ocr_line' id='line_1_70' title="bbox 1208 3392 2076 3449; baseline -0.001 -14"><span class='ocrx_word' id='word_1_413' title='bbox 1208 3407 1288 3448; x_wconf 91' lang='lat' dir='ltr'>per</span> <span class='ocrx_word' id='word_1_414' title='bbox 1310 3394 1345 3446; x_wconf 81' lang='lat' dir='ltr'><strong>Q</strong></span> <span class='ocrx_word' id='word_1_415' title='bbox 1368 3406 1464 3435; x_wconf 88' lang='lat' dir='ltr'>cum</span> <span class='ocrx_word' id='word_1_416' title='bbox 1497 3392 1636 3435; x_wconf 87' lang='lat' dir='ltr'>cauda</span> <span class='ocrx_word' id='word_1_417' title='bbox 1666 3399 1768 3436; x_wconf 87' lang='lat' dir='ltr'>ante</span> <span class='ocrx_word' id='word_1_418' title='bbox 1799 3394 2076 3449; x_wconf 86' lang='lat' dir='ltr'>subsequen-</span> 
     </span>
     <span class='ocr_line' id='line_1_71' title="bbox 1208 3451 2076 3512; baseline 0 -19"><span class='ocrx_word' id='word_1_419' title='bbox 1208 3460 1295 3495; x_wconf 84' lang='lat' dir='ltr'>tem</span> <span class='ocrx_word' id='word_1_420' title='bbox 1343 3453 1532 3495; x_wconf 87' lang='lat' dir='ltr'>litteram</span> <span class='ocrx_word' id='word_1_421' title='bbox 1575 3452 1608 3494; x_wconf 91' lang='lat' dir='ltr'>G</span> <span class='ocrx_word' id='word_1_422' title='bbox 1652 3453 1831 3512; x_wconf 74' lang='lat' dir='ltr'>(ylaria)</span> <span class='ocrx_word' id='word_1_423' title='bbox 1873 3451 2076 3494; x_wconf 85' lang='lat' dir='ltr'>excidere</span> 
     </span>
     <span class='ocr_line' id='line_1_72' title="bbox 1210 3512 1532 3566; baseline -0.006 -12"><span class='ocrx_word' id='word_1_424' title='bbox 1210 3512 1343 3554; x_wconf 84' lang='lat' dir='ltr'>facile</span> <span class='ocrx_word' id='word_1_425' title='bbox 1376 3514 1532 3566; x_wconf 89' lang='lat' dir='ltr'>potuit.</span> 
     </span>
    </p>

    <p class='ocr_par' dir='ltr' id='par_1_12' title="bbox 1208 3566 2075 3687">
     <span class='ocr_line' id='line_1_73' title="bbox 1287 3566 2075 3613; baseline -0.008 0"><span class='ocrx_word' id='word_1_426' title='bbox 1287 3573 1530 3613; x_wconf 81' lang='lat' dir='ltr'>Romanam</span> <span class='ocrx_word' id='word_1_427' title='bbox 1561 3571 1686 3612; x_wconf 78' lang='lat' dir='ltr'>Troia</span> <span class='ocrx_word' id='word_1_428' title='bbox 1704 3570 1951 3612; x_wconf 73' lang='lat' dir='ltr'>demissum.-</span> <span class='ocrx_word' id='word_1_429' title='bbox 1979 3566 2075 3609; x_wconf 80' lang='lat' dir='ltr'>for-</span> 
     </span>
     <span class='ocr_line' id='line_1_74' title="bbox 1208 3626 2075 3687; baseline 0 -15"><span class='ocrx_word' id='word_1_430' title='bbox 1208 3635 1326 3675; x_wconf 86' lang='lat' dir='ltr'>tasse</span> <span class='ocrx_word' id='word_1_431' title='bbox 1346 3630 1456 3675; x_wconf 87' lang='lat' dir='ltr'>haec</span> <span class='ocrx_word' id='word_1_432' title='bbox 1471 3631 1565 3687; x_wconf 87' lang='lat' dir='ltr'>ipsa</span> <span class='ocrx_word' id='word_1_433' title='bbox 1583 3629 1767 3674; x_wconf 86' lang='lat' dir='ltr'>Neronis</span> <span class='ocrx_word' id='word_1_434' title='bbox 1784 3626 1918 3675; x_wconf 81' lang='lat' dir='ltr'>verba</span> <span class='ocrx_word' id='word_1_435' title='bbox 1933 3627 2075 3687; x_wconf 79' lang='lat' dir='ltr'>fuere,</span> 
     </span>
    </p>
   </div>
  </div>
 </body>
</html>
