2280 4004
233 280 322 335 1⁹76
991 276 1287 328 ANNALIVM
1804 294 1844 326 a.
1873 278 1919 327 ιι
1940 282 2053 333 ere.
2087 317 2091 319 Α

231 427 387 489 retur,
425 437 758 490 praegravem
793 426 960 486 ratus,
998 421 1284 474 interficere
1324 422 1605 489 constituit,
1643 423 2065 477 hactenus-eous

232 515 449 579 sultanS,
506 528 704 565 veneno
744 528 807 564 an
850 513 988 564 ferro
1025 513 1107 565 vel
1151 528 1246 580 qua
1287 513 1382 566 alia
1434 515 1497 566 vi.
1569 515 1859 582 Placuitque
1889 517 2059 583 primo

232 620 498 658 venenum.
574 604 673 656 Sed
715 603 847 655 inter
885 604 1056 670 epulas
1102 604 1345 670 principis
1393 606 1438 657 si
1480 606 1715 673 daretur,
1773 608 1959 660 referri
1992 608 2057 660 ad

235 711 405 748 casum
463 711 566 746 non
617 699 817 762 poterat
864 695 950 747 tali
992 696 1406 772 iaszritannici
1447 698 1637 763 exiti03
1703 705 1753 752 et
1798 700 2056 753 ministros

195 791 475 853 stemptare
531 786 740 837 arduum
794 786 1062 838 videbatur
1108 787 1331 839 mulieris
1382 803 1476 840 usu
1523 790 1773 842 scelerum
1811 790 2057 844 adversus

231 863 445 930 insidias
483 877 735 942 intentae3
785 883 934 944 atque
982 878 1090 944 ipsa
1138 880 1509 944 praesumendo
1546 881 1772 933 remedia
1809 882 2061 934 munierat

232 983 432 1035 corpus.
506 969 713 1020 Ferrum
754 974 803 1020 et
837 969 1022 1021 caedes
1063 984 1279 1036 quonam
1317 970 1470 1022 modo
1513 972 1870 1038 occultaretur,
1906 987 2057 1025 nemo

229 1060 546 1131 reperiebat3
602 1065 651 1111 et
686 1075 750 1111 ne
786 1061 896 1126 quis
933 1060 1003 1111 illi
1041 1065 1178 1112 tanto
1215 1061 1432 1113 facinori
1471 1061 1696 1114 delectus
1735 1063 1873 1116 iussa
1907 1078 2061 1130 ‘spera-

230 1155 405 1224 neret,
455 1151 723 1203 metuebat.
801 1152 990 1204 Obtulit
1024 1152 1283 1219 ingenium
1322 1153 1566 1206 Anicetus
1606 1153 1842 1219 libertus,
1905 1155 2058 1208 classi

171 1241 365 1308 ioapud
400 1242 646 1294 Misenum
698 1242 985 1308 praefectus
1041 1247 1090 1293 et
1148 1243 1391 1308 pueritiae
1429 1244 1648 1296 Neronis
1706 1245 1952 1297 educator
1996 1261 2058 1298 ac

231 1333 414 1386 mutuis
452 1334 583 1384 odiis
608 1333 920 1400 Agrippinae
952 1333 1164 1385 invisus
1239 1334 1378 1401 Ergo
1419 1350 1600 1386 navem
1634 1350 1788 1402 posse
1824 1337 2060 1402 componi

234 1424 416 1490 docet,
478 1429 620 1476 cuius
656 1441 773 1491 pars
813 1426 922 1491 ipso
963 1425 1013 1475 in
1051 1426 1177 1477 mari
1214 1441 1326 1491 *per
1367 1431 1525 1478 artem
1561 1426 1725 1479 soluta
1775 1426 2062 1482 effunderet

230 1516 479 1583 ignaram.
551 1517 686 1568 Nihil
741 1522 838 1567 tam
894 1532 1054 1582 capax
1104 1517 1426 1568 fortuitorum
1478 1532 1625 1583 quam
1677 1533 1846 1582 mare3
1904 1524 1956 1571 et
1997 1520 2065 1572 “sir

232 1608 501 1676 naufragio
538 1609 815 1674 intercepta
852 1608 945 1672 sit,
1007 1623 1153 1674 quem
1193 1608 1322 1659 adeo
1374 1608 1598 1674 iniquum
1644 1614 1699 1660 ut
1736 1603 1937 1661 sceleri*
1962 1610 2062 1662 ad·-

169 1699 400 1768 1⁵signet
436 1699 568 1766 quod
618 1700 755 1751 venti
805 1704 854 1750 et
891 1699 1069 1750 fluctus
1119 1698 1459 1765 deliquerint?
1530 1699 1832 1752 Additurum
1866 1701 2063 1768 prinei-

229 1807 343 1859 pem
383 1792 654 1844 defunctae
694 1791 927 1857 templum
968 1796 1017 1842 et
1054 1806 1168 1842 aras
1207 1796 1255 1842 et
1291 1796 1461 1843 cetera
1501 1791 1834 1845 ostentandae
1867 1793 2058 1860 pietati.

1324 1938 1366 1980 4,
1402 1939 1654 1982 brittannici
1682 1937 1762 1982 Ma.
1824 1939 1867 1984 6.
1899 1940 2061 1983 intente

1244 1986 1262 1995 ‘
1301 1996 1375 2038 illo
1409 1997 1489 2041 Ma.
1556 1999 1598 2042 9.
1630 1999 1871 2042 metuebant
1900 1998 1990 2042 Ma:
2028 1999 2062 2043 G

1323 2057 1391 2099 10.
1426 2065 1466 2100 et
1497 2058 1678 2100 ducator
1709 2057 1791 2114 Ma.
1884 2060 1952 2105 13.
1985 2060 2060 2102 ηἰ-

352 1939 388 1980 1.
419 1952 663 1995 praeyrave
696 1937 776 1980 Mu.
869 1940 910 1981 3.
940 1938 1108 1993 princis
1139 1936 1219 1979 Ma.

231 1996 312 2041 Ma.
378 1999 419 2041 7.
455 1998 577 2040 cedes
607 1997 686 2039 Ma.
764 1997 806 2039 8.
846 1998 1114 2053 repperiebat
1149 1996 1225 2039 illa.

229 2057 453 2100 metuebat.
548 2057 697 2113 optulit
729 2055 806 2098 Ma.
901 2058 1123 2099 anicaetus
1154 2054 1235 2099 Ma.

232 2117 319 2160 chit
348 2115 429 2159 Ma.
528 2117 595 2159 16.
630 2116 876 2158 ostentande
908 2114 989 2159 Ma.

232 2245 348 2288 male
414 2246 637 2301 cognitum
700 2245 862 2288 habent
919 2247 1108 2287 animum

231 2305 444 2357 Neronis,
490 2305 595 2346 faeti
640 2311 793 2346 natura
837 2311 880 2346 et
923 2306 1107 2347 exerciti

1195 2243 1465 2300 significavit
1497 2242 1643 2284 addito
1673 2243 1840 2300 placuit
1869 2243 2064 2288 sollertia

1194 2304 1291 2361 (der
1330 2303 1446 2358 feine
1494 2301 1697 2344 Gedanke
1727 2303 1836 2357 san-d
1866 2301 2060 2364 Beifal‘l).

234 2364 552 2407 consuetudine
593 2364 743 2407 velare
783 2365 929 2406 odium
972 2365 1106 2407 falla-

234 2425 356 2466 cibus
388 2423 628 2466 blanditiis,

321 2491 360 2526 et
393 2497 447 2524 ne
481 2485 570 2537 quis
602 2509 656 2516 -
677 2492 911 2540 sperneret,
943 2491 1105 2526 metue-

233 2543 329 2584 bat:
376 2549 655 2597 opponuntur
700 2558 753 2584 ex
799 2544 935 2584 altera
983 2549 1106 2597 parte

231 2616 353 2643 nemo
368 2627 423 2633 -—
439 2603 696 2656 reperiebat,
718 2616 770 2642 ex
792 2603 928 2643 altera
949 2603 1104 2660 (Nero)

233 2685 289 2693 -—
320 2661 544 2711 metuebat,
579 2674 675 2701 nam
710 2661 954 2702 subiectum
988 2661 1104 2702 Nero

233 2720 349 2761 inest
385 2721 427 2760 in
463 2719 608 2761 verbis
650 2719 717 2760 illi
749 2719 946 2761 delectus.
1010 2719 1105 2761 Me-

233 2778 347 2820 dicei
412 2779 652 2820 metuebant
714 2779 897 2834 vulgare
950 2779 1106 2819 vitium

232 2838 403 2880 scribae
441 2844 545 2892 puto
581 2851 700 2889 esse,
746 2839 815 2878 eui
863 2837 930 2879 illi
960 2839 1106 2878 nomi-

232 2898 407 2939 nativus
440 2897 621 2950 pluralis
655 2898 821 2938 numeri
870 2898 990 2938 visus
1025 2902 1105 2949 est,

232 2969 339 2998 vere
363 2962 605 2996 correctum
632 2956 674 2995 in
699 2958 858 2997 ceteris
882 2955 1106 2998 codicibus

234 3022 278 3058 et
310 3016 500 3069 antiquis
535 3014 816 3056 editionibus.

324 3088 444 3128 quem
486 3074 593 3115 adeo
635 3075 826 3128 iniquavit
861 3098 917 3105 —-
962 3080 1106 3114 osten-

234 3133 393 3175 tandae
438 3134 618 3190 pietati:
680 3133 901 3174 hominum
962 3131 1106 3174 collo-

234 3193 460 3248 quentium
495 3193 689 3247 perditus
724 3198 766 3234 et
786 3193 983 3233 immanis
1008 3192 1103 3232 ani-

233 3265 328 3292 mus
361 3251 482 3293 nulla
515 3265 561 3294 re
582 3253 720 3307 magis
738 3251 953 3306 perlucet,
979 3252 1121 3306 quam‘

235 3310 351 3365 quod
386 3311 497 3352 alter
534 3324 681 3353 eorum
717 3313 759 3351 in
795 3316 954 3352 conatu
987 3316 1107 3352 atro-

235 3370 409 3411 cissimo
434 3371 565 3410 risum
590 3377 748 3424 captat,
775 3371 886 3411 alter
907 3370 1106 3425 adeoque

233 3428 349 3470 filius
382 3431 605 3482 periturae
627 3429 822 3470 mulieris
848 3429 983 3470 verba
1013 3430 1107 3470 eius

234 3500 320 3528 non
359 3488 486 3529 modo
520 3490 738 3541 patienter
781 3488 857 3530 sed
893 3501 988 3530 cum
1022 3500 1106 3529 vo-

234 3546 403 3599 luptate
440 3549 621 3601 excipit.
686 3548 778 3588 Hoc
822 3559 1004 3603 magnus
1034 3546 1107 3587 in-

235 3607 463 3658 geniorum
509 3608 650 3659 pictor
693 3619 788 3647 cum
833 3607 969 3660 ipsius
1010 3618 1107 3647 ser-

234 3665 374 3708 monis
418 3665 566 3709 indole
608 3666 885 3722 denotasset,
928 3666 1108 3724 insuper

1275 2361 1378 2416 Cap.
1411 2363 1454 2404 4.
1506 2362 1650 2403 obvius
1690 2363 1737 2404 in
1780 2361 1912 2404 litora
1943 2365 2064 2422 (nam

1189 2421 1320 2463 Antio
1345 2421 1649 2476 adventabat).·
1681 2421 1925 2478 Agrippina
1948 2423 2062 2479 apud

1188 2481 1366 2522 Antium
1411 2493 1568 2522 navem
1622 2480 1938 2523 conscenderat
1973 2482 2082 2528 Li-.

1190 2540 1414 2581 burnicam
1464 2539 1669 2594 (Sueten.
1700 2539 1806 2582 Ner,
1841 2541 1924 2598 34)
1967 2555 2064 2584 ma-

1188 2599 1313 2653 rique
1345 2599 1475 2639 litora
1508 2598 1710 2640 Baiarum
1738 2599 1930 2652 petebat.
1978 2599 2063 2643 Sed

1190 2664 1291 2698 ante
1339 2658 1486 2698 visura
1529 2656 1679 2698 villam
1732 2670 1852 2699 snam
1897 2658 2062 2701 Baulos

1190 2716 1244 2757 ad
1285 2728 1403 2756 oram
1455 2715 1557 2758 huic
1599 2717 1839 2769 proximam
1884 2717 2062 2772 paulum

1190 2774 1304 2816 infra
1327 2774 1456 2816 Baias
1489 2775 1672 2829 appulit.
1735 2775 1849 2817 Nero
1882 2782 2063 2819 matrem

1190 2835 1235 2875 in
1266 2834 1396 2876 litore
1413 2835 1575 2888 accipit
1593 2833 1800 2889 ducitque
1828 2836 1874 2876 in
1894 2835 2060 2878 vinama

1192 2893 1318 2945 Quod
1356 2894 1564 2947 scriptum
1606 2894 1654 2935 in
1688 2892 1845 2947 litora,
1886 2906 1975 2936 non
2015 2896 2064 2936 in

1191 2953 1311 3005 litus,
1366 2951 1469 2994 hinc
1527 2952 1834 3006 explicandum
1889 2954 2065 2996 videtur

1191 3011 1306 3066 quod
1367 3025 1422 3052 ex
1477 3013 1685 3053 comitatu
1742 3011 1928 3055 Neronis
1962 3013 2062 3055 -alii

1190 3070 1299 3112 alias
1333 3070 1473 3111 litoris
1498 3076 1643 3125 partes
1670 3070 1884 3124 adierunt,
1909 3077 1956 3113 ut
1987 3072 2062 3114 ubi

1191 3129 1410 3183 appulerit
1476 3130 1749 3185 Agrippina,
1820 3131 2063 3186 principem

1191 3191 1335 3230 statim
1357 3189 1555 3230 facerent
1586 3190 1833 3233 certiorem.
1897 3191 2064 3246 Super-

1191 3247 1439 3289 sedebimus
1481 3250 1616 3305 igitur
1662 3250 1917 3292 coniectura
1944 3250 2064 3293 Bez-

1191 3306 1451 3363 zenbergeri
1482 3309 1531 3349 in
1562 3307 1745 3350 Literna
1771 3308 1918 3352 litora.
2039 3324 2085 3347 ‹s-

1295 3367 1488 3421 ducitque
1538 3366 1723 3408 Baulos:
1771 3380 1858 3409 non
1908 3365 2066 3423 procu}

1191 3425 1309 3467 Baiis
1339 3426 1566 3467 meridiem
1590 3439 1742 3468 versus
1774 3439 1910 3481 prope
1941 3436 2060 3472 oram

1191 3486 1320 3526 maris
1362 3484 1473 3527 haec
1510 3484 1621 3527 villa
1660 3486 1932 3541 Agrippinae
1975 3485 2060 3526 sita

1192 3550 1298 3586 erat.
1362 3543 1528 3586 Plinius
1569 3544 1620 3587 N.
1654 3544 1706 3585 H.
1751 3543 1880 3586 1119.
1942 3543 2059 3585 Ante

1190 3615 1419 3657 possessor
1460 3605 1567 3649 sius
1614 3602 1872 3644 Hortensius
1913 3606 2060 3643 orator

1189 3663 1347 3721 fuerat,
1384 3662 1542 3713 deinde
1558 3662 1750 3708 Antonia
1768 3661 1900 3707 Drusi
1932 3672 2057 3720 uxor,
