2280 4004
186 263 298 311 ιθ.
330 266 450 311 14..;

786 263 951 307 LIBER
977 263 1037 311 I..
1076 261 1182 307 CAP.
1218 262 1404 311 16-17.
1953 265 2017 311 2⁵

185 414 331 474 stris,
389 409 527 462 velut
564 407 1003 461 contionabundus
1042 407 1420 475 interrogabat,
1485 420 1576 458 cur
1620 405 1796 472 paucis
1838 410 2019 458 centu-

183 500 430 564 rionibus,
470 500 794 566 paucioribus
832 498 1046 551 tribunis
1083 498 1135 549 in
1165 498 1367 550 modum
1399 511 1664 550 servorum
1694 496 2014 549 oboedirent.

187 591 400 653 Quando
441 605 653 642 ausuros
692 605 974 656 exposcere
1009 590 1266 654 remedia,
1307 589 1406 640 nisi
1443 603 1628 640 novum
1666 592 1716 640 et
1751 593 2015 641 nutantem

187 681 352 735 adhuc
402 681 678 747 principem
735 681 973 747 precibus
1023 680 1106 732 vel
1157 680 1310 732 armis
1349 679 1585 732 adirent?
1640 678 1772 732 Satis
1812 694 1904 746 per
1939 684 2015 731 tot

185 786 346 824 annos
373 771 581 838 ignavia
611 776 891 837 peccatum,
921 772 1055 838 quod
1082 772 1276 824 tricena
1301 777 1385 822 aut
1410 771 1737 838 quadragena
1762 770 2052 837 stipendia5

184 876 358 926 seneS,
415 866 463 912 et
498 861 727 927 plerique
762 867 993 914 truncato
1033 879 1097 914 ex
1131 862 1425 914 vulneribus
1463 877 1711 928 corpore,
1777 862 2012 914 tolerent.

180 953 255 1005 Ne
292 952 514 1004 dimissis
557 952 759 1018 quidem
804 953 954 1005 finem
1005 969 1120 1005 esse
1169 953 1403 1018 militiae,
1465 953 1557 1005 sed
1610 953 1740 1019 apud
1775 953 2014 1006 vexillum

180 1042 445 1123 QQS„
483 1042 584 1094 alio
620 1043 871 1094 vocabulo
911 1043 1119 1095 eosdem
1143 1043 1348 1095 labores
1378 1044 1625 1109 perferre.
1699 1043 1779 1095 Ac
1815 1044 1860 1096 si
1901 1045 2012 1112 quis

183 1138 257 1186 tot
294 1149 442 1185 casus
478 1134 577 1185 vita
614 1134 947 1200 superaverit,
983 1134 1115 1185 trahi
1150 1134 1314 1185 adhuc
1351 1134 1581 1185 diversas
1608 1134 1660 1184 in
1696 1139 1889 1199 terraS,
1928 1135 2014 1186 ubi

179 1241 272 1293 per
319 1240 504 1276 nomen
556 1241 795 1293 agrorum
842 1225 1062 1293 uligines
1115 1225 1352 1292 paludum
1405 1225 1487 1276 vel
1534 1225 1720 1276 inculta
1773 1225 2013 1278 montium
2033 1245 2080 1282 ιο

182 1316 447 1383 accipiant.

533 1316 807 1368 Enimvero
864 1317 1090 1368 militiam
1140 1317 1299 1383 ipsam
1337 1332 1576 1384 gravem,
1620 1317 2013 1371 infructuosam:

180 1407 325 1459 denis
376 1408 429 1458 in
482 1407 615 1460 diem
669 1409 868 1460 assibus
929 1409 1145 1460 animam
1203 1413 1252 1460 et
1311 1423 1495 1474 corpus
1553 1408 2013 1473 aestimari;·hinc

182 1502 376 1552 vestem
422 1514 559 1551 arma
598 1499 814 1551 tentoria
838 1539 851 1564 ,
906 1499 1024 1551 hinc
1061 1499 1325 1552 saevitiam
1363 1499 1716 1551 centurionum
1761 1504 1811 1551 et
1852 1515 2013 1551 vaca-

180 1590 345 1642 tiones
397 1605 657 1642 munerum
707 1591 904 1643 redimi.

298 1814 337 1856 1.
372 1814 740 1857 contionabundus
771 1815 1040 1859 Beroaldus:

177 1874 232 1926 M,
265 1885 352 1914 non
386 1873 503 1915 obed.

1086 1816 1126 1858 M
1169 1815 1594 1858 conditionabundus.

579 1876 619 1918 7.
654 1882 758 1931 aput
788 1875 843 1917 Μ.
913 1875 956 1918 8.
992 1875 1209 1918 tendentes
1241 1876 1326 1917 Iac.
1363 1874 1637 1917 Gronovius:
1681 1882 1814 1919 tentes
1847 1876 1891 1916 in
1924 1875 2011 1920 fine

1009 1590 1078 1642 At
1122 1591 1342 1643 Hercule
1393 1591 1610 1643 verbera
1677 1596 1727 1643 et
1775 1590 2006 1656 vulnera,

182 1682 356 1735 duram
396 1682 630 1748 hiemem,
671 1683 924 1757 exercitas
965 1687 1216 1748 aestateS,
1256 1683 1442 1735 bellum
1483 1688 1630 1736 atrox
1668 1688 1752 1735 aut
1786 1683 2075 1741 sterilem1⁵

1688 1818 1730 1859 2.
1765 1800 2012 1858 oboedirent

176 1945 343 1985 versus,
376 1934 517 1987 spatio
550 1947 691 1977 vacuo
725 1934 891 1981 duabus
923 1935 1081 1978 litteris
1114 1936 1285 1989 relicto,
1311 1935 1366 1988 M,
1399 1942 1585 1978 retentos
1616 1934 1873 1979 Beroaldus.
1941 1935 2009 1980 14.

177 1993 235 2035 ad
265 2004 342 2047 pro
375 1999 421 2034 at
452 1992 507 2034 Μ.

178 2136 344 2176 stitium
385 2135 675 2177 conventibus
721 2135 932 2178 indictum
983 2143 1050 2178 est

179 2194 234 2235 ob
257 2194 386 2236 finem
410 2195 624 2250 Augusti3
655 2194 860 2251 gaudium
884 2202 927 2237 et
946 2195 1050 2238 festi

177 2254 271 2296 dies
293 2254 433 2295 secuti
456 2254 510 2294 ob
535 2255 860 2296 successionem
872 2254 1049 2298 Tiberii.

177 2311 352 2354 Tacitus
395 2314 589 2355 incertus
644 2319 711 2354 est
754 2326 866 2369 quae
919 2328 1050 2358 causa

177 2372 491 2414 intermittendi
524 2373 655 2414 solita
684 2373 870 2414 militum
902 2376 1050 2416 munia

178 2431 485 2484 praevaluerit.
549 2431 616 2473 De
647 2431 786 2474 forma
805 2433 954 2474 munia
977 2433 1048 2475 di-

179 2496 293 2532 ctum
325 2490 379 2532 ad
409 2490 465 2532 111
497 2493 539 2533 2.

264 2549 538 2591 theatralium
560 2564 787 2606 operarum
803 2567 818 2592 .·
841 2551 904 2591 ‘in
918 2549 1047 2592 thea-

176 2614 261 2661 tro,
294 2609 409 2650 sicut
440 2610 484 2650 in
518 2610 651 2662 circo,
685 2623 790 2652 suae
823 2616 968 2664 partes
1004 2615 1048 2651 et

174 2667 406 2720 sactioneS‚
431 2667 638 2710 distracto
659 2669 870 2711 videlicet
892 2669 1045 2711 favore

175 2725 316 2779 plebis
334 2728 377 2768 in
402 2726 517 2769 hunc
541 2727 814 2781 histrionem,
843 2729 888 2769 in
905 2728 1043 2770 illum.

174 2784 264 2827 Eae
281 2798 367 2827 non
401 2799 496 2828 raro
529 2788 574 2828 in
598 2787 828 2830 tumultum
851 2788 1043 2840 exibant,

175 2843 261 2884 imo
293 2858 510 2900 pugnam,
556 2847 644 2887 imo
689 2846 882 2888 caedem.
946 2847 1046 2887 Dux

176 2902 243 2943 his
275 2903 539 2945 factionibus
574 2910 617 2946 et
648 2905 834 2960 signifer
866 2905 1044 2947 levissi-

175 2973 268 3001 mus
301 2963 487 3017 quisque
530 2975 554 3003 e
586 2963 742 3016 plebe,
787 2964 858 3004 cui
892 2962 1045 3020 lingua

175 3032 415 3076 manusque
447 3020 500 3062 ad
523 3022 704 3064 iniurias
737 3027 781 3063 et
814 3028 1043 3065 contume-

175 3078 255 3120 lias
287 3086 525 3135 promptae.
599 3081 665 3123 Ab
706 3093 792 3123 uno
835 3082 1038 3136 exemplo

175 3136 295 3180 disce
328 3152 416 3181 rem
451 3146 608 3193 totam,
642 3141 757 3194 apud
785 3141 1043 3183 Suetonium

172 3195 273 3238 Ner.
297 3198 369 3241 26.
423 3198 593 3253 Operae
625 3205 771 3241 autem
804 3200 1042 3243 theatrales

173 3253 335 3308 Tacito,
370 3262 416 3296 ut
441 3256 644 3298 Ciceroni
677 3271 838 3312 operae
862 3259 1043 3301 Clodia-

174 3325 283 3364 nae3
328 3320 371 3354 et
402 3316 446 3355 in
479 3315 624 3368 lapide
665 3318 810 3370 prisco
845 3318 1042 3373 (Gruteri

173 3384 215 3425 p.
235 3372 318 3414 467
345 3374 393 3429 7)
420 3387 575 3428 operae
598 3382 759 3416 veteres
791 3390 820 3417 a
850 3378 1039 3419 scaena?

172 3429 363 3473 Lipsius.
414 3430 540 3472 Cous.
568 3433 702 3473 Varro
722 3434 836 3486 apud
854 3435 1039 3476 Gellium

174 3489 300 3532 1113:
338 3493 527 3546 pecunia
562 3494 689 3544 omni,
722 3506 847 3547 quam
866 3495 912 3534 in
937 3507 1040 3549 ope-

173 3550 235 3589 ris
265 3551 476 3603 artificum
522 3552 788 3593 scenicorum
816 3560 1043 3607 pepererat

176 3606 422 3666 (Plautus),
451 3610 639 3666 perdita.
702 3610 749 3652 In
783 3611 926 3665 lapide
960 3611 1036 3653 illo

177 3677 337 3722 operae.
352 3682 380 3710 a
392 3683 552 3721 scaena
568 3675 668 3714 suut
685 3670 769 3727 ipsi
786 3670 1037 3718 histriones.

1223 2137 1472 2179 histrionali
1493 2138 1629 2179 studio
1645 2150 1659 2178 .·
1682 2138 1727 2178 id
1741 2137 2009 2181 Percennius

1133 2196 1421 2252 probaverat,
1465 2211 1562 2239 cum
1601 2196 1903 2251 plaudentium
1938 2199 2010 2240 fa-

1134 2258 1305 2299 ctiones
1339 2259 1534 2315 (operas)
1577 2257 1708 2299 certis
1749 2257 2008 2313 quibusdam

1132 2317 1419 2358 histrionibus
1455 2315 1726 2358 conciliavit.

1220 2402 1325 2457 Cap.
1351 2403 1418 2444 17.
1474 2402 1590 2459 apud
1605 2403 1801 2444 vexillum
1827 2403 2009 2444 tenden-

1131 2469 1221 2502 tes.-
1285 2461 1458 2503 tendere
1495 2462 1678 2504 verbum
1739 2463 1783 2502 in
1830 2475 1878 2503 re
1921 2464 2008 2504 mi-

1130 2520 1246 2562 litari
1280 2521 1524 2577 legitimum
1568 2521 1791 2578 significat
1831 2533 2009 2575 perma-

1129 2593 1235 2622 nere
1267 2580 1346 2622 sub
1379 2581 1597 2634 tentoriis,
1632 2581 1770 2624 veluti
1804 2580 1900 2622 XIII
1931 2581 2005 2624 36.

1130 2639 1180 2681 Η.
1214 2639 1232 2681 1
1264 2640 1319 2682 31
1355 2646 1398 2681 et
1430 2641 1485 2683 55
1520 2646 1564 2681 et
1593 2641 1663 2694 59,
1696 2640 1735 2681 11
1766 2639 1822 2682 66
1857 2645 1900 2682 et
1933 2640 2004 2694 93,

1129 2698 1206 2740 sed
1238 2711 1355 2740 nune
1373 2713 1470 2741 cum
1491 2699 1659 2754 invidia
1679 2699 1863 2755 quadam
1898 2711 2006 2753 pro-

1129 2757 1281 2799 fertur.
1377 2758 1465 2800 alio
1483 2759 1689 2800 vocabulo
1705 2775 1719 2799 .·
1737 2758 2002 2800 vocabulum

1126 2817 1401 2859 vexillarium
1433 2824 1477 2859 et
1498 2818 1839 2870 camillam-iorum,
1874 2819 2005 2859 etiam

1125 2877 1324 2918 veterani
1342 2877 1612 2918 vocabantur
1626 2878 1696 2919 vel
1718 2879 2003 2931 exauctorati,

1128 2942 1373 2977 ceterorum
1426 2937 1641 2978 immunes
1690 2937 1777 2979 nisi
1820 2937 2003 2991 propul-

1126 2994 1249 3036 sandi
1292 2995 1431 3037 hostis
1467 2997 1529 3050 (c.
1564 2996 1662 3052 36).
1741 2995 2003 3037 Accuratius

1126 3054 1391 3109 disputatum
1426 3060 1492 3096 est
1524 3054 1577 3096 de
1611 3054 1693 3097 hac
1725 3067 1773 3096 re
1806 3055 1860 3097 ad
1891 3056 2001 3098 138.

1213 3140 1315 3182 hinc
1356 3141 1579 3182 saevitiam
1621 3142 1916 3183 centurionum
1963 3150 2002 3184 et

1123 3201 1372 3242 vacationes
1398 3213 1619 3241 munerum
1651 3201 1831 3242 redimi.-
1866 3201 2001 3242 verba

1123 3260 1372 3301 vacationes
1420 3272 1642 3300 munerum
1687 3259 1998 3312 explicationis

1125 3319 1265 3373 gratia
1297 3323 1395 3371 post
1426 3319 1653 3359 saevitiam
1695 3320 1998 3360 centurionum

1125 3377 1365 3418 accedunt:
1410 3390 1505 3416 nam
1551 3377 1737 3417 saevitia
1770 3379 1998 3418 centurio-

1125 3448 1226 3475 num
1262 3435 1508 3476 leniebatur
1547 3448 1598 3476 ac
1638 3435 1790 3478 redimi
1825 3442 1998 3491 poterat

1126 3496 1265 3546 pretio
1287 3495 1339 3535 iis
1357 3493 1501 3535 soluto
1512 3496 1688 3536 nomine
1703 3497 1994 3538 vacationum.

1126 3552 1176 3594 11.
1222 3551 1241 3593 1
1287 3553 1371 3596 46:
1429 3553 1778 3611 locupletissimus
1825 3557 1996 3611 quisque

1121 3611 1240 3653 miles
1282 3612 1430 3656 labore
1471 3627 1526 3655 ac
1575 3615 1756 3657 saevitia
1796 3616 1992 3672 fatigari,

1123 3672 1258 3717 donec
1286 3673 1556 3719 vacationem
1587 3681 1756 3718 emeret.
