2280 4004
259 251 350 299 m
1022 258 1313 304 ANNALIVM

1824 265 2078 316 mmm.

257 397 437 450 aetatis
493 412 676 451 annum
730 397 1050 450 Britannicus
1103 401 1367 493 explebat,
1422 403 1652 457 volutare
1701 408 1875 458 secum
1921 409 2080 462 modo

256 488 433 540 matris
469 488 762 539 violentiam
797 489 950 540 modo
988 489 1147 556 ipsius
1185 466 1438 559 indolem,
1495 495 1596 546 levi
1634 496 1838 562 quidem
1872 498 2083 565 experi-

258 584 428 632 mento
466 593 626 644 nuper
665 580 938 646 cognitam,
980 596 1081 647 quo
1122 588 1290 634 tamen
1329 584 1555 637 favorem
1586 587 1687 639 late
1725 588 2079 654 quaesivisset.

255 669 415 723 Festis
456 669 674 723 Saturno
713 670 926 737 diebus,
983 673 1116 726 inter
1149 675 1245 726 alia
1285 677 1569 743 aequalium
1603 677 1828 746 ludicra,
1867 695 2082 749 regnum

216 758 367 812 slusu
406 761 723 814 sortientium
763 770 1004 817 evenerat
1046 757 1504 830 ea'*'sorsmNeroni.
1579 770 1739 838 Igitur
1778 771 1963 824 ceteris
2001 772 2084 824 di„

253 866 404 904 versa
445 867 542 904 nec
580 853 820 909 ruborem
852 856 1112 909 adlatura:
1169 858 1256 910 ubi
1292 859 1584 913 Britannico
1624 861 1771 914 iussit
1809 868 2083 932 exurgeret

249 956 658 1011 progressusque
692 945 744 997 in
783 946 1000 999 medium
1044 953 1242 1004 cantum
1281 950 1498 1016 aliquem
1535 951 1811 1019 inciperet,
1869 953 2081 1011 inrisum

250 1049 315 1087 ex
353 1050 414 1087 eo
451 1051 663 1103 sperans
700 1038 844 1104 pueri
878 1039 1081 1092 sobrios
1117 1055 1319 1108 quoque
1356 1043 1653 1109 convictus,
1693 1044 1879 1096 nedum
1916 1050 2081 1099 temu-

251 1125 416 1179 lentos
470 1128 780 1196 ignorantiS,
837 1130 922 1182 ille
964 1137 1257 1184 constanter
1315 1149 1530 1187 exorsus
1587 1140 1666 1188 est
1716 1149 1925 1188 carmen
1978 1150 2078 1204 quo

187 1218 504 1271 noevolutum
560 1235 671 1272 eum
720 1222 844 1274 sede
890 1223 1052 1288 patria
1103 1225 1360 1292 rebusque
1417 1227 1624 1278 summis
1681 1227 2076 1295 significabatur.

248 1310 393 1363 Unde
430 1315 540 1363 orta
578 1312 840 1365 miseratio
878 1314 1211 1381 manifestior,
1256 1317 1371 1383 quia
1399 1317 1855 1370 dissimulationem
1893 1333 1999 1370 nox
2029 1323 2080 1371 et

249 1401 463 1454 lascivia
518 1409 790 1456 exemerat.
885 1406 1021 1458 Nero
1063 1406 1319 1459 intellecta
1367 1408 1560 1459 invidia
1612 1409 1785 1460 odium
1831 1409 2051 1461 intendit
2065 1426 2080 1473 3

246 1494 648 1561 urgentibusque
687 1495 1000 1563 Agrippinae
1036 1497 1216 1563 minis,
1282 1499 1398 1566 quia
1450 1498 1638 1552 nullum
1684 1500 1878 1552 crimen
1914 1515 2081 1567 neque

246 1583 423 1638 iubere
458 1586 667 1637 caedem
699 1587 868 1639 fratris
908 1589 1073 1654 palam
1113 1589 1346 1655 audebat,
1388 1590 1587 1643 occulta
1623 1591 1842 1657 molitur,
1882 1591 2082 1659 parari-

187 1684 233 1722 15
251 1688 348 1743 que
377 1691 626 1728 venenum
653 1677 805 1743 iubet,
843 1679 1074 1731 ministro
1102 1680 1329 1732 Pollione
1364 1681 1489 1733 Iulio
1526 1682 1816 1749 praetoriae
1851 1682 2079 1736 cohortis

247 1768 482 1834 tribuno,
548 1770 690 1822 cuius
748 1786 868 1822 cura
926 1773 1229 1824 attinebatur
1287 1773 1521 1826 damnata
1574 1774 1809 1827 veneficii
1873 1774 2080 1828 nomine

246 1862 491 1927 Locusta,
546 1861 697 1913 multa
747 1863 999 1916 scelerum
1059 1865 1208 1917 fama.
1280 1866 1406 1918 Nam
1455 1871 1510 1917 ut
1555 1866 1815 1933 proximus
1866 1865 2079 1934 quisque

245 1952 539 2005 Britannico
577 1968 743 2021 neque
778 1955 855 2007 fas
895 1971 1061 2023 neque
1095 1956 1246 2008 fidem
1281 1957 1428 2024 pensi
1464 1957 1704 2023 haberet,
1743 1957 1863 2009 olim
1897 1957 2080 2029 provi-

243 2058 353 2096 sum
402 2050 526 2096 erat.
619 2045 835 2098 Primum
875 2062 1127 2099 venenum
1187 2047 1250 2099 ab
1289 2048 1412 2114 ipsis
1462 2048 1823 2100 educatoribus
1862 2048 2077 2116 accepit,

366 2199 404 2240 1.
442 2198 727 2242 brittannicus
759 2200 839 2243 Ma.
948 2204 990 2246 2.
1027 2202 1111 2244 levi
1141 2202 1306 2257 quidem
1336 2200 1689 2244 Freinshemius:
1723 2198 1790 2244 Ma
1819 2209 1866 2245 ut
1896 2202 2080 2258 qnidam,

243 2257 278 2301 G
307 2264 351 2299 ut
384 2258 563 2312 quidem.
657 2261 699 2303 3.
736 2261 932 2316 faborem
963 2274 1013 2315 pr
1044 2260 1124 2303 Ma.
1218 2260 1262 2304 4.
1297 2261 1510 2316 equalium
1539 2260 1687 2303 ludica
1713 2260 1794 2304 Ma.
1885 2262 1927 2307 R
1959 2265 2081 2318 (cum

242 2317 406 2359 lineola
441 2319 726 2376 superducta)
777 2334 956 2376 requam
987 2320 1068 2363 Ma.
1186 2320 1228 2363 6.
1263 2320 1457 2365 allatura
1487 2319 1566 2363 Ma.
1705 2320 1966 2374 brittannico
1998 2320 2078 2364 Ma.

241 2385 469 2433 exurgeret
502 2377 617 2433 GMa,
658 2391 746 2420 non
779 2393 866 2422 exs.
965 2382 1034 2423 14.
1070 2379 1211 2421 cedem
1243 2378 1323 2423 Ma.
1435 2379 1502 2422 18.
1539 2379 1799 2422 brittannico
1832 2378 1914 2424 Μ’.

239 2520 323 2565 fuit
370 2534 498 2577 quam
538 2522 843 2575 Britannicus,
892 2523 1115 2566 referente

238 2581 385 2624 'l'ncito
420 2580 493 2622 xil
528 2582 600 2624 25.
650 2581 782 2624 Porro
812 2583 915 2623 artis
936 2584 1116 2624 criticae

239 2641 365 2696 leges
414 2640 714 2694 praecipiunt,
758 2646 805 2682 ut
852 2642 997 2694 potius
1031 2641 1116 2682 hoc

1201 2523 1462 2581 πρακτέον,
1511 2522 1534 2567 ὁ
1587 2522 1636 2567 δὲ
1687 2521 1914 2597 ὑπηρέτης
1954 2522 2082 2568 εἶναι

1199 2567 1361 2638 λαχών
1394 2582 1490 2627 πᾶν
1524 2579 1576 2625 τό
1613 2583 1788 2639 ταχθὲν
1818 2581 2078 2639 ιῖπεκπονῇ.

1202 2640 1269 2684 Cf.
1302 2641 1475 2684 Arriani
1509 2639 1693 2683 Dissert.
1727 2639 1917 2694 Epictet.
1951 2640 2077 2685 125.

239 2700 340 2742 loco
374 2711 600 2740 numerum
632 2699 732 2742 XIV
765 2711 842 2754 pro
876 2700 975 2742 XVI
1009 2713 1113 2754 per-

239 2771 387 2815 peram
437 2771 463 2800 a
499 2757 679 2800 librario
719 2761 909 2813 positum
958 2760 1114 2800 existi-

239 2830 430 2870 memuS‚
467 2830 595 2873 quam
627 2820 672 2860 in
712 2818 802 2861 illis
835 2818 982 2860 verbis
1017 2817 1117 2873 (XII

238 2879 320 2936 25)
349 2878 519 2919 biennio
547 2878 755 2921 maiorem
785 2879 942 2921 vitium
976 2891 1116 2934 quae..

239 2950 398 2981 ramuS.

318 2996 426 3038 levi.-
464 2994 591 3036 liuius
625 2995 831 3040 vocabuli
866 2996 1060 3040 feliciter
1091 3010 1117 3038 a

240 3055 546 3099 Freinshemio
607 3055 798 3097 restituti
851 3057 971 3111 prior
1019 3068 1116 3110 pars

241 3121 339 3171 post
370 3113 520 3156 indole?
550 3114 696 3167 periit,
729 3115 870 3158 altera
894 3115 1117 3158 delitescit

240 3177 285 3217 in
319 3178 524 3227 corrupto
556 3179 627 3225 ut,
677 3172 720 3220 h.
761 3189 800 3219 e.
852 3175 902 3217 ui
932 3174 1027 3219 sive
1058 3175 1113 3218 vi.

241 3234 389 3276 Talem
426 3232 779 3280 emendationem
811 3233 1002 3279 Orellius
1034 3247 1116 3289 ap..

241 3293 380 3348 pellat
407 3292 727 3334 ‘coniecturam
751 3306 926 3349 prorsus
948 3296 1117 3348 impro-

242 3352 470 3394 babilem’!
528 3351 640 3397 Leve
683 3352 727 3394 id
769 3354 1119 3409 experimentum

244 3417 338 3454 erat
369 3417 416 3453 ut
451 3413 494 3455 in
527 3410 630 3456 ludo
663 3411 844 3458 editum.

332 3485 511 3526 reqnum
536 3470 630 3514 lusu
654 3474 944 3517 sortientium·
978 3472 1119 3515 lusum

244 3530 453 3571 describit
471 3529 627 3572 Pollux
651 3529 706 3573 lx
725 3533 838 3604 '110-
871 3531 1121 3591 βασιλίνδα

243 3588 332 3645 μὲν
374 3584 461 3634 οὖν
507 3591 661 3642 ἐστιν,
709 3590 819 3638 ὅιαν
863 3594 1121 3660 διακληρω·

244 3650 403 3697 θέντες
447 3648 471 3693 ὃ
510 3649 599 3707 μὲν
639 3645 854 3703 βασιλεὺς
898 3653 1028 3710 τᾶπη
1061 3644 1112 3697 τὸ

1200 2699 1383 2742 Luciani
1418 2699 1590 2744 Satura.
1621 2702 1666 2744 4.
1721 2698 1847 2752 Quod
1861 2698 1925 2743 M³
1943 2711 2076 2753 prae-

1200 2759 1276 2805 bet
1299 2760 1352 2804 R.
1377 2772 1556 2814 regnum
1572 2758 1763 2814 (Regius
1780 2759 1862 2801 Ro.
1883 2772 2077 2814 requam,

1201 2819 1240 2861 A
1271 2819 1405 2863 Rome
1437 2831 1638 2874 regnum,
1696 2816 1731 2860 G
1762 2818 1844 2864 Ro.
1886 2817 2020 2862 habet
2049 2832 2078 2864 ι

1201 2878 1451 2922 recentiore
1502 2890 1631 2920 manu
1683 2889 1814 2931 supra
1858 2881 2077 2935 versum),

1201 2937 1316 2993 sigla
1361 2936 1439 2978 illa
1477 2936 1595 2981 haud
1633 2934 1767 2982 dubie
1807 2937 1870 2980 ita
1901 2936 2078 2992 prodiit,

1202 3002 1250 3038 ut
1268 2997 1406 3050 primo
1432 2995 1581 3040 littera
1613 3009 1637 3038 r
1660 3001 1763 3042 ante
1799 3009 1979 3052 reguum
1999 3009 2079 3042 cn·-

1200 3069 1250 3097 su
1284 3054 1471 3110 quodam
1507 3060 1782 3109 repeteretur
1813 3058 2074 3112 (rr-agnum),

1201 3113 1362 3159 deinde
1394 3126 1622 3171 perperam
1642 3115 1696 3158 R.
1722 3128 1902 3170 regnum
1917 3114 2075 3159 solve*

1200 3180 1319 3219 retur
1351 3180 1395 3217 et
1421 3173 1729 3227 explicaretur.
1773 3175 1970 3230 Regnum
1983 3175 2077 3221 80-

1200 3246 1374 3278 mamm
1438 3231 1604 3277 nullum
1669 3238 1790 3287 erat,
1851 3232 1932 3280 ned
1985 3239 2078 3279 erat

1205 3293 1455 3350 imperium,
1503 3297 1551 3333 ut
1587 3292 1826 3346 imperator
1855 3293 2075 3339 Romanus

1205 3360 1252 3398 et
1282 3354 1510 3408 princeps,
1543 3363 1631 3396 non
1662 3363 1742 3394 rex
1773 3357 1818 3394 et
1855 3351 2073 3403 dominun,

1205 3426 1366 3469 neque,
1396 3413 1434 3455 si
1465 3418 1597 3465 esset,
1629 3423 1746 3455 nunc
1774 3411 1830 3456 de
1856 3421 1912 3458 eo
1932 3420 2072 3468 regno

1205 3473 1378 3516 Tacitus
1410 3471 1583 3517 locutus
1617 3477 1697 3517 est.

1296 3545 1400 3577 nam
1427 3538 1475 3574 ut
1500 3532 1724 3588 proximus
1750 3550 1807 3568 -n
1835 3527 1938 3573 210'1·
1962 3539 2072 3583 pro-.-

1204 3593 1339 3637 vt'sum
1368 3597 1491 3636 erat:
1524 3590 1634 3637 haec
1662 3587 1900 3642 interponit
1919 3598 2071 3631 narra.

1204 3655 1296 3704 tor,
1333 3655 1386 3694 ut
1428 3647 1568 3694 lector
1607 3645 1829 3703 intelligat
1870 3656 1946 3689 cur
1985 3650 2071 3688 tam
