<?xml version="1.0" encoding="UTF-8"?>
<!DOCTYPE html PUBLIC "-//W3C//DTD XHTML 1.0 Transitional//EN"
    "http://www.w3.org/TR/xhtml1/DTD/xhtml1-transitional.dtd">
<html xmlns="http://www.w3.org/1999/xhtml" xml:lang="en" lang="en">
 <head>
  <title>
</title>
<meta http-equiv="Content-Type" content="text/html;charset=utf-8" />
  <meta name='ocr-system' content='tesseract 3.04.00' />
  <meta name='ocr-capabilities' content='ocr_page ocr_carea ocr_par ocr_line ocrx_word'/>
</head>
<body>
  <div class='ocr_page' id='page_1' title='image "./operaadcodicesan01taciuoft_0050.png"; bbox 0 0 2222 4022; ppageno 0'>
   <div class='ocr_carea' id='block_1_1' title="bbox 186 261 1236 310">
    <p class='ocr_par' dir='ltr' id='par_1_1' title="bbox 186 261 1236 310">
     <span class='ocr_line' id='line_1_1' title="bbox 186 261 1236 310; baseline -0.003 -1"><span class='ocrx_word' id='word_1_1' title='bbox 186 264 319 310; x_wconf 85' lang='lat' dir='ltr'>XLIV</span> <span class='ocrx_word' id='word_1_2' title='bbox 969 261 1236 307; x_wconf 84' lang='lat' dir='ltr'>PROOEMII</span> 
     </span>
    </p>
   </div>
   <div class='ocr_carea' id='block_1_2' title="bbox 177 399 2082 3126">
    <p class='ocr_par' dir='ltr' id='par_1_2' title="bbox 177 399 2082 3126">
     <span class='ocr_line' id='line_1_2' title="bbox 184 399 2010 475; baseline -0.001 -17"><span class='ocrx_word' id='word_1_3' title='bbox 184 421 319 475; x_wconf 86' lang='lat' dir='ltr'>vago</span> <span class='ocrx_word' id='word_1_4' title='bbox 359 405 527 473; x_wconf 90' lang='lat' dir='ltr'>aliquo</span> <span class='ocrx_word' id='word_1_5' title='bbox 569 409 618 457; x_wconf 90' lang='lat' dir='ltr'>et</span> <span class='ocrx_word' id='word_1_6' title='bbox 654 403 852 457; x_wconf 90' lang='lat' dir='ltr'>incerto</span> <span class='ocrx_word' id='word_1_7' title='bbox 891 402 1122 470; x_wconf 86' lang='lat' dir='ltr'>falsoque</span> <span class='ocrx_word' id='word_1_8' title='bbox 1157 417 1363 455; x_wconf 88' lang='lat' dir='ltr'>rumore</span> <span class='ocrx_word' id='word_1_9' title='bbox 1397 399 1558 453; x_wconf 90' lang='lat' dir='ltr'>relata</span> <span class='ocrx_word' id='word_1_10' title='bbox 1585 405 1715 454; x_wconf 89' lang='lat' dir='ltr'>sunt.</span> <span class='ocrx_word' id='word_1_11' title='bbox 1767 401 2010 456; x_wconf 83' lang='lat' dir='ltr'><strong>Nimirum</strong></span> 
     </span>
     <span class='ocr_line' id='line_1_3' title="bbox 185 493 2010 563; baseline -0.002 -13"><span class='ocrx_word' id='word_1_12' title='bbox 185 497 515 550; x_wconf 85' lang='lat' dir='ltr'>Arcemboldi</span> <span class='ocrx_word' id='word_1_13' title='bbox 568 496 816 563; x_wconf 89' lang='lat' dir='ltr'>pecuniae</span> <span class='ocrx_word' id='word_1_14' title='bbox 870 495 1050 561; x_wconf 91' lang='lat' dir='ltr'>quovis</span> <span class='ocrx_word' id='word_1_15' title='bbox 1097 495 1250 546; x_wconf 92' lang='lat' dir='ltr'>modo</span> <span class='ocrx_word' id='word_1_16' title='bbox 1293 493 1652 560; x_wconf 89' lang='lat' dir='ltr'>corripiendae</span> <span class='ocrx_word' id='word_1_17' title='bbox 1702 493 1861 544; x_wconf 87' lang='lat' dir='ltr'>libido</span> <span class='ocrx_word' id='word_1_18' title='bbox 1899 509 2010 546; x_wconf 90' lang='lat' dir='ltr'>cum</span> 
     </span>
     <span class='ocr_line' id='line_1_4' title="bbox 186 584 2011 656; baseline -0.002 -15"><span class='ocrx_word' id='word_1_19' title='bbox 186 589 317 642; x_wconf 85' lang='lat' dir='ltr'>sama</span> <span class='ocrx_word' id='word_1_20' title='bbox 356 588 612 656; x_wconf 85' lang='lat' dir='ltr'>divulgata</span> <span class='ocrx_word' id='word_1_21' title='bbox 653 592 804 651; x_wconf 91' lang='lat' dir='ltr'>esset,</span> <span class='ocrx_word' id='word_1_22' title='bbox 852 591 901 638; x_wconf 90' lang='lat' dir='ltr'>et</span> <span class='ocrx_word' id='word_1_23' title='bbox 933 587 1205 653; x_wconf 81' lang='lat' dir='ltr'>praecipue</span> <span class='ocrx_word' id='word_1_24' title='bbox 1242 585 1375 637; x_wconf 89' lang='lat' dir='ltr'>inter</span> <span class='ocrx_word' id='word_1_25' title='bbox 1403 585 1709 636; x_wconf 86' lang='lat' dir='ltr'><strong>reformatae</strong></span> <span class='ocrx_word' id='word_1_26' title='bbox 1744 584 2011 652; x_wconf 85' lang='lat' dir='ltr'>religionis</span> 
     </span>
     <span class='ocr_line' id='line_1_5' title="bbox 185 675 2012 746; baseline -0.004 -13"><span class='ocrx_word' id='word_1_27' title='bbox 185 685 467 733; x_wconf 80' lang='lat' dir='ltr'><strong>sectatores</strong></span> <span class='ocrx_word' id='word_1_28' title='bbox 504 683 648 731; x_wconf 88' lang='lat' dir='ltr'>aucta</span> <span class='ocrx_word' id='word_1_29' title='bbox 685 678 852 731; x_wconf 90' lang='lat' dir='ltr'>multis</span> <span class='ocrx_word' id='word_1_30' title='bbox 881 678 1202 746; x_wconf 69' lang='lat' dir='ltr'>sermonibus</span> <span class='ocrx_word' id='word_1_31' title='bbox 1230 676 1492 728; x_wconf 83' lang='lat' dir='ltr'>materiam</span> <span class='ocrx_word' id='word_1_32' title='bbox 1516 675 1852 742; x_wconf 82' lang='lat' dir='ltr'>praebuisset,</span> <span class='ocrx_word' id='word_1_33' title='bbox 1877 675 2012 726; x_wconf 90' lang='lat' dir='ltr'>hunc</span> 
     </span>
     <span class='ocr_line' id='line_1_6' title="bbox 183 751 2013 837; baseline -0.003 -14"><span class='ocrx_word' id='word_1_34' title='bbox 183 771 321 823; x_wconf 90' lang='lat' dir='ltr'>illum</span> <span class='ocrx_word' id='word_1_35' title='bbox 362 771 550 836; x_wconf 86' lang='lat' dir='ltr'>fuisse,</span> <span class='ocrx_word' id='word_1_36' title='bbox 605 771 687 837; x_wconf 91' lang='lat' dir='ltr'>qui</span> <span class='ocrx_word' id='word_1_37' title='bbox 736 770 1027 822; x_wconf 86' lang='lat' dir='ltr'>thesaurum</span> <span class='ocrx_word' id='word_1_38' title='bbox 1072 751 1222 836; x_wconf 74' lang='lat' dir='ltr'>plane</span> <span class='ocrx_word' id='word_1_39' title='bbox 1264 769 1530 836; x_wconf 86' lang='lat' dir='ltr'>egregium</span> <span class='ocrx_word' id='word_1_40' title='bbox 1568 772 1617 820; x_wconf 88' lang='lat' dir='ltr'>et</span> <span class='ocrx_word' id='word_1_41' title='bbox 1654 767 1827 836; x_wconf 83' lang='lat' dir='ltr'>magni</span> <span class='ocrx_word' id='word_1_42' title='bbox 1864 766 2013 834; x_wconf 88' lang='lat' dir='ltr'>pretii</span> 
     </span>
     <span class='ocr_line' id='line_1_7' title="bbox 184 857 2014 925; baseline -0.004 -9"><span class='ocrx_word' id='word_1_43' title='bbox 184 863 248 916; x_wconf 94' lang='lat' dir='ltr'>ad</span> <span class='ocrx_word' id='word_1_44' title='bbox 283 878 340 915; x_wconf 93' lang='lat' dir='ltr'>se</span> <span class='ocrx_word' id='word_1_45' title='bbox 375 862 634 914; x_wconf 90' lang='lat' dir='ltr'>ditandum</span> <span class='ocrx_word' id='word_1_46' title='bbox 673 878 736 914; x_wconf 88' lang='lat' dir='ltr'>ex</span> <span class='ocrx_word' id='word_1_47' title='bbox 771 861 1080 914; x_wconf 88' lang='lat' dir='ltr'>monasterio</span> <span class='ocrx_word' id='word_1_48' title='bbox 1118 860 1446 925; x_wconf 90' lang='lat' dir='ltr'>Corbeiensi,</span> <span class='ocrx_word' id='word_1_49' title='bbox 1498 859 1615 911; x_wconf 93' lang='lat' dir='ltr'>loco</span> <span class='ocrx_word' id='word_1_50' title='bbox 1657 859 1906 910; x_wconf 89' lang='lat' dir='ltr'>bonorum</span> <span class='ocrx_word' id='word_1_51' title='bbox 1947 857 2014 910; x_wconf 93' lang='lat' dir='ltr'>li-</span> 
     </span>
     <span class='ocr_line' id='line_1_8' title="bbox 182 951 2011 1019; baseline -0.004 -12"><span class='ocrx_word' id='word_1_52' title='bbox 182 955 388 1007; x_wconf 90' lang='lat' dir='ltr'>brorum</span> <span class='ocrx_word' id='word_1_53' title='bbox 425 954 744 1019; x_wconf 86' lang='lat' dir='ltr'>abundante,</span> <span class='ocrx_word' id='word_1_54' title='bbox 785 969 959 1006; x_wconf 92' lang='lat' dir='ltr'>secum</span> <span class='ocrx_word' id='word_1_55' title='bbox 997 953 1219 1018; x_wconf 91' lang='lat' dir='ltr'>tulisset,</span> <span class='ocrx_word' id='word_1_56' title='bbox 1267 952 1553 1004; x_wconf 90' lang='lat' dir='ltr'>rumoribus</span> <span class='ocrx_word' id='word_1_57' title='bbox 1596 951 1879 1018; x_wconf 90' lang='lat' dir='ltr'>dispersum</span> <span class='ocrx_word' id='word_1_58' title='bbox 1918 954 2011 1001; x_wconf 90' lang='lat' dir='ltr'>est.</span> 
     </span>
     <span class='ocr_line' id='line_1_9' title="bbox 181 1041 2013 1112; baseline -0.004 -13"><span class='ocrx_word' id='word_1_59' title='bbox 181 1045 475 1099; x_wconf 89' lang='lat' dir='ltr'>Rhenanum</span> <span class='ocrx_word' id='word_1_60' title='bbox 515 1051 679 1098; x_wconf 90' lang='lat' dir='ltr'>autem</span> <span class='ocrx_word' id='word_1_61' title='bbox 715 1051 769 1097; x_wconf 89' lang='lat' dir='ltr'>ut</span> <span class='ocrx_word' id='word_1_62' title='bbox 808 1047 860 1097; x_wconf 90' lang='lat' dir='ltr'>in</span> <span class='ocrx_word' id='word_1_63' title='bbox 897 1050 1169 1112; x_wconf 83' lang='lat' dir='ltr'>quaestore</span> <span class='ocrx_word' id='word_1_64' title='bbox 1205 1043 1464 1111; x_wconf 77' lang='lat' dir='ltr'>pontificio</span> <span class='ocrx_word' id='word_1_65' title='bbox 1502 1043 1681 1096; x_wconf 88' lang='lat' dir='ltr'>fefellit</span> <span class='ocrx_word' id='word_1_66' title='bbox 1719 1041 1892 1109; x_wconf 91' lang='lat' dir='ltr'>opinio</span> <span class='ocrx_word' id='word_1_67' title='bbox 1920 1055 2013 1092; x_wconf 88' lang='lat' dir='ltr'>sua</span> 
     </span>
     <span class='ocr_line' id='line_1_10' title="bbox 182 1131 2011 1203; baseline -0.003 -14"><span class='ocrx_word' id='word_1_68' title='bbox 182 1141 266 1189; x_wconf 92' lang='lat' dir='ltr'>aut</span> <span class='ocrx_word' id='word_1_69' title='bbox 302 1136 429 1189; x_wconf 86' lang='lat' dir='ltr'>falsa</span> <span class='ocrx_word' id='word_1_70' title='bbox 468 1137 724 1188; x_wconf 90' lang='lat' dir='ltr'>hominum</span> <span class='ocrx_word' id='word_1_71' title='bbox 761 1137 925 1202; x_wconf 87' lang='lat' dir='ltr'>fama,</span> <span class='ocrx_word' id='word_1_72' title='bbox 963 1137 1030 1187; x_wconf 91' lang='lat' dir='ltr'>ita</span> <span class='ocrx_word' id='word_1_73' title='bbox 1070 1151 1199 1203; x_wconf 90' lang='lat' dir='ltr'>quae</span> <span class='ocrx_word' id='word_1_74' title='bbox 1236 1135 1443 1187; x_wconf 86' lang='lat' dir='ltr'>tradidit</span> <span class='ocrx_word' id='word_1_75' title='bbox 1481 1134 1616 1187; x_wconf 91' lang='lat' dir='ltr'>idem</span> <span class='ocrx_word' id='word_1_76' title='bbox 1653 1134 1718 1186; x_wconf 92' lang='lat' dir='ltr'>de</span> <span class='ocrx_word' id='word_1_77' title='bbox 1758 1131 2011 1185; x_wconf 89' lang='lat' dir='ltr'>coenobio</span> 
     </span>
     <span class='ocr_line' id='line_1_11' title="bbox 182 1226 2014 1294; baseline -0.003 -14"><span class='ocrx_word' id='word_1_78' title='bbox 182 1227 482 1280; x_wconf 89' lang='lat' dir='ltr'>Corbeiensi</span> <span class='ocrx_word' id='word_1_79' title='bbox 520 1233 570 1280; x_wconf 90' lang='lat' dir='ltr'>et</span> <span class='ocrx_word' id='word_1_80' title='bbox 611 1228 793 1280; x_wconf 90' lang='lat' dir='ltr'>codice</span> <span class='ocrx_word' id='word_1_81' title='bbox 830 1228 989 1280; x_wconf 89' lang='lat' dir='ltr'>Taciti</span> <span class='ocrx_word' id='word_1_82' title='bbox 1034 1227 1105 1278; x_wconf 89' lang='lat' dir='ltr'>ibi</span> <span class='ocrx_word' id='word_1_83' title='bbox 1143 1232 1379 1294; x_wconf 89' lang='lat' dir='ltr'>repert0‚</span> <span class='ocrx_word' id='word_1_84' title='bbox 1431 1227 1581 1279; x_wconf 88' lang='lat' dir='ltr'>fidem</span> <span class='ocrx_word' id='word_1_85' title='bbox 1623 1226 1723 1277; x_wconf 92' lang='lat' dir='ltr'>iam</span> <span class='ocrx_word' id='word_1_86' title='bbox 1762 1239 1866 1276; x_wconf 90' lang='lat' dir='ltr'>non</span> <span class='ocrx_word' id='word_1_87' title='bbox 1902 1239 2014 1276; x_wconf 88' lang='lat' dir='ltr'>me-</span> 
     </span>
     <span class='ocr_line' id='line_1_12' title="bbox 178 1318 2014 1387; baseline -0.003 -16"><span class='ocrx_word' id='word_1_88' title='bbox 178 1323 370 1384; x_wconf 86' lang='lat' dir='ltr'>rentur,</span> <span class='ocrx_word' id='word_1_89' title='bbox 412 1334 474 1370; x_wconf 93' lang='lat' dir='ltr'>eo</span> <span class='ocrx_word' id='word_1_90' title='bbox 512 1319 676 1387; x_wconf 86' lang='lat' dir='ltr'>magis</span> <span class='ocrx_word' id='word_1_91' title='bbox 714 1318 848 1385; x_wconf 92' lang='lat' dir='ltr'>quod</span> <span class='ocrx_word' id='word_1_92' title='bbox 887 1319 939 1370; x_wconf 92' lang='lat' dir='ltr'>in</span> <span class='ocrx_word' id='word_1_93' title='bbox 972 1318 1285 1370; x_wconf 90' lang='lat' dir='ltr'>monasterio</span> <span class='ocrx_word' id='word_1_94' title='bbox 1308 1318 1545 1370; x_wconf 92' lang='lat' dir='ltr'>Fuldensi</span> <span class='ocrx_word' id='word_1_95' title='bbox 1581 1323 1680 1369; x_wconf 89' lang='lat' dir='ltr'>tam</span> <span class='ocrx_word' id='word_1_96' title='bbox 1706 1330 1844 1367; x_wconf 89' lang='lat' dir='ltr'>nono</span> <span class='ocrx_word' id='word_1_97' title='bbox 1867 1329 2014 1381; x_wconf 85' lang='lat' dir='ltr'>quam</span> 
     </span>
     <span class='ocr_line' id='line_1_13' title="bbox 181 1406 2016 1478; baseline -0.002 -16"><span class='ocrx_word' id='word_1_98' title='bbox 181 1411 560 1478; x_wconf 90' lang='lat' dir='ltr'>quintodecimo</span> <span class='ocrx_word' id='word_1_99' title='bbox 599 1411 774 1463; x_wconf 92' lang='lat' dir='ltr'>seculo</span> <span class='ocrx_word' id='word_1_100' title='bbox 812 1411 1018 1463; x_wconf 89' lang='lat' dir='ltr'>ineunte</span> <span class='ocrx_word' id='word_1_101' title='bbox 1056 1415 1195 1462; x_wconf 90' lang='lat' dir='ltr'>certa</span> <span class='ocrx_word' id='word_1_102' title='bbox 1235 1410 1381 1462; x_wconf 90' lang='lat' dir='ltr'>huius</span> <span class='ocrx_word' id='word_1_103' title='bbox 1423 1410 1618 1462; x_wconf 90' lang='lat' dir='ltr'>codicis</span> <span class='ocrx_word' id='word_1_104' title='bbox 1661 1408 1880 1476; x_wconf 85' lang='lat' dir='ltr'>vestigia</span> <span class='ocrx_word' id='word_1_105' title='bbox 1920 1406 2016 1458; x_wconf 92' lang='lat' dir='ltr'>de-</span> 
     </span>
     <span class='ocr_line' id='line_1_14' title="bbox 177 1500 2012 1570; baseline -0.003 -15"><span class='ocrx_word' id='word_1_106' title='bbox 177 1502 564 1570; x_wconf 82' lang='lat' dir='ltr'>prehendimuS,</span> <span class='ocrx_word' id='word_1_107' title='bbox 624 1517 771 1569; x_wconf 92' lang='lat' dir='ltr'>quem</span> <span class='ocrx_word' id='word_1_108' title='bbox 820 1502 939 1554; x_wconf 90' lang='lat' dir='ltr'>hinc</span> <span class='ocrx_word' id='word_1_109' title='bbox 986 1502 1257 1554; x_wconf 87' lang='lat' dir='ltr'>Corbeiam</span> <span class='ocrx_word' id='word_1_110' title='bbox 1303 1501 1550 1554; x_wconf 88' lang='lat' dir='ltr'>transisse</span> <span class='ocrx_word' id='word_1_111' title='bbox 1599 1500 1856 1567; x_wconf 89' lang='lat' dir='ltr'>aliquanto</span> <span class='ocrx_word' id='word_1_112' title='bbox 1895 1503 2012 1551; x_wconf 89' lang='lat' dir='ltr'>ante</span> 
     </span>
     <span class='ocr_line' id='line_1_15' title="bbox 179 1592 2009 1661; baseline -0.003 -14"><span class='ocrx_word' id='word_1_113' title='bbox 179 1609 327 1661; x_wconf 91' lang='lat' dir='ltr'>quam</span> <span class='ocrx_word' id='word_1_114' title='bbox 351 1595 560 1646; x_wconf 87' lang='lat' dir='ltr'>Romam</span> <span class='ocrx_word' id='word_1_115' title='bbox 597 1594 901 1658; x_wconf 86' lang='lat' dir='ltr'>deferretur,</span> <span class='ocrx_word' id='word_1_116' title='bbox 942 1594 1238 1646; x_wconf 90' lang='lat' dir='ltr'>coniectura</span> <span class='ocrx_word' id='word_1_117' title='bbox 1278 1599 1354 1645; x_wconf 93' lang='lat' dir='ltr'>est</span> <span class='ocrx_word' id='word_1_118' title='bbox 1394 1608 1523 1659; x_wconf 90' lang='lat' dir='ltr'>quae</span> <span class='ocrx_word' id='word_1_119' title='bbox 1545 1592 1682 1643; x_wconf 92' lang='lat' dir='ltr'>nullo</span> <span class='ocrx_word' id='word_1_120' title='bbox 1712 1595 2009 1658; x_wconf 87' lang='lat' dir='ltr'>argumento</span> 
     </span>
     <span class='ocr_line' id='line_1_16' title="bbox 181 1682 2012 1751; baseline -0.003 -14"><span class='ocrx_word' id='word_1_121' title='bbox 181 1686 467 1738; x_wconf 88' lang='lat' dir='ltr'>confirmari</span> <span class='ocrx_word' id='word_1_122' title='bbox 504 1691 685 1751; x_wconf 89' lang='lat' dir='ltr'>potest.</span> <span class='ocrx_word' id='word_1_123' title='bbox 761 1686 886 1738; x_wconf 88' lang='lat' dir='ltr'>Nam</span> <span class='ocrx_word' id='word_1_124' title='bbox 937 1686 1021 1751; x_wconf 88' lang='lat' dir='ltr'>qui</span> <span class='ocrx_word' id='word_1_125' title='bbox 1065 1700 1194 1737; x_wconf 88' lang='lat' dir='ltr'>unus</span> <span class='ocrx_word' id='word_1_126' title='bbox 1242 1690 1446 1751; x_wconf 86' lang='lat' dir='ltr'>praeter</span> <span class='ocrx_word' id='word_1_127' title='bbox 1481 1684 1775 1737; x_wconf 88' lang='lat' dir='ltr'>Rhenanum</span> <span class='ocrx_word' id='word_1_128' title='bbox 1811 1682 1876 1733; x_wconf 92' lang='lat' dir='ltr'>de</span> <span class='ocrx_word' id='word_1_129' title='bbox 1918 1696 2012 1733; x_wconf 91' lang='lat' dir='ltr'>co-</span> 
     </span>
     <span class='ocr_line' id='line_1_17' title="bbox 181 1771 2011 1842; baseline -0.003 -14"><span class='ocrx_word' id='word_1_130' title='bbox 181 1776 294 1829; x_wconf 90' lang='lat' dir='ltr'>dice</span> <span class='ocrx_word' id='word_1_131' title='bbox 333 1776 633 1828; x_wconf 89' lang='lat' dir='ltr'>Corbeiensi</span> <span class='ocrx_word' id='word_1_132' title='bbox 669 1776 884 1842; x_wconf 89' lang='lat' dir='ltr'>rettulit,</span> <span class='ocrx_word' id='word_1_133' title='bbox 924 1777 1087 1828; x_wconf 88' lang='lat' dir='ltr'>Iustus</span> <span class='ocrx_word' id='word_1_134' title='bbox 1123 1776 1347 1842; x_wconf 84' lang='lat' dir='ltr'>Lipsius,</span> <span class='ocrx_word' id='word_1_135' title='bbox 1388 1775 1431 1827; x_wconf 90' lang='lat' dir='ltr'>is</span> <span class='ocrx_word' id='word_1_136' title='bbox 1470 1773 1738 1826; x_wconf 89' lang='lat' dir='ltr'>manifesto</span> <span class='ocrx_word' id='word_1_137' title='bbox 1779 1771 2011 1825; x_wconf 87' lang='lat' dir='ltr'>Rhenani</span> 
     </span>
     <span class='ocr_line' id='line_1_18' title="bbox 177 1861 2016 1931; baseline -0.004 -11"><span class='ocrx_word' id='word_1_138' title='bbox 177 1867 326 1920; x_wconf 85' lang='lat' dir='ltr'>fidem</span> <span class='ocrx_word' id='word_1_139' title='bbox 366 1871 568 1920; x_wconf 89' lang='lat' dir='ltr'>secutus</span> <span class='ocrx_word' id='word_1_140' title='bbox 606 1872 682 1919; x_wconf 85' lang='lat' dir='ltr'>est</span> <span class='ocrx_word' id='word_1_141' title='bbox 720 1873 769 1919; x_wconf 91' lang='lat' dir='ltr'>et</span> <span class='ocrx_word' id='word_1_142' title='bbox 802 1868 1017 1920; x_wconf 88' lang='lat' dir='ltr'>eundem</span> <span class='ocrx_word' id='word_1_143' title='bbox 1054 1882 1281 1919; x_wconf 89' lang='lat' dir='ltr'>errorem</span> <span class='ocrx_word' id='word_1_144' title='bbox 1337 1866 1400 1918; x_wconf 93' lang='lat' dir='ltr'>de</span> <span class='ocrx_word' id='word_1_145' title='bbox 1444 1870 1713 1931; x_wconf 83' lang='lat' dir='ltr'>quaestore</span> <span class='ocrx_word' id='word_1_146' title='bbox 1756 1861 2016 1928; x_wconf 77' lang='lat' dir='ltr'>pontificio</span> 
     </span>
     <span class='ocr_line' id='line_1_19' title="bbox 179 1951 2017 2025; baseline -0.005 -13"><span class='ocrx_word' id='word_1_147' title='bbox 179 1959 415 2025; x_wconf 87' lang='lat' dir='ltr'>repetivit</span> <span class='ocrx_word' id='word_1_148' title='bbox 462 1959 514 2010; x_wconf 91' lang='lat' dir='ltr'>in</span> <span class='ocrx_word' id='word_1_149' title='bbox 563 1959 889 2010; x_wconf 86' lang='lat' dir='ltr'>annotatione</span> <span class='ocrx_word' id='word_1_150' title='bbox 928 1958 991 2010; x_wconf 91' lang='lat' dir='ltr'>ad</span> <span class='ocrx_word' id='word_1_151' title='bbox 1031 1958 1189 2009; x_wconf 86' lang='lat' dir='ltr'>Taciti</span> <span class='ocrx_word' id='word_1_152' title='bbox 1224 1956 1357 2008; x_wconf 86' lang='lat' dir='ltr'>Anu.</span> <span class='ocrx_word' id='word_1_153' title='bbox 1404 1957 1447 2008; x_wconf 91' lang='grc' dir='ltr'>ΙΙ</span> <span class='ocrx_word' id='word_1_154' title='bbox 1485 1955 1516 2008; x_wconf 88' lang='lat'>9</span> <span class='ocrx_word' id='word_1_155' title='bbox 1559 1953 1742 2021; x_wconf 77' lang='lat' dir='ltr'>flumen</span> <span class='ocrx_word' id='word_1_156' title='bbox 1792 1951 2017 2019; x_wconf 77' lang='lat' dir='ltr'>Visurqis</span> 
     </span>
     <span class='ocr_line' id='line_1_20' title="bbox 183 2043 2014 2118; baseline -0.005 -14"><span class='ocrx_word' id='word_1_157' title='bbox 183 2052 399 2118; x_wconf 89' lang='lat' dir='ltr'>scripta:</span> <span class='ocrx_word' id='word_1_158' title='bbox 430 2055 603 2101; x_wconf 86' lang='lat' dir='ltr'>mutua</span> <span class='ocrx_word' id='word_1_159' title='bbox 621 2050 965 2102; x_wconf 85' lang='lat' dir='ltr'>Romanorum</span> <span class='ocrx_word' id='word_1_160' title='bbox 986 2049 1447 2114; x_wconf 78' lang='lat' dir='ltr'>Germanorumque</span> <span class='ocrx_word' id='word_1_161' title='bbox 1471 2047 1612 2099; x_wconf 87' lang='lat' dir='ltr'>clade</span> <span class='ocrx_word' id='word_1_162' title='bbox 1635 2045 1817 2097; x_wconf 79' lang='lat' dir='ltr'>nobilis</span> <span class='ocrx_word' id='word_1_163' title='bbox 1837 2043 2014 2096; x_wconf 78' lang='lat' dir='ltr'>amnis.</span> 
     </span>
     <span class='ocr_line' id='line_1_21' title="bbox 183 2136 2016 2209; baseline -0.004 -15"><span class='ocrx_word' id='word_1_164' title='bbox 183 2143 283 2195; x_wconf 75' lang='lat' dir='ltr'>Cui&#39;</span> <span class='ocrx_word' id='word_1_165' title='bbox 321 2143 513 2209; x_wconf 82' lang='lat' dir='ltr'>famam</span> <span class='ocrx_word' id='word_1_166' title='bbox 550 2143 833 2208; x_wconf 78' lang='lat' dir='ltr'>praecipue</span> <span class='ocrx_word' id='word_1_167' title='bbox 887 2141 1092 2193; x_wconf 81' lang='lat' dir='ltr'>Tacitus</span> <span class='ocrx_word' id='word_1_168' title='bbox 1129 2141 1288 2192; x_wconf 77' lang='lat' dir='ltr'>dedit.-</span> <span class='ocrx_word' id='word_1_169' title='bbox 1344 2145 1391 2191; x_wconf 87' lang='lat' dir='ltr'>et</span> <span class='ocrx_word' id='word_1_170' title='bbox 1436 2139 1546 2205; x_wconf 78' lang='lat' dir='ltr'>ipse</span> <span class='ocrx_word' id='word_1_171' title='bbox 1599 2138 1770 2190; x_wconf 86' lang='lat' dir='ltr'>Tacito</span> <span class='ocrx_word' id='word_1_172' title='bbox 1810 2136 2016 2202; x_wconf 68' lang='lat' dir='ltr'>(ruinam</span> 
     </span>
     <span class='ocr_line' id='line_1_22' title="bbox 178 2228 2019 2302; baseline -0.005 -15"><span class='ocrx_word' id='word_1_173' title='bbox 178 2235 363 2302; x_wconf 80' lang='lat' dir='ltr'>satum)</span> <span class='ocrx_word' id='word_1_174' title='bbox 402 2234 572 2284; x_wconf 79' lang='lat' dir='ltr'>vitam.</span> <span class='ocrx_word' id='word_1_175' title='bbox 644 2232 776 2284; x_wconf 90' lang='lat' dir='ltr'>Nam</span> <span class='ocrx_word' id='word_1_176' title='bbox 836 2233 1054 2298; x_wconf 77' lang='lat' dir='ltr'>quinque</span> <span class='ocrx_word' id='word_1_177' title='bbox 1099 2233 1151 2284; x_wconf 71' lang='lat' dir='ltr'>ht</span> <span class='ocrx_word' id='word_1_178' title='bbox 1195 2232 1451 2297; x_wconf 78' lang='lat' dir='ltr'>primores</span> <span class='ocrx_word' id='word_1_179' title='bbox 1492 2229 1610 2281; x_wconf 77' lang='lat' dir='ltr'>libri</span> <span class='ocrx_word' id='word_1_180' title='bbox 1654 2229 1845 2280; x_wconf 80' lang='lat' dir='ltr'>inventi</span> <span class='ocrx_word' id='word_1_181' title='bbox 1886 2228 2019 2280; x_wconf 87' lang='lat' dir='ltr'>Gor-</span> 
     </span>
     <span class='ocr_line' id='line_1_23' title="bbox 187 2319 2019 2390; baseline -0.004 -13"><span class='ocrx_word' id='word_1_182' title='bbox 187 2324 356 2389; x_wconf 84' lang='lat' dir='ltr'>bez&#39;ae,</span> <span class='ocrx_word' id='word_1_183' title='bbox 410 2325 543 2390; x_wconf 84' lang='lat' dir='ltr'>quod</span> <span class='ocrx_word' id='word_1_184' title='bbox 575 2324 936 2376; x_wconf 80' lang='lat' dir='ltr'>monasterium</span> <span class='ocrx_word' id='word_1_185' title='bbox 973 2324 1042 2374; x_wconf 89' lang='lat' dir='ltr'>ad</span> <span class='ocrx_word' id='word_1_186' title='bbox 1086 2322 1330 2389; x_wconf 77' lang='lat' dir='ltr'>Visuryz&#39;m</span> <span class='ocrx_word' id='word_1_187' title='bbox 1364 2327 1454 2373; x_wconf 88' lang='lat' dir='ltr'>est.</span> <span class='ocrx_word' id='word_1_188' title='bbox 1528 2319 1692 2386; x_wconf 89' lang='lat' dir='ltr'>Atque</span> <span class='ocrx_word' id='word_1_189' title='bbox 1740 2319 1878 2370; x_wconf 82' lang='lat' dir='ltr'>illinc</span> <span class='ocrx_word' id='word_1_190' title='bbox 1928 2319 2019 2370; x_wconf 86' lang='lat' dir='ltr'>de-</span> 
     </span>
     <span class='ocr_line' id='line_1_24' title="bbox 185 2407 2014 2485; baseline -0.002 -19"><span class='ocrx_word' id='word_1_191' title='bbox 185 2422 477 2485; x_wconf 80' lang='lat' dir='ltr'>promptum</span> <span class='ocrx_word' id='word_1_192' title='bbox 511 2430 633 2467; x_wconf 79' lang='lat' dir='ltr'>vere</span> <span class='ocrx_word' id='word_1_193' title='bbox 667 2415 801 2467; x_wconf 78' lang='lat' dir='ltr'>hunc</span> <span class='ocrx_word' id='word_1_194' title='bbox 837 2416 1129 2467; x_wconf 82' lang='lat' dir='ltr'>thesaurum</span> <span class='ocrx_word' id='word_1_195' title='bbox 1172 2412 1433 2480; x_wconf 83' lang='lat' dir='ltr'>‘quaestor</span> <span class='ocrx_word' id='word_1_196' title='bbox 1467 2412 1669 2479; x_wconf 79' lang='lat' dir='ltr'>quidam</span> <span class='ocrx_word' id='word_1_197' title='bbox 1711 2407 2014 2477; x_wconf 78' lang='lat' dir='ltr'>Pontificius&#39;</span> 
     </span>
     <span class='ocr_line' id='line_1_25' title="bbox 185 2500 2016 2577; baseline -0.005 -15"><span class='ocrx_word' id='word_1_198' title='bbox 185 2518 442 2577; x_wconf 84' lang='lat' dir='ltr'>(agnosce</span> <span class='ocrx_word' id='word_1_199' title='bbox 478 2509 803 2574; x_wconf 79' lang='lat' dir='ltr'>Rhenanum)</span> <span class='ocrx_word' id='word_1_200' title='bbox 840 2508 909 2559; x_wconf 86' lang='lat' dir='ltr'>ad</span> <span class='ocrx_word' id='word_1_201' title='bbox 935 2523 1168 2575; x_wconf 73' lang='lat' dir='ltr'>maynum</span> <span class='ocrx_word' id='word_1_202' title='bbox 1204 2508 1422 2557; x_wconf 80' lang='lat' dir='ltr'>Leonem</span> <span class='ocrx_word' id='word_1_203' title='bbox 1457 2503 1653 2568; x_wconf 82' lang='lat' dir='ltr'>detulit,</span> <span class='ocrx_word' id='word_1_204' title='bbox 1694 2503 1908 2554; x_wconf 79' lang='lat' dir='ltr'>donatus</span> <span class='ocrx_word' id='word_1_205' title='bbox 1951 2500 2016 2553; x_wconf 89' lang='lat' dir='ltr'>ab</span> 
     </span>
     <span class='ocr_line' id='line_1_26' title="bbox 184 2594 2082 2666; baseline -0.003 -14"><span class='ocrx_word' id='word_1_206' title='bbox 184 2617 242 2652; x_wconf 92' lang='lat' dir='ltr'>eo</span> <span class='ocrx_word' id='word_1_207' title='bbox 295 2600 469 2651; x_wconf 80' lang='lat' dir='ltr'>aureis</span> <span class='ocrx_word' id='word_1_208' title='bbox 522 2600 817 2666; x_wconf 65' lang='lat' dir='ltr'>quingentis.</span> <span class='ocrx_word' id='word_1_209' title='bbox 894 2600 1031 2652; x_wconf 88' lang='lat' dir='ltr'>Idem</span> <span class='ocrx_word' id='word_1_210' title='bbox 1088 2598 1286 2665; x_wconf 89' lang='lat' dir='ltr'>Lipsius</span> <span class='ocrx_word' id='word_1_211' title='bbox 1337 2596 1537 2663; x_wconf 90' lang='lat' dir='ltr'>paulum</span> <span class='ocrx_word' id='word_1_212' title='bbox 1593 2596 1791 2647; x_wconf 90' lang='lat' dir='ltr'>mutatis</span> <span class='ocrx_word' id='word_1_213' title='bbox 1845 2594 2017 2647; x_wconf 89' lang='lat' dir='ltr'>verbis</span> <span class='ocrx_word' id='word_1_214' title='bbox 2079 2633 2082 2637; x_wconf 30' lang='grc' dir='ltr'><em>ψ</em></span> 
     </span>
     <span class='ocr_line' id='line_1_27' title="bbox 185 2686 2018 2760; baseline -0.004 -14"><span class='ocrx_word' id='word_1_215' title='bbox 185 2693 422 2760; x_wconf 89' lang='lat' dir='ltr'>repetivit</span> <span class='ocrx_word' id='word_1_216' title='bbox 458 2692 510 2743; x_wconf 91' lang='lat' dir='ltr'>in</span> <span class='ocrx_word' id='word_1_217' title='bbox 550 2691 916 2757; x_wconf 80' lang='lat' dir='ltr'>Dispunctione</span> <span class='ocrx_word' id='word_1_218' title='bbox 950 2696 1184 2742; x_wconf 82' lang='lat' dir='ltr'>notarum</span> <span class='ocrx_word' id='word_1_219' title='bbox 1225 2687 1572 2740; x_wconf 80' lang='lat' dir='ltr'>Mirandulam&#39;</span> <span class='ocrx_word' id='word_1_220' title='bbox 1607 2686 1828 2747; x_wconf 77' lang='lat' dir='ltr'>codicis3</span> <span class='ocrx_word' id='word_1_221' title='bbox 1868 2691 2018 2753; x_wconf 84' lang='lat' dir='ltr'>atque</span> 
     </span>
     <span class='ocr_line' id='line_1_28' title="bbox 183 2776 2018 2851; baseline -0.004 -16"><span class='ocrx_word' id='word_1_222' title='bbox 183 2784 354 2851; x_wconf 89' lang='lat' dir='ltr'>Lipsio</span> <span class='ocrx_word' id='word_1_223' title='bbox 391 2789 596 2835; x_wconf 88' lang='lat' dir='ltr'>utuntur</span> <span class='ocrx_word' id='word_1_224' title='bbox 634 2789 874 2849; x_wconf 89' lang='lat' dir='ltr'>auctore,</span> <span class='ocrx_word' id='word_1_225' title='bbox 931 2787 981 2835; x_wconf 92' lang='lat' dir='ltr'>et</span> <span class='ocrx_word' id='word_1_226' title='bbox 1034 2783 1172 2834; x_wconf 87' lang='lat' dir='ltr'>fonte</span> <span class='ocrx_word' id='word_1_227' title='bbox 1226 2782 1334 2834; x_wconf 91' lang='lat' dir='ltr'>eius</span> <span class='ocrx_word' id='word_1_228' title='bbox 1390 2781 1627 2848; x_wconf 88' lang='lat' dir='ltr'>ignorato</span> <span class='ocrx_word' id='word_1_229' title='bbox 1667 2784 1716 2831; x_wconf 92' lang='lat' dir='ltr'>et</span> <span class='ocrx_word' id='word_1_230' title='bbox 1752 2778 1904 2830; x_wconf 90' lang='lat' dir='ltr'>dubia</span> <span class='ocrx_word' id='word_1_231' title='bbox 1940 2776 2018 2829; x_wconf 88' lang='lat' dir='ltr'>rei</span> 
     </span>
     <span class='ocr_line' id='line_1_29' title="bbox 183 2869 2015 2941; baseline -0.005 -12"><span class='ocrx_word' id='word_1_232' title='bbox 183 2875 283 2930; x_wconf 88' lang='lat' dir='ltr'>fide</span> <span class='ocrx_word' id='word_1_233' title='bbox 318 2890 424 2926; x_wconf 90' lang='lat' dir='ltr'>non</span> <span class='ocrx_word' id='word_1_234' title='bbox 464 2880 747 2941; x_wconf 86' lang='lat' dir='ltr'>perspecta,</span> <span class='ocrx_word' id='word_1_235' title='bbox 786 2875 1087 2941; x_wconf 89' lang='lat' dir='ltr'>quicumque</span> <span class='ocrx_word' id='word_1_236' title='bbox 1112 2874 1387 2937; x_wconf 81' lang='lat' dir='ltr'>(Norisius,</span> <span class='ocrx_word' id='word_1_237' title='bbox 1413 2871 1708 2936; x_wconf 89' lang='lat' dir='ltr'>Davanzati,</span> <span class='ocrx_word' id='word_1_238' title='bbox 1735 2869 2015 2934; x_wconf 83' lang='lat' dir='ltr'>ErnestiuS,</span> 
     </span>
     <span class='ocr_line' id='line_1_30' title="bbox 185 2964 2017 3032; baseline -0.005 -12"><span class='ocrx_word' id='word_1_239' title='bbox 185 2968 299 3032; x_wconf 84' lang='lat' dir='ltr'>alii)</span> <span class='ocrx_word' id='word_1_240' title='bbox 338 2967 401 3019; x_wconf 91' lang='lat' dir='ltr'>de</span> <span class='ocrx_word' id='word_1_241' title='bbox 441 2966 620 3018; x_wconf 91' lang='lat' dir='ltr'>codice</span> <span class='ocrx_word' id='word_1_242' title='bbox 660 2982 724 3017; x_wconf 85' lang='lat' dir='ltr'>ex</span> <span class='ocrx_word' id='word_1_243' title='bbox 762 2966 1074 3017; x_wconf 89' lang='lat' dir='ltr'>monasterio</span> <span class='ocrx_word' id='word_1_244' title='bbox 1101 2964 1402 3017; x_wconf 88' lang='lat' dir='ltr'>Corbeiensi</span> <span class='ocrx_word' id='word_1_245' title='bbox 1430 2965 1640 3016; x_wconf 89' lang='lat' dir='ltr'>Romam</span> <span class='ocrx_word' id='word_1_246' title='bbox 1676 2965 2017 3028; x_wconf 87' lang='lat' dir='ltr'>transportato</span> 
     </span>
     <span class='ocr_line' id='line_1_31' title="bbox 184 3052 2019 3126; baseline -0.004 -16"><span class='ocrx_word' id='word_1_247' title='bbox 184 3064 434 3126; x_wconf 89' lang='lat' dir='ltr'>tamquam</span> <span class='ocrx_word' id='word_1_248' title='bbox 488 3057 552 3110; x_wconf 93' lang='lat' dir='ltr'>de</span> <span class='ocrx_word' id='word_1_249' title='bbox 603 3073 661 3110; x_wconf 89' lang='lat' dir='ltr'>re</span> <span class='ocrx_word' id='word_1_250' title='bbox 721 3062 858 3109; x_wconf 86' lang='lat' dir='ltr'>certa</span> <span class='ocrx_word' id='word_1_251' title='bbox 912 3063 961 3110; x_wconf 93' lang='lat' dir='ltr'>et</span> <span class='ocrx_word' id='word_1_252' title='bbox 1009 3057 1061 3108; x_wconf 91' lang='lat' dir='ltr'>in</span> <span class='ocrx_word' id='word_1_253' title='bbox 1109 3057 1244 3108; x_wconf 87' lang='lat' dir='ltr'>facto</span> <span class='ocrx_word' id='word_1_254' title='bbox 1292 3056 1456 3122; x_wconf 89' lang='lat' dir='ltr'>posita</span> <span class='ocrx_word' id='word_1_255' title='bbox 1502 3055 1824 3121; x_wconf 89' lang='lat' dir='ltr'>loquuntur¹.</span> <span class='ocrx_word' id='word_1_256' title='bbox 1896 3052 2019 3104; x_wconf 91' lang='lat' dir='ltr'>Mihi</span> 
     </span>
    </p>
   </div>
   <div class='ocr_carea' id='block_1_3' title="bbox 186 3201 2022 3676">
    <p class='ocr_par' dir='ltr' id='par_1_3' title="bbox 186 3201 2022 3676">
     <span class='ocr_line' id='line_1_32' title="bbox 280 3201 1520 3261; baseline -0.002 -14"><span class='ocrx_word' id='word_1_257' title='bbox 280 3206 317 3247; x_wconf 93' lang='lat'>1.</span> <span class='ocrx_word' id='word_1_258' title='bbox 370 3204 608 3247; x_wconf 85' lang='lat' dir='ltr'>Rhenanus</span> <span class='ocrx_word' id='word_1_259' title='bbox 641 3210 684 3247; x_wconf 90' lang='lat' dir='ltr'>et</span> <span class='ocrx_word' id='word_1_260' title='bbox 718 3205 888 3260; x_wconf 85' lang='lat' dir='ltr'>Lipsius</span> <span class='ocrx_word' id='word_1_261' title='bbox 922 3217 1062 3261; x_wconf 84' lang='lat' dir='ltr'>quae-</span> <span class='ocrx_word' id='word_1_262' title='bbox 1146 3203 1327 3247; x_wconf 86' lang='lat' dir='ltr'>Paberb.</span> <span class='ocrx_word' id='word_1_263' title='bbox 1362 3216 1403 3258; x_wconf 93' lang='lat' dir='ltr'>p.</span> <span class='ocrx_word' id='word_1_264' title='bbox 1437 3201 1520 3245; x_wconf 86' lang='lat'>69:</span> 
     </span>
     <span class='ocr_line' id='line_1_33' title="bbox 186 3264 1060 3321; baseline -0.001 -15"><span class='ocrx_word' id='word_1_265' title='bbox 186 3270 347 3307; x_wconf 85' lang='lat' dir='ltr'>storem</span> <span class='ocrx_word' id='word_1_266' title='bbox 390 3277 514 3305; x_wconf 88' lang='lat' dir='ltr'>suum</span> <span class='ocrx_word' id='word_1_267' title='bbox 548 3264 822 3321; x_wconf 84' lang='lat' dir='ltr'>significasse</span> <span class='ocrx_word' id='word_1_268' title='bbox 865 3265 1060 3306; x_wconf 87' lang='lat' dir='ltr'>contenti</span> 
     </span>
     <span class='ocr_line' id='line_1_34' title="bbox 187 3324 1062 3380; baseline -0.002 -14"><span class='ocrx_word' id='word_1_269' title='bbox 187 3337 346 3366; x_wconf 85' lang='lat' dir='ltr'>nomen</span> <span class='ocrx_word' id='word_1_270' title='bbox 388 3325 482 3366; x_wconf 88' lang='lat' dir='ltr'>eius</span> <span class='ocrx_word' id='word_1_271' title='bbox 525 3337 612 3365; x_wconf 90' lang='lat' dir='ltr'>non</span> <span class='ocrx_word' id='word_1_272' title='bbox 652 3330 908 3380; x_wconf 85' lang='lat' dir='ltr'>posuerunt.</span> <span class='ocrx_word' id='word_1_273' title='bbox 971 3324 1062 3366; x_wconf 88' lang='lat' dir='ltr'>Ar-</span> 
     </span>
     <span class='ocr_line' id='line_1_35' title="bbox 189 3382 1062 3438; baseline -0.001 -14"><span class='ocrx_word' id='word_1_274' title='bbox 189 3383 445 3424; x_wconf 85' lang='lat' dir='ltr'>cemboldum</span> <span class='ocrx_word' id='word_1_275' title='bbox 484 3385 646 3438; x_wconf 87' lang='lat' dir='ltr'>primus</span> <span class='ocrx_word' id='word_1_276' title='bbox 692 3385 934 3426; x_wconf 84' lang='lat' dir='ltr'>nominavit</span> <span class='ocrx_word' id='word_1_277' title='bbox 977 3382 1062 3424; x_wconf 84' lang='lat' dir='ltr'>Er·-</span> 
     </span>
     <span class='ocr_line' id='line_1_36' title="bbox 189 3443 1063 3497; baseline 0.001 -14"><span class='ocrx_word' id='word_1_278' title='bbox 189 3443 380 3494; x_wconf 87' lang='lat' dir='ltr'>nestius,</span> <span class='ocrx_word' id='word_1_279' title='bbox 415 3443 458 3482; x_wconf 89' lang='lat' dir='ltr'>in</span> <span class='ocrx_word' id='word_1_280' title='bbox 493 3444 649 3483; x_wconf 86' lang='lat' dir='ltr'>ceteris</span> <span class='ocrx_word' id='word_1_281' title='bbox 683 3444 875 3497; x_wconf 88' lang='lat' dir='ltr'>Lipsium</span> <span class='ocrx_word' id='word_1_282' title='bbox 908 3455 1063 3484; x_wconf 85' lang='lat' dir='ltr'>secure</span> 
     </span>
     <span class='ocr_line' id='line_1_37' title="bbox 191 3494 2021 3555; baseline -0.005 -11"><span class='ocrx_word' id='word_1_283' title='bbox 191 3507 382 3544; x_wconf 89' lang='lat' dir='ltr'>secutus.</span> <span class='ocrx_word' id='word_1_284' title='bbox 445 3500 636 3555; x_wconf 86' lang='lat' dir='ltr'>Lipsium</span> <span class='ocrx_word' id='word_1_285' title='bbox 678 3509 900 3544; x_wconf 82' lang='lat' dir='ltr'>auctorem</span> <span class='ocrx_word' id='word_1_286' title='bbox 936 3504 1065 3544; x_wconf 88' lang='lat' dir='ltr'>etiam</span> <span class='ocrx_word' id='word_1_287' title='bbox 1210 3497 1267 3540; x_wconf 75' lang='lat' dir='ltr'>Ni</span> <span class='ocrx_word' id='word_1_288' title='bbox 1307 3497 1412 3539; x_wconf 77' lang='lat' dir='ltr'>mihi</span> <span class='ocrx_word' id='word_1_289' title='bbox 1453 3510 1579 3552; x_wconf 85' lang='lat' dir='ltr'>quam</span> <span class='ocrx_word' id='word_1_290' title='bbox 1626 3495 1793 3537; x_wconf 77' lang='lat' dir='ltr'>Tacitus</span> <span class='ocrx_word' id='word_1_291' title='bbox 1835 3494 2021 3548; x_wconf 78' lang='lat' dir='ltr'>scriptor</span> 
     </span>
     <span class='ocr_line' id='line_1_38' title="bbox 191 3551 2022 3616; baseline -0.005 -12"><span class='ocrx_word' id='word_1_292' title='bbox 191 3560 561 3616; x_wconf 82' lang='lat' dir='ltr'>Fiirstenbergius</span> <span class='ocrx_word' id='word_1_293' title='bbox 592 3563 814 3615; x_wconf 86' lang='lat' dir='ltr'>respexit,</span> <span class='ocrx_word' id='word_1_294' title='bbox 856 3574 952 3602; x_wconf 90' lang='lat' dir='ltr'>cum</span> <span class='ocrx_word' id='word_1_295' title='bbox 987 3574 1064 3603; x_wconf 87' lang='lat' dir='ltr'>ee-</span> <span class='ocrx_word' id='word_1_296' title='bbox 1317 3557 1430 3599; x_wconf 79' lang='lat' dir='ltr'>dedit</span> <span class='ocrx_word' id='word_1_297' title='bbox 1479 3554 1682 3610; x_wconf 74' lang='lat' dir='ltr'>inclytus,</span> <span class='ocrx_word' id='word_1_298' title='bbox 1736 3551 1803 3594; x_wconf 74' lang='lat' dir='ltr'><strong><em>illi</em></strong></span> <span class='ocrx_word' id='word_1_299' title='bbox 1835 3551 2022 3594; x_wconf 80' lang='lat' dir='ltr'>Reddita</span> 
     </span>
     <span class='ocr_line' id='line_1_39' title="bbox 194 3610 1973 3676; baseline -0.006 -11"><span class='ocrx_word' id='word_1_300' title='bbox 194 3621 303 3665; x_wconf 87' lang='lat' dir='ltr'>cinit</span> <span class='ocrx_word' id='word_1_301' title='bbox 351 3618 406 3663; x_wconf 90' lang='lat' dir='ltr'>de</span> <span class='ocrx_word' id='word_1_302' title='bbox 452 3620 629 3676; x_wconf 83' lang='lat' dir='ltr'>Visurgi</span> <span class='ocrx_word' id='word_1_303' title='bbox 681 3621 725 3661; x_wconf 88' lang='lat' dir='ltr'>in</span> <span class='ocrx_word' id='word_1_304' title='bbox 772 3619 1066 3663; x_wconf 84' lang='lat' dir='ltr'>Monumentis</span> <span class='ocrx_word' id='word_1_305' title='bbox 1317 3614 1526 3659; x_wconf 78' lang='lat' dir='ltr'>Corbeiae</span> <span class='ocrx_word' id='word_1_306' title='bbox 1555 3622 1730 3656; x_wconf 74' lang='lat' dir='ltr'>munere</span> <span class='ocrx_word' id='word_1_307' title='bbox 1756 3610 1846 3654; x_wconf 80' lang='lat' dir='ltr'>vita</span> <span class='ocrx_word' id='word_1_308' title='bbox 1876 3611 1973 3667; x_wconf 78' lang='lat' dir='ltr'>suit.</span> 
     </span>
    </p>
   </div>
   <div class='ocr_carea' id='block_1_4' title="bbox 1205 3292 2021 3457">
    <p class='ocr_par' dir='ltr' id='par_1_4' title="bbox 1205 3292 2021 3457">
     <span class='ocr_line' id='line_1_40' title="bbox 1205 3292 2018 3346; baseline -0.009 -12"><span class='ocrx_word' id='word_1_309' title='bbox 1205 3292 1288 3335; x_wconf 87' lang='lat' dir='ltr'>Sed</span> <span class='ocrx_word' id='word_1_310' title='bbox 1311 3296 1438 3345; x_wconf 84' lang='lat' dir='ltr'>quota</span> <span class='ocrx_word' id='word_1_311' title='bbox 1458 3303 1565 3346; x_wconf 82' lang='lat' dir='ltr'>pars</span> <span class='ocrx_word' id='word_1_312' title='bbox 1601 3302 1747 3330; x_wconf 83' lang='lat' dir='ltr'>rerum</span> <span class='ocrx_word' id='word_1_313' title='bbox 1778 3293 2018 3344; x_wconf 82' lang='lat' dir='ltr'>superaret,</span> 
     </span>
     <span class='ocr_line' id='line_1_41' title="bbox 1313 3347 2021 3402; baseline -0.007 -11"><span class='ocrx_word' id='word_1_314' title='bbox 1313 3351 1466 3400; x_wconf 76' lang='lat' dir='ltr'>Roma,</span> <span class='ocrx_word' id='word_1_315' title='bbox 1499 3356 1684 3400; x_wconf 83' lang='lat' dir='ltr'>tuarum,</span> <span class='ocrx_word' id='word_1_316' title='bbox 1715 3348 1802 3390; x_wconf 78' lang='lat' dir='ltr'>Aut</span> <span class='ocrx_word' id='word_1_317' title='bbox 1827 3347 2021 3402; x_wconf 78' lang='lat' dir='ltr'>quisnam</span> 
     </span>
     <span class='ocr_line' id='line_1_42' title="bbox 1313 3405 2019 3457; baseline -0.006 -7"><span class='ocrx_word' id='word_1_318' title='bbox 1313 3409 1504 3451; x_wconf 79' lang='lat' dir='ltr'>Arminii</span> <span class='ocrx_word' id='word_1_319' title='bbox 1532 3414 1728 3450; x_wconf 80' lang='lat' dir='ltr'>nosceret</span> <span class='ocrx_word' id='word_1_320' title='bbox 1768 3419 1893 3448; x_wconf 80' lang='lat' dir='ltr'>arma</span> <span class='ocrx_word' id='word_1_321' title='bbox 1922 3405 2019 3457; x_wconf 83' lang='lat' dir='ltr'>mei,</span> 
     </span>
    </p>
   </div>
  </div>
 </body>
</html>
