<?xml version="1.0" encoding="UTF-8"?>
<!DOCTYPE html PUBLIC "-//W3C//DTD XHTML 1.0 Transitional//EN"
    "http://www.w3.org/TR/xhtml1/DTD/xhtml1-transitional.dtd">
<html xmlns="http://www.w3.org/1999/xhtml" xml:lang="en" lang="en">
 <head>
  <title>
</title>
<meta http-equiv="Content-Type" content="text/html;charset=utf-8" />
  <meta name='ocr-system' content='tesseract 3.04.00' />
  <meta name='ocr-capabilities' content='ocr_page ocr_carea ocr_par ocr_line ocrx_word'/>
</head>
<body>
  <div class='ocr_page' id='page_1' title='image "./operaadcodicesan01taciuoft_0666.png"; bbox 0 0 2280 4004; ppageno 0'>
   <div class='ocr_carea' id='block_1_1' title="bbox 1017 284 1375 345">
    <p class='ocr_par' dir='ltr' id='par_1_1' title="bbox 1017 284 1375 345">
     <span class='ocr_line' id='line_1_1' title="bbox 1017 284 1375 345; baseline -0.003 -14"><span class='ocrx_word' id='word_1_1' title='bbox 1017 284 1309 345; x_wconf 72' lang='lat' dir='ltr'>ANNAmvu</span> <span class='ocrx_word' id='word_1_2' title='bbox 1372 304 1375 309; x_wconf 60' lang='lat'>&lt;</span> 
     </span>
    </p>
   </div>
   <div class='ocr_carea' id='block_1_2' title="bbox 259 287 2091 353">
    <p class='ocr_par' dir='ltr' id='par_1_2' title="bbox 259 287 2091 353">
     <span class='ocr_line' id='line_1_2' title="bbox 259 287 2091 353; baseline 0.002 -12"><span class='ocrx_word' id='word_1_3' title='bbox 259 291 348 353; x_wconf 63' lang='lat'>316</span> <span class='ocrx_word' id='word_1_4' title='bbox 1836 296 1954 344; x_wconf 62' lang='lat' dir='ltr'>mr,</span> <span class='ocrx_word' id='word_1_5' title='bbox 1983 287 2091 345; x_wconf 62' lang='lat'>814„</span> 
     </span>
    </p>
   </div>
   <div class='ocr_carea' id='block_1_3' title="bbox 201 427 2182 1597">
    <p class='ocr_par' dir='ltr' id='par_1_3' title="bbox 201 427 2182 1597">
     <span class='ocr_line' id='line_1_3' title="bbox 259 427 2141 502; baseline 0.001 -17"><span class='ocrx_word' id='word_1_6' title='bbox 259 430 551 486; x_wconf 89' lang='lat' dir='ltr'>Marcellum</span> <span class='ocrx_word' id='word_1_7' title='bbox 585 429 831 482; x_wconf 87' lang='lat' dir='ltr'>memoria</span> <span class='ocrx_word' id='word_1_8' title='bbox 866 427 1114 480; x_wconf 91' lang='lat' dir='ltr'>maiorum</span> <span class='ocrx_word' id='word_1_9' title='bbox 1151 433 1200 480; x_wconf 90' lang='lat' dir='ltr'>et</span> <span class='ocrx_word' id='word_1_10' title='bbox 1234 443 1415 495; x_wconf 83' lang='lat' dir='ltr'><strong>preces</strong></span> <span class='ocrx_word' id='word_1_11' title='bbox 1442 427 1677 482; x_wconf 83' lang='lat' dir='ltr'><strong>Caesaris</strong></span> <span class='ocrx_word' id='word_1_12' title='bbox 1706 441 1904 496; x_wconf 85' lang='lat' dir='ltr'>poenae</span> <span class='ocrx_word' id='word_1_13' title='bbox 1927 430 2092 502; x_wconf 76' lang='lat' dir='ltr'>magis</span> <span class='ocrx_word' id='word_1_14' title='bbox 2137 482 2141 487; x_wconf 88' lang='grc'><em>,</em></span> 
     </span>
     <span class='ocr_line' id='line_1_4' title="bbox 259 502 2175 590; baseline 0 -16"><span class='ocrx_word' id='word_1_15' title='bbox 259 538 410 590; x_wconf 87' lang='lat' dir='ltr'>quam</span> <span class='ocrx_word' id='word_1_16' title='bbox 445 519 683 572; x_wconf 82' lang='lat' dir='ltr'>infamiae</span> <span class='ocrx_word' id='word_1_17' title='bbox 724 534 976 571; x_wconf 86' lang='lat' dir='ltr'>exemere.</span> <span class='ocrx_word' id='word_1_18' title='bbox 1051 519 1268 571; x_wconf 82' lang='lat' dir='ltr'>Perculit</span> <span class='ocrx_word' id='word_1_19' title='bbox 1305 519 1349 571; x_wconf 92' lang='lat' dir='ltr'>is</span> <span class='ocrx_word' id='word_1_20' title='bbox 1389 520 1497 572; x_wconf 90' lang='lat' dir='ltr'>dies</span> <span class='ocrx_word' id='word_1_21' title='bbox 1549 502 1837 587; x_wconf 82' lang='lat' dir='ltr'>Pompeium</span> <span class='ocrx_word' id='word_1_22' title='bbox 1893 505 2175 590; x_wconf 78' lang='lat' dir='ltr'>quoque41</span> 
     </span>
     <span class='ocr_line' id='line_1_5' title="bbox 260 600 2117 680; baseline 0.001 -15"><span class='ocrx_word' id='word_1_23' title='bbox 260 613 547 676; x_wconf 83' lang='lat' dir='ltr'>Aelianum,</span> <span class='ocrx_word' id='word_1_24' title='bbox 587 611 822 662; x_wconf 89' lang='lat' dir='ltr'>iuvenem</span> <span class='ocrx_word' id='word_1_25' title='bbox 861 611 1225 677; x_wconf 84' lang='lat' dir='ltr'>quaestorium,</span> <span class='ocrx_word' id='word_1_26' title='bbox 1267 616 1519 678; x_wconf 80' lang='lat' dir='ltr'>tamquam</span> <span class='ocrx_word' id='word_1_27' title='bbox 1556 612 1863 680; x_wconf 86' lang='lat' dir='ltr'>flagitiorum</span> <span class='ocrx_word' id='word_1_28' title='bbox 1885 600 2117 677; x_wconf 26' lang='lat' dir='ltr'>Fabiani,</span> 
     </span>
     <span class='ocr_line' id='line_1_6' title="bbox 260 701 2098 772; baseline 0.002 -18"><span class='ocrx_word' id='word_1_29' title='bbox 260 717 504 772; x_wconf 82' lang='lat' dir='ltr'>gnarum3</span> <span class='ocrx_word' id='word_1_30' title='bbox 542 701 692 769; x_wconf 91' lang='lat' dir='ltr'>eique</span> <span class='ocrx_word' id='word_1_31' title='bbox 732 701 872 754; x_wconf 89' lang='lat' dir='ltr'>Italia</span> <span class='ocrx_word' id='word_1_32' title='bbox 912 706 962 753; x_wconf 88' lang='lat' dir='ltr'>et</span> <span class='ocrx_word' id='word_1_33' title='bbox 997 702 1266 770; x_wconf 82' lang='lat' dir='ltr'>Hispania,</span> <span class='ocrx_word' id='word_1_34' title='bbox 1307 702 1359 754; x_wconf 91' lang='lat' dir='ltr'>in</span> <span class='ocrx_word' id='word_1_35' title='bbox 1399 717 1496 769; x_wconf 87' lang='lat' dir='ltr'>qua</span> <span class='ocrx_word' id='word_1_36' title='bbox 1538 708 1678 756; x_wconf 87' lang='lat' dir='ltr'>ortus</span> <span class='ocrx_word' id='word_1_37' title='bbox 1718 709 1844 771; x_wconf 87' lang='lat' dir='ltr'>erat,</span> <span class='ocrx_word' id='word_1_38' title='bbox 1879 704 2098 769; x_wconf 54' lang='lat' dir='ltr'>intendi-f</span> 
     </span>
     <span class='ocr_line' id='line_1_7' title="bbox 222 774 2095 864; baseline 0.002 -17"><span class='ocrx_word' id='word_1_39' title='bbox 222 799 395 848; x_wconf 80' lang='lat' dir='ltr'>sctum</span> <span class='ocrx_word' id='word_1_40' title='bbox 432 798 525 846; x_wconf 86' lang='lat' dir='ltr'>est.</span> <span class='ocrx_word' id='word_1_41' title='bbox 599 791 712 845; x_wconf 89' lang='lat' dir='ltr'>Pari</span> <span class='ocrx_word' id='word_1_42' title='bbox 765 792 1047 861; x_wconf 84' lang='lat' dir='ltr'>ignominia</span> <span class='ocrx_word' id='word_1_43' title='bbox 1084 774 1316 846; x_wconf 64' lang='lat' dir='ltr'>Valerius</span> <span class='ocrx_word' id='word_1_44' title='bbox 1354 793 1591 846; x_wconf 89' lang='lat' dir='ltr'>Ponticus</span> <span class='ocrx_word' id='word_1_45' title='bbox 1643 795 1902 863; x_wconf 76' lang='lat' dir='ltr'>adficitur,</span> <span class='ocrx_word' id='word_1_46' title='bbox 1942 796 2095 864; x_wconf 69' lang='lat' dir='ltr'>⁴quod</span> 
     </span>
     <span class='ocr_line' id='line_1_8' title="bbox 257 866 2099 954; baseline 0.003 -16"><span class='ocrx_word' id='word_1_47' title='bbox 257 899 412 950; x_wconf 82' lang='lat' dir='ltr'>reOS‚</span> <span class='ocrx_word' id='word_1_48' title='bbox 467 899 533 936; x_wconf 91' lang='lat' dir='ltr'>ne</span> <span class='ocrx_word' id='word_1_49' title='bbox 573 884 704 951; x_wconf 90' lang='lat' dir='ltr'>apud</span> <span class='ocrx_word' id='word_1_50' title='bbox 742 885 1052 951; x_wconf 86' lang='lat' dir='ltr'>praefectum</span> <span class='ocrx_word' id='word_1_51' title='bbox 1084 884 1226 937; x_wconf 86' lang='lat' dir='ltr'>urbis</span> <span class='ocrx_word' id='word_1_52' title='bbox 1279 890 1639 952; x_wconf 85' lang='lat' dir='ltr'>arguerentur,</span> <span class='ocrx_word' id='word_1_53' title='bbox 1672 886 1760 939; x_wconf 20' lang='lat' dir='ltr'>*ad</span> <span class='ocrx_word' id='word_1_54' title='bbox 1807 866 2099 954; x_wconf 75' lang='lat' dir='ltr'>praetorem</span> 
     </span>
     <span class='ocr_line' id='line_1_9' title="bbox 262 974 2097 1045; baseline 0.002 -17"><span class='ocrx_word' id='word_1_55' title='bbox 262 975 542 1042; x_wconf 88' lang='lat' dir='ltr'>detulisset,</span> <span class='ocrx_word' id='word_1_56' title='bbox 584 974 784 1028; x_wconf 87' lang='lat' dir='ltr'>interim</span> <span class='ocrx_word' id='word_1_57' title='bbox 819 975 993 1042; x_wconf 89' lang='lat' dir='ltr'>specie</span> <span class='ocrx_word' id='word_1_58' title='bbox 1029 975 1215 1045; x_wconf 86' lang='lat' dir='ltr'>legum,</span> <span class='ocrx_word' id='word_1_59' title='bbox 1252 991 1371 1028; x_wconf 88' lang='lat' dir='ltr'>mox</span> <span class='ocrx_word' id='word_1_60' title='bbox 1411 977 1816 1044; x_wconf 85' lang='lat' dir='ltr'>praevaricando</span> <span class='ocrx_word' id='word_1_61' title='bbox 1852 979 2097 1042; x_wconf 83' lang='lat' dir='ltr'>ultionem</span> 
     </span>
     <span class='ocr_line' id='line_1_10' title="bbox 260 1066 2098 1136; baseline 0.002 -17"><span class='ocrx_word' id='word_1_62' title='bbox 260 1067 511 1119; x_wconf 90' lang='lat' dir='ltr'>elusurus.</span> <span class='ocrx_word' id='word_1_63' title='bbox 584 1066 804 1118; x_wconf 85' lang='lat' dir='ltr'>Additur</span> <span class='ocrx_word' id='word_1_64' title='bbox 840 1071 1046 1119; x_wconf 89' lang='lat' dir='ltr'>senatus</span> <span class='ocrx_word' id='word_1_65' title='bbox 1108 1068 1368 1134; x_wconf 88' lang='lat' dir='ltr'>consulto,</span> <span class='ocrx_word' id='word_1_66' title='bbox 1421 1068 1506 1135; x_wconf 88' lang='lat' dir='ltr'>qui</span> <span class='ocrx_word' id='word_1_67' title='bbox 1542 1068 1691 1120; x_wconf 91' lang='lat' dir='ltr'>talem</span> <span class='ocrx_word' id='word_1_68' title='bbox 1741 1083 2098 1136; x_wconf 35' lang='lat' dir='ltr'>operam-semq</span> 
     </span>
     <span class='ocr_line' id='line_1_11' title="bbox 260 1157 2095 1229; baseline 0.007 -22"><span class='ocrx_word' id='word_1_69' title='bbox 260 1157 494 1224; x_wconf 88' lang='lat' dir='ltr'>ptitasset</span> <span class='ocrx_word' id='word_1_70' title='bbox 532 1157 932 1224; x_wconf 88' lang='lat' dir='ltr'>vendidissetve,</span> <span class='ocrx_word' id='word_1_71' title='bbox 969 1158 1185 1225; x_wconf 90' lang='lat' dir='ltr'>perinde</span> <span class='ocrx_word' id='word_1_72' title='bbox 1224 1174 1389 1226; x_wconf 87' lang='lat' dir='ltr'>poena</span> <span class='ocrx_word' id='word_1_73' title='bbox 1425 1164 1685 1213; x_wconf 89' lang='lat' dir='ltr'>teneretur</span> <span class='ocrx_word' id='word_1_74' title='bbox 1718 1175 1780 1213; x_wconf 85' lang='lat' dir='ltr'>ac</span> <span class='ocrx_word' id='word_1_75' title='bbox 1813 1161 1858 1214; x_wconf 89' lang='lat' dir='ltr'>si</span> <span class='ocrx_word' id='word_1_76' title='bbox 1893 1161 2095 1229; x_wconf 82' lang='lat' dir='ltr'>publico</span> 
     </span>
     <span class='ocr_line' id='line_1_12' title="bbox 201 1248 2093 1315; baseline 0 -12"><span class='ocrx_word' id='word_1_77' title='bbox 201 1266 249 1303; x_wconf 78' lang='grc' dir='ltr'>ιο</span> <span class='ocrx_word' id='word_1_78' title='bbox 263 1248 455 1301; x_wconf 93' lang='lat' dir='ltr'>iudicio</span> <span class='ocrx_word' id='word_1_79' title='bbox 495 1248 778 1301; x_wconf 88' lang='lat' dir='ltr'>calumniae</span> <span class='ocrx_word' id='word_1_80' title='bbox 815 1250 1198 1303; x_wconf 87' lang='lat' dir='ltr'>condemnatus.</span> <span class='ocrx_word' id='word_1_81' title='bbox 2052 1271 2055 1274; x_wconf 91' lang='grc'><em>·</em></span> <span class='ocrx_word' id='word_1_82' title='bbox 2086 1305 2093 1315; x_wconf 62' lang='lat'>,</span> 
     </span>
     <span class='ocr_line' id='line_1_13' title="bbox 403 1340 2182 1408; baseline 0.005 -16"><span class='ocrx_word' id='word_1_83' title='bbox 403 1340 548 1392; x_wconf 90' lang='lat' dir='ltr'>Haud</span> <span class='ocrx_word' id='word_1_84' title='bbox 591 1340 744 1392; x_wconf 91' lang='lat' dir='ltr'>multo</span> <span class='ocrx_word' id='word_1_85' title='bbox 790 1346 907 1407; x_wconf 92' lang='lat' dir='ltr'>post</span> <span class='ocrx_word' id='word_1_86' title='bbox 955 1342 1267 1408; x_wconf 89' lang='lat' dir='ltr'>praefectum</span> <span class='ocrx_word' id='word_1_87' title='bbox 1309 1342 1449 1394; x_wconf 88' lang='lat' dir='ltr'>urbis</span> <span class='ocrx_word' id='word_1_88' title='bbox 1499 1341 1774 1395; x_wconf 89' lang='lat' dir='ltr'>Pedanium</span> <span class='ocrx_word' id='word_1_89' title='bbox 1809 1343 2096 1405; x_wconf 84' lang='lat' dir='ltr'>Secundum</span> <span class='ocrx_word' id='word_1_90' title='bbox 2113 1352 2182 1402; x_wconf 82' lang='grc'>42</span> 
     </span>
     <span class='ocr_line' id='line_1_14' title="bbox 262 1431 2101 1502; baseline 0 -15"><span class='ocrx_word' id='word_1_91' title='bbox 262 1446 441 1487; x_wconf 86' lang='lat' dir='ltr'>servus</span> <span class='ocrx_word' id='word_1_92' title='bbox 485 1431 643 1499; x_wconf 90' lang='lat' dir='ltr'>ipsius</span> <span class='ocrx_word' id='word_1_93' title='bbox 679 1432 964 1498; x_wconf 83' lang='lat' dir='ltr'>interfecit,</span> <span class='ocrx_word' id='word_1_94' title='bbox 1003 1448 1094 1485; x_wconf 92' lang='lat' dir='ltr'>seu</span> <span class='ocrx_word' id='word_1_95' title='bbox 1137 1438 1323 1502; x_wconf 86' lang='lat' dir='ltr'>negata</span> <span class='ocrx_word' id='word_1_96' title='bbox 1356 1434 1606 1500; x_wconf 88' lang='lat' dir='ltr'>libertate,</span> <span class='ocrx_word' id='word_1_97' title='bbox 1644 1434 1725 1486; x_wconf 90' lang='lat' dir='ltr'>cui</span> <span class='ocrx_word' id='word_1_98' title='bbox 1758 1434 1972 1502; x_wconf 86' lang='lat' dir='ltr'>pretium</span> <span class='ocrx_word' id='word_1_99' title='bbox 2005 1449 2101 1502; x_wconf 89' lang='lat' dir='ltr'>pe-</span> 
     </span>
     <span class='ocr_line' id='line_1_15' title="bbox 260 1523 2099 1597; baseline 0.003 -24"><span class='ocrx_word' id='word_1_100' title='bbox 260 1523 477 1591; x_wconf 85' lang='lat' dir='ltr'>pigerat,</span> <span class='ocrx_word' id='word_1_101' title='bbox 516 1523 627 1576; x_wconf 89' lang='lat' dir='ltr'>sive</span> <span class='ocrx_word' id='word_1_102' title='bbox 665 1538 840 1576; x_wconf 88' lang='lat' dir='ltr'>amore</span> <span class='ocrx_word' id='word_1_103' title='bbox 876 1524 1064 1577; x_wconf 81' lang='lat' dir='ltr'>exoleti</span> <span class='ocrx_word' id='word_1_104' title='bbox 1099 1525 1329 1578; x_wconf 84' lang='lat' dir='ltr'>infensus</span> <span class='ocrx_word' id='word_1_105' title='bbox 1366 1531 1416 1578; x_wconf 91' lang='lat' dir='ltr'>et</span> <span class='ocrx_word' id='word_1_106' title='bbox 1436 1525 1693 1578; x_wconf 89' lang='lat' dir='ltr'>dominum</span> <span class='ocrx_word' id='word_1_107' title='bbox 1719 1525 1968 1597; x_wconf 87' lang='lat' dir='ltr'>aemulum</span> <span class='ocrx_word' id='word_1_108' title='bbox 1995 1541 2099 1589; x_wconf 81' lang='lat' dir='ltr'>non</span> 
     </span>
    </p>
   </div>
   <div class='ocr_carea' id='block_1_4' title="bbox 258 1674 2099 1917">
    <p class='ocr_par' dir='ltr' id='par_1_4' title="bbox 258 1674 2099 1917">
     <span class='ocr_line' id='line_1_16' title="bbox 368 1674 2099 1737; baseline 0.001 -15"><span class='ocrx_word' id='word_1_109' title='bbox 368 1681 407 1722; x_wconf 90' lang='lat'>1.</span> <span class='ocrx_word' id='word_1_110' title='bbox 442 1679 548 1737; x_wconf 63' lang='lat' dir='ltr'>sices</span> <span class='ocrx_word' id='word_1_111' title='bbox 578 1677 659 1721; x_wconf 75' lang='lat' dir='ltr'>Ma.</span> <span class='ocrx_word' id='word_1_112' title='bbox 746 1693 888 1736; x_wconf 81' lang='lat' dir='ltr'>penae</span> <span class='ocrx_word' id='word_1_113' title='bbox 919 1678 1000 1722; x_wconf 71' lang='lat' dir='ltr'>Ma.</span> <span class='ocrx_word' id='word_1_114' title='bbox 1093 1681 1136 1723; x_wconf 84' lang='lat'>3.</span> <span class='ocrx_word' id='word_1_115' title='bbox 1171 1686 1287 1735; x_wconf 88' lang='lat' dir='ltr'>tanq.</span> <span class='ocrx_word' id='word_1_116' title='bbox 1322 1679 1402 1723; x_wconf 72' lang='lat' dir='ltr'>Ma.</span> <span class='ocrx_word' id='word_1_117' title='bbox 1495 1682 1535 1724; x_wconf 87' lang='lat'>5.</span> <span class='ocrx_word' id='word_1_118' title='bbox 1571 1681 1647 1737; x_wconf 80' lang='lat' dir='ltr'>aff.</span> <span class='ocrx_word' id='word_1_119' title='bbox 1682 1679 1754 1723; x_wconf 89' lang='lat' dir='ltr'>Or.</span> <span class='ocrx_word' id='word_1_120' title='bbox 1843 1680 1888 1725; x_wconf 88' lang='lat'>8.</span> <span class='ocrx_word' id='word_1_121' title='bbox 1925 1674 2099 1729; x_wconf 74' lang='lat' dir='ltr'>senatus</span> 
     </span>
     <span class='ocr_line' id='line_1_17' title="bbox 261 1737 2098 1791; baseline 0.001 -9"><span class='ocrx_word' id='word_1_122' title='bbox 261 1740 452 1783; x_wconf 84' lang='lat' dir='ltr'>consulto</span> <span class='ocrx_word' id='word_1_123' title='bbox 485 1738 575 1791; x_wconf 67' lang='lat' dir='ltr'>Ma,</span> <span class='ocrx_word' id='word_1_124' title='bbox 611 1737 645 1780; x_wconf 93' lang='lat' dir='ltr'><strong>G</strong></span> <span class='ocrx_word' id='word_1_125' title='bbox 675 1739 860 1781; x_wconf 86' lang='lat' dir='ltr'>Senatus</span> <span class='ocrx_word' id='word_1_126' title='bbox 882 1739 974 1782; x_wconf 80' lang='lat' dir='ltr'><strong>.C..·</strong></span> <span class='ocrx_word' id='word_1_127' title='bbox 1007 1745 1183 1782; x_wconf 89' lang='lat' dir='ltr'>veteres</span> <span class='ocrx_word' id='word_1_128' title='bbox 1224 1740 1416 1782; x_wconf 86' lang='lat' dir='ltr'>editores</span> <span class='ocrx_word' id='word_1_129' title='bbox 1447 1747 1620 1783; x_wconf 83' lang='lat' dir='ltr'>senatus</span> <span class='ocrx_word' id='word_1_130' title='bbox 1653 1740 1888 1783; x_wconf 81' lang='lat' dir='ltr'>consultum</span> <span class='ocrx_word' id='word_1_131' title='bbox 1919 1746 2098 1784; x_wconf 81' lang='lat' dir='ltr'>auctore</span> 
     </span>
     <span class='ocr_line' id='line_1_18' title="bbox 258 1798 2096 1856; baseline 0 -14"><span class='ocrx_word' id='word_1_132' title='bbox 258 1799 515 1842; x_wconf 77' lang='lat' dir='ltr'>Puteolano,</span> <span class='ocrx_word' id='word_1_133' title='bbox 605 1798 647 1841; x_wconf 87' lang='lat'>9.</span> <span class='ocrx_word' id='word_1_134' title='bbox 676 1812 824 1855; x_wconf 85' lang='lat' dir='ltr'>paena</span> <span class='ocrx_word' id='word_1_135' title='bbox 854 1798 935 1842; x_wconf 69' lang='lat' dir='ltr'>Ma.</span> <span class='ocrx_word' id='word_1_136' title='bbox 1031 1806 1278 1842; x_wconf 87' lang='lat' dir='ltr'>tenerentur</span> <span class='ocrx_word' id='word_1_137' title='bbox 1310 1799 1389 1842; x_wconf 69' lang='lat' dir='ltr'>Ma.</span> <span class='ocrx_word' id='word_1_138' title='bbox 1483 1814 1538 1841; x_wconf 89' lang='lat' dir='ltr'>ac</span> <span class='ocrx_word' id='word_1_139' title='bbox 1569 1801 1626 1856; x_wconf 87' lang='lat' dir='ltr'>si]</span> <span class='ocrx_word' id='word_1_140' title='bbox 1660 1801 1706 1841; x_wconf 89' lang='lat' dir='ltr'>in</span> <span class='ocrx_word' id='word_1_141' title='bbox 1739 1798 1805 1842; x_wconf 69' lang='lat' dir='ltr'>Ma</span> <span class='ocrx_word' id='word_1_142' title='bbox 1833 1801 1872 1843; x_wconf 77' lang='lat' dir='ltr'>si</span> <span class='ocrx_word' id='word_1_143' title='bbox 1903 1800 2096 1843; x_wconf 83' lang='lat' dir='ltr'>additum</span> 
     </span>
     <span class='ocr_line' id='line_1_19' title="bbox 259 1857 1852 1917; baseline 0 -14"><span class='ocrx_word' id='word_1_144' title='bbox 259 1865 328 1903; x_wconf 83' lang='lat' dir='ltr'>est</span> <span class='ocrx_word' id='word_1_145' title='bbox 358 1859 411 1902; x_wconf 87' lang='lat' dir='ltr'>ab</span> <span class='ocrx_word' id='word_1_146' title='bbox 445 1858 595 1902; x_wconf 88' lang='lat' dir='ltr'>eadem</span> <span class='ocrx_word' id='word_1_147' title='bbox 627 1871 771 1901; x_wconf 85' lang='lat' dir='ltr'>manu.</span> <span class='ocrx_word' id='word_1_148' title='bbox 868 1859 937 1902; x_wconf 89' lang='lat' dir='ltr'>1o.</span> <span class='ocrx_word' id='word_1_149' title='bbox 972 1859 1290 1917; x_wconf 86' lang='lat' dir='ltr'>condemptatus</span> <span class='ocrx_word' id='word_1_150' title='bbox 1321 1858 1402 1901; x_wconf 67' lang='lat' dir='ltr'>Ma.</span> <span class='ocrx_word' id='word_1_151' title='bbox 1499 1862 1566 1904; x_wconf 86' lang='lat'>12.</span> <span class='ocrx_word' id='word_1_152' title='bbox 1600 1860 1740 1916; x_wconf 64' lang='lat' dir='ltr'>fitium</span> <span class='ocrx_word' id='word_1_153' title='bbox 1768 1857 1852 1903; x_wconf 66' lang='lat' dir='ltr'>Ma.</span> 
     </span>
    </p>
   </div>
   <div class='ocr_carea' id='block_1_5' title="bbox 256 2001 1140 3707">
    <p class='ocr_par' dir='ltr' id='par_1_5' title="bbox 256 2001 1140 2890">
     <span class='ocr_line' id='line_1_20' title="bbox 260 2001 1139 2059; baseline -0.001 -13"><span class='ocrx_word' id='word_1_154' title='bbox 260 2003 471 2058; x_wconf 87' lang='lat' dir='ltr'>temporis</span> <span class='ocrx_word' id='word_1_155' title='bbox 513 2014 700 2058; x_wconf 88' lang='lat' dir='ltr'>poenam</span> <span class='ocrx_word' id='word_1_156' title='bbox 742 2002 858 2059; x_wconf 85' lang='lat' dir='ltr'>legis</span> <span class='ocrx_word' id='word_1_157' title='bbox 902 2001 1139 2045; x_wconf 83' lang='lat' dir='ltr'>Corneliae</span> 
     </span>
     <span class='ocr_line' id='line_1_21' title="bbox 265 2062 1139 2119; baseline -0.002 -13"><span class='ocrx_word' id='word_1_158' title='bbox 265 2063 378 2106; x_wconf 86' lang='lat' dir='ltr'>hanc</span> <span class='ocrx_word' id='word_1_159' title='bbox 407 2062 586 2105; x_wconf 85' lang='lat' dir='ltr'>definit:</span> <span class='ocrx_word' id='word_1_160' title='bbox 620 2064 692 2118; x_wconf 81' lang='lat' dir='ltr'>qui</span> <span class='ocrx_word' id='word_1_161' title='bbox 723 2069 1017 2105; x_wconf 86' lang='lat' dir='ltr'>testamentum</span> <span class='ocrx_word' id='word_1_162' title='bbox 1046 2062 1139 2119; x_wconf 79' lang='lat' dir='ltr'>fal-</span> 
     </span>
     <span class='ocr_line' id='line_1_22' title="bbox 264 2122 1140 2179; baseline -0.001 -14"><span class='ocrx_word' id='word_1_163' title='bbox 264 2137 356 2165; x_wconf 87' lang='lat' dir='ltr'>sum</span> <span class='ocrx_word' id='word_1_164' title='bbox 376 2122 613 2179; x_wconf 82' lang='lat' dir='ltr'>scripserit,</span> <span class='ocrx_word' id='word_1_165' title='bbox 647 2123 912 2174; x_wconf 80' lang='lat' dir='ltr'>recitaverit,</span> <span class='ocrx_word' id='word_1_166' title='bbox 946 2122 1140 2165; x_wconf 86' lang='lat' dir='ltr'>subiece-</span> 
     </span>
     <span class='ocr_line' id='line_1_23' title="bbox 264 2181 1138 2238; baseline 0 -14"><span class='ocrx_word' id='word_1_167' title='bbox 264 2184 324 2224; x_wconf 85' lang='lat' dir='ltr'>rit</span> <span class='ocrx_word' id='word_1_168' title='bbox 364 2207 419 2215; x_wconf 91' lang='lat'>—-</span> <span class='ocrx_word' id='word_1_169' title='bbox 457 2195 602 2238; x_wconf 87' lang='lat' dir='ltr'>poena</span> <span class='ocrx_word' id='word_1_170' title='bbox 642 2182 747 2237; x_wconf 71' lang='lat' dir='ltr'>leqis</span> <span class='ocrx_word' id='word_1_171' title='bbox 803 2181 1034 2223; x_wconf 82' lang='lat' dir='ltr'>Corneliae</span> <span class='ocrx_word' id='word_1_172' title='bbox 1088 2182 1138 2224; x_wconf 76' lang='lat' dir='ltr'>cle</span> 
     </span>
     <span class='ocr_line' id='line_1_24' title="bbox 263 2240 1139 2298; baseline 0 -15"><span class='ocrx_word' id='word_1_173' title='bbox 263 2241 389 2298; x_wconf 80' lang='lat' dir='ltr'>salsis</span> <span class='ocrx_word' id='word_1_174' title='bbox 430 2247 620 2294; x_wconf 88' lang='lat' dir='ltr'>tenetur,</span> <span class='ocrx_word' id='word_1_175' title='bbox 670 2241 717 2283; x_wconf 87' lang='lat' dir='ltr'>id</span> <span class='ocrx_word' id='word_1_176' title='bbox 762 2247 823 2282; x_wconf 91' lang='lat' dir='ltr'>est</span> <span class='ocrx_word' id='word_1_177' title='bbox 866 2241 914 2281; x_wconf 89' lang='lat' dir='ltr'>in</span> <span class='ocrx_word' id='word_1_178' title='bbox 952 2240 1139 2283; x_wconf 87' lang='lat' dir='ltr'>insulam</span> 
     </span>
     <span class='ocr_line' id='line_1_25' title="bbox 265 2300 1137 2357; baseline -0.001 -14"><span class='ocrx_word' id='word_1_179' title='bbox 265 2302 529 2357; x_wconf 82' lang='lat' dir='ltr'>deportatur.</span> <span class='ocrx_word' id='word_1_180' title='bbox 563 2325 618 2333; x_wconf 88' lang='lat'>-—</span> <span class='ocrx_word' id='word_1_181' title='bbox 652 2300 713 2342; x_wconf 87' lang='lat' dir='ltr'>Et</span> <span class='ocrx_word' id='word_1_182' title='bbox 744 2300 1008 2342; x_wconf 80' lang='lat' dir='ltr'>honestiores</span> <span class='ocrx_word' id='word_1_183' title='bbox 1042 2302 1137 2355; x_wconf 85' lang='lat' dir='ltr'>qui-</span> 
     </span>
     <span class='ocr_line' id='line_1_26' title="bbox 265 2359 1139 2416; baseline -0.006 -14"><span class='ocrx_word' id='word_1_184' title='bbox 265 2361 360 2403; x_wconf 86' lang='lat' dir='ltr'>dem</span> <span class='ocrx_word' id='word_1_185' title='bbox 396 2360 444 2401; x_wconf 89' lang='lat' dir='ltr'>in</span> <span class='ocrx_word' id='word_1_186' title='bbox 486 2359 675 2402; x_wconf 86' lang='lat' dir='ltr'>insulam</span> <span class='ocrx_word' id='word_1_187' title='bbox 706 2360 1010 2416; x_wconf 80' lang='lat' dir='ltr'>deportantur,</span> <span class='ocrx_word' id='word_1_188' title='bbox 1053 2360 1139 2402; x_wconf 76' lang='lat' dir='ltr'>liu-</span> 
     </span>
     <span class='ocr_line' id='line_1_27' title="bbox 263 2418 1137 2462; baseline -0.001 0"><span class='ocrx_word' id='word_1_189' title='bbox 263 2419 455 2462; x_wconf 86' lang='lat' dir='ltr'>miliores</span> <span class='ocrx_word' id='word_1_190' title='bbox 506 2425 649 2461; x_wconf 87' lang='lat' dir='ltr'>autem</span> <span class='ocrx_word' id='word_1_191' title='bbox 693 2426 767 2461; x_wconf 88' lang='lat' dir='ltr'>aut</span> <span class='ocrx_word' id='word_1_192' title='bbox 817 2419 864 2460; x_wconf 89' lang='lat' dir='ltr'>in</span> <span class='ocrx_word' id='word_1_193' title='bbox 919 2418 1137 2461; x_wconf 80' lang='lat' dir='ltr'>metallum</span> 
     </span>
     <span class='ocr_line' id='line_1_28' title="bbox 266 2478 1135 2521; baseline 0 -1"><span class='ocrx_word' id='word_1_194' title='bbox 266 2479 530 2521; x_wconf 82' lang='lat' dir='ltr'>damnantur</span> <span class='ocrx_word' id='word_1_195' title='bbox 562 2485 636 2520; x_wconf 87' lang='lat' dir='ltr'>aut</span> <span class='ocrx_word' id='word_1_196' title='bbox 659 2479 706 2520; x_wconf 85' lang='lat' dir='ltr'>in</span> <span class='ocrx_word' id='word_1_197' title='bbox 726 2491 896 2521; x_wconf 87' lang='lat' dir='ltr'>crucem</span> <span class='ocrx_word' id='word_1_198' title='bbox 915 2478 1135 2520; x_wconf 82' lang='lat' dir='ltr'>tolluntur.</span> 
     </span>
     <span class='ocr_line' id='line_1_29' title="bbox 266 2536 1138 2593; baseline 0 -14"><span class='ocrx_word' id='word_1_199' title='bbox 266 2538 395 2580; x_wconf 88' lang='lat' dir='ltr'>Conf.</span> <span class='ocrx_word' id='word_1_200' title='bbox 428 2537 476 2580; x_wconf 89' lang='lat' dir='ltr'>L.</span> <span class='ocrx_word' id='word_1_201' title='bbox 512 2540 534 2580; x_wconf 91' lang='lat'>1</span> <span class='ocrx_word' id='word_1_202' title='bbox 567 2537 620 2580; x_wconf 92' lang='lat' dir='ltr'>D.</span> <span class='ocrx_word' id='word_1_203' title='bbox 663 2538 716 2580; x_wconf 89' lang='lat' dir='ltr'>de</span> <span class='ocrx_word' id='word_1_204' title='bbox 758 2537 861 2593; x_wconf 85' lang='lat' dir='ltr'>lege</span> <span class='ocrx_word' id='word_1_205' title='bbox 903 2536 1034 2580; x_wconf 87' lang='lat' dir='ltr'>Corn.</span> <span class='ocrx_word' id='word_1_206' title='bbox 1083 2537 1138 2579; x_wconf 89' lang='lat' dir='ltr'>de</span> 
     </span>
     <span class='ocr_line' id='line_1_30' title="bbox 264 2596 1139 2653; baseline -0.005 -13"><span class='ocrx_word' id='word_1_207' title='bbox 264 2598 364 2640; x_wconf 85' lang='lat' dir='ltr'>fals.</span> <span class='ocrx_word' id='word_1_208' title='bbox 402 2596 611 2651; x_wconf 85' lang='lat' dir='ltr'>(va111·</span> <span class='ocrx_word' id='word_1_209' title='bbox 637 2598 741 2653; x_wconf 86' lang='lat' dir='ltr'>1o):</span> <span class='ocrx_word' id='word_1_210' title='bbox 770 2610 914 2652; x_wconf 84' lang='lat' dir='ltr'>poena</span> <span class='ocrx_word' id='word_1_211' title='bbox 941 2596 1048 2652; x_wconf 82' lang='lat' dir='ltr'>falsi</span> <span class='ocrx_word' id='word_1_212' title='bbox 1070 2596 1139 2638; x_wconf 77' lang='lat' dir='ltr'>cel</span> 
     </span>
     <span class='ocr_line' id='line_1_31' title="bbox 266 2655 1138 2712; baseline -0.001 -14"><span class='ocrx_word' id='word_1_213' title='bbox 266 2656 390 2712; x_wconf 83' lang='lat' dir='ltr'>quasi</span> <span class='ocrx_word' id='word_1_214' title='bbox 416 2655 522 2711; x_wconf 79' lang='lat' dir='ltr'>falsi</span> <span class='ocrx_word' id='word_1_215' title='bbox 543 2656 781 2710; x_wconf 84' lang='lat' dir='ltr'>deportatio</span> <span class='ocrx_word' id='word_1_216' title='bbox 806 2662 866 2696; x_wconf 89' lang='lat' dir='ltr'>est</span> <span class='ocrx_word' id='word_1_217' title='bbox 889 2662 928 2696; x_wconf 89' lang='lat' dir='ltr'>et</span> <span class='ocrx_word' id='word_1_218' title='bbox 954 2657 1138 2697; x_wconf 89' lang='lat' dir='ltr'>omnium</span> 
     </span>
     <span class='ocr_line' id='line_1_32' title="bbox 263 2713 1138 2770; baseline 0.001 -14"><span class='ocrx_word' id='word_1_219' title='bbox 263 2715 470 2757; x_wconf 82' lang='lat' dir='ltr'>bonorum</span> <span class='ocrx_word' id='word_1_220' title='bbox 516 2713 774 2770; x_wconf 83' lang='lat' dir='ltr'>publicatio,</span> <span class='ocrx_word' id='word_1_221' title='bbox 823 2720 862 2755; x_wconf 92' lang='lat' dir='ltr'>et</span> <span class='ocrx_word' id='word_1_222' title='bbox 911 2715 950 2755; x_wconf 83' lang='lat' dir='ltr'>si</span> <span class='ocrx_word' id='word_1_223' title='bbox 992 2728 1138 2757; x_wconf 85' lang='lat' dir='ltr'>servus</span> 
     </span>
     <span class='ocr_line' id='line_1_33' title="bbox 264 2772 1136 2831; baseline 0 -15"><span class='ocrx_word' id='word_1_224' title='bbox 264 2788 412 2816; x_wconf 87' lang='lat' dir='ltr'>eorum</span> <span class='ocrx_word' id='word_1_225' title='bbox 443 2773 544 2829; x_wconf 84' lang='lat' dir='ltr'>quid</span> <span class='ocrx_word' id='word_1_226' title='bbox 573 2772 815 2826; x_wconf 80' lang='lat' dir='ltr'>admiserit,</span> <span class='ocrx_word' id='word_1_227' title='bbox 854 2772 1002 2816; x_wconf 85' lang='lat' dir='ltr'>ultimo</span> <span class='ocrx_word' id='word_1_228' title='bbox 1032 2788 1136 2831; x_wconf 82' lang='lat' dir='ltr'>sup-</span> 
     </span>
     <span class='ocr_line' id='line_1_34' title="bbox 256 2832 754 2890; baseline 0 -15"><span class='ocrx_word' id='word_1_229' title='bbox 256 2833 391 2890; x_wconf 83' lang='lat' dir='ltr'>plicio</span> <span class='ocrx_word' id='word_1_230' title='bbox 423 2833 545 2889; x_wconf 79' lang='lat' dir='ltr'>affici</span> <span class='ocrx_word' id='word_1_231' title='bbox 572 2832 754 2875; x_wconf 83' lang='lat' dir='ltr'>iubetur.</span> 
     </span>
    </p>

    <p class='ocr_par' dir='ltr' id='par_1_6' title="bbox 263 2890 1136 3656">
     <span class='ocr_line' id='line_1_35' title="bbox 365 2890 1136 2947; baseline 0.001 -14"><span class='ocrx_word' id='word_1_232' title='bbox 365 2891 471 2947; x_wconf 85' lang='lat' dir='ltr'>Gap.</span> <span class='ocrx_word' id='word_1_233' title='bbox 504 2890 577 2935; x_wconf 83' lang='lat'>41.</span> <span class='ocrx_word' id='word_1_234' title='bbox 642 2891 753 2946; x_wconf 86' lang='lat' dir='ltr'>quod</span> <span class='ocrx_word' id='word_1_235' title='bbox 794 2904 891 2933; x_wconf 86' lang='lat' dir='ltr'>reos</span> <span class='ocrx_word' id='word_1_236' title='bbox 923 2917 978 2924; x_wconf 92' lang='lat'>—</span> <span class='ocrx_word' id='word_1_237' title='bbox 1013 2892 1136 2934; x_wconf 86' lang='lat' dir='ltr'>detu-</span> 
     </span>
     <span class='ocr_line' id='line_1_36' title="bbox 264 2950 1135 3007; baseline 0.001 -15"><span class='ocrx_word' id='word_1_238' title='bbox 264 2951 407 2993; x_wconf 84' lang='lat' dir='ltr'>lisset:</span> <span class='ocrx_word' id='word_1_239' title='bbox 450 2951 524 3006; x_wconf 90' lang='lat' dir='ltr'>qui</span> <span class='ocrx_word' id='word_1_240' title='bbox 559 2951 626 2991; x_wconf 83' lang='lat' dir='ltr'>rei</span> <span class='ocrx_word' id='word_1_241' title='bbox 658 2951 892 2992; x_wconf 78' lang='lat' dir='ltr'>dicuntur?</span> <span class='ocrx_word' id='word_1_242' title='bbox 931 2950 1135 3007; x_wconf 81' lang='lat' dir='ltr'>intellige</span> 
     </span>
     <span class='ocr_line' id='line_1_37' title="bbox 264 3009 1134 3062; baseline -0.001 -11"><span class='ocrx_word' id='word_1_243' title='bbox 264 3012 421 3052; x_wconf 86' lang='lat' dir='ltr'>noxios</span> <span class='ocrx_word' id='word_1_244' title='bbox 454 3011 498 3051; x_wconf 91' lang='lat' dir='ltr'>in</span> <span class='ocrx_word' id='word_1_245' title='bbox 521 3022 651 3051; x_wconf 83' lang='lat' dir='ltr'>causa</span> <span class='ocrx_word' id='word_1_246' title='bbox 672 3010 851 3050; x_wconf 87' lang='lat' dir='ltr'>Domitii</span> <span class='ocrx_word' id='word_1_247' title='bbox 874 3009 999 3050; x_wconf 86' lang='lat' dir='ltr'>Balbi</span> <span class='ocrx_word' id='word_1_248' title='bbox 1018 3010 1134 3062; x_wconf 89' lang='lat' dir='ltr'>illos,</span> 
     </span>
     <span class='ocr_line' id='line_1_38' title="bbox 265 3068 1133 3126; baseline -0.002 -15"><span class='ocrx_word' id='word_1_249' title='bbox 265 3082 374 3126; x_wconf 86' lang='lat' dir='ltr'>quos</span> <span class='ocrx_word' id='word_1_250' title='bbox 416 3069 589 3111; x_wconf 86' lang='lat' dir='ltr'>Tacitus</span> <span class='ocrx_word' id='word_1_251' title='bbox 628 3069 806 3111; x_wconf 89' lang='lat' dir='ltr'>nomine</span> <span class='ocrx_word' id='word_1_252' title='bbox 845 3068 984 3110; x_wconf 85' lang='lat' dir='ltr'>minus</span> <span class='ocrx_word' id='word_1_253' title='bbox 1016 3069 1133 3110; x_wconf 89' lang='lat' dir='ltr'>inlu-</span> 
     </span>
     <span class='ocr_line' id='line_1_39' title="bbox 265 3126 1134 3185; baseline -0.005 -13"><span class='ocrx_word' id='word_1_254' title='bbox 265 3129 421 3172; x_wconf 84' lang='lat' dir='ltr'>stribus</span> <span class='ocrx_word' id='word_1_255' title='bbox 463 3126 745 3185; x_wconf 84' lang='lat' dir='ltr'>significavit.</span> <span class='ocrx_word' id='word_1_256' title='bbox 809 3128 863 3169; x_wconf 84' lang='lat' dir='ltr'>Hi</span> <span class='ocrx_word' id='word_1_257' title='bbox 909 3140 1005 3169; x_wconf 92' lang='lat' dir='ltr'>cum</span> <span class='ocrx_word' id='word_1_258' title='bbox 1056 3139 1134 3182; x_wconf 92' lang='lat' dir='ltr'>pro</span> 
     </span>
     <span class='ocr_line' id='line_1_40' title="bbox 265 3186 1132 3241; baseline -0.001 -12"><span class='ocrx_word' id='word_1_259' title='bbox 265 3201 386 3229; x_wconf 90' lang='lat' dir='ltr'>more</span> <span class='ocrx_word' id='word_1_260' title='bbox 418 3187 539 3229; x_wconf 87' lang='lat' dir='ltr'>illius</span> <span class='ocrx_word' id='word_1_261' title='bbox 579 3187 735 3229; x_wconf 88' lang='lat' dir='ltr'>aetatis</span> <span class='ocrx_word' id='word_1_262' title='bbox 778 3187 831 3229; x_wconf 88' lang='lat' dir='ltr'>ad</span> <span class='ocrx_word' id='word_1_263' title='bbox 862 3186 1132 3241; x_wconf 83' lang='lat' dir='ltr'>praefectum</span> 
     </span>
     <span class='ocr_line' id='line_1_41' title="bbox 263 3246 1134 3300; baseline -0.002 -12"><span class='ocrx_word' id='word_1_264' title='bbox 263 3249 384 3289; x_wconf 84' lang='lat' dir='ltr'>urbis</span> <span class='ocrx_word' id='word_1_265' title='bbox 407 3246 594 3289; x_wconf 90' lang='lat' dir='ltr'>ducendi</span> <span class='ocrx_word' id='word_1_266' title='bbox 618 3251 779 3300; x_wconf 80' lang='lat' dir='ltr'>essent,</span> <span class='ocrx_word' id='word_1_267' title='bbox 796 3246 999 3289; x_wconf 87' lang='lat' dir='ltr'>Valerius</span> <span class='ocrx_word' id='word_1_268' title='bbox 1017 3246 1134 3287; x_wconf 90' lang='lat' dir='ltr'>Pon-</span> 
     </span>
     <span class='ocr_line' id='line_1_42' title="bbox 264 3306 1134 3362; baseline -0.003 -14"><span class='ocrx_word' id='word_1_269' title='bbox 264 3309 377 3348; x_wconf 90' lang='lat' dir='ltr'>ticus</span> <span class='ocrx_word' id='word_1_270' title='bbox 425 3307 477 3347; x_wconf 89' lang='lat' dir='ltr'>ad</span> <span class='ocrx_word' id='word_1_271' title='bbox 525 3312 769 3360; x_wconf 84' lang='lat' dir='ltr'>praetorem</span> <span class='ocrx_word' id='word_1_272' title='bbox 815 3306 886 3362; x_wconf 92' lang='lat' dir='ltr'>qui</span> <span class='ocrx_word' id='word_1_273' title='bbox 922 3306 1134 3348; x_wconf 86' lang='lat' dir='ltr'>iudicaret</span> 
     </span>
     <span class='ocr_line' id='line_1_43' title="bbox 266 3364 1133 3420; baseline 0.001 -15"><span class='ocrx_word' id='word_1_274' title='bbox 266 3367 320 3407; x_wconf 88' lang='lat' dir='ltr'>de</span> <span class='ocrx_word' id='word_1_275' title='bbox 354 3365 465 3407; x_wconf 83' lang='lat' dir='ltr'>salso</span> <span class='ocrx_word' id='word_1_276' title='bbox 499 3365 656 3407; x_wconf 87' lang='lat' dir='ltr'>detulit</span> <span class='ocrx_word' id='word_1_277' title='bbox 689 3366 758 3407; x_wconf 91' lang='lat' dir='ltr'>vcl</span> <span class='ocrx_word' id='word_1_278' title='bbox 791 3366 935 3420; x_wconf 89' lang='lat' dir='ltr'>potius</span> <span class='ocrx_word' id='word_1_279' title='bbox 966 3365 1018 3406; x_wconf 88' lang='lat' dir='ltr'>ab</span> <span class='ocrx_word' id='word_1_280' title='bbox 1035 3364 1133 3407; x_wconf 88' lang='lat' dir='ltr'>aliis</span> 
     </span>
     <span class='ocr_line' id='line_1_44' title="bbox 265 3424 1132 3468; baseline 0 -2"><span class='ocrx_word' id='word_1_281' title='bbox 265 3424 528 3467; x_wconf 82' lang='lat' dir='ltr'>deserendos</span> <span class='ocrx_word' id='word_1_282' title='bbox 572 3426 754 3468; x_wconf 86' lang='lat' dir='ltr'>curavit.</span> <span class='ocrx_word' id='word_1_283' title='bbox 817 3424 882 3467; x_wconf 93' lang='lat' dir='ltr'>Eo</span> <span class='ocrx_word' id='word_1_284' title='bbox 923 3424 1132 3466; x_wconf 82' lang='lat' dir='ltr'>adductos</span> 
     </span>
     <span class='ocr_line' id='line_1_45' title="bbox 264 3485 1132 3526; baseline 0.001 -1"><span class='ocrx_word' id='word_1_285' title='bbox 264 3486 323 3525; x_wconf 87' lang='lat' dir='ltr'>ita</span> <span class='ocrx_word' id='word_1_286' title='bbox 365 3485 476 3525; x_wconf 86' lang='lat' dir='ltr'>tucri</span> <span class='ocrx_word' id='word_1_287' title='bbox 510 3490 691 3526; x_wconf 88' lang='lat' dir='ltr'>conatus</span> <span class='ocrx_word' id='word_1_288' title='bbox 735 3488 801 3526; x_wconf 84' lang='lat' dir='ltr'>est</span> <span class='ocrx_word' id='word_1_289' title='bbox 833 3489 879 3525; x_wconf 90' lang='lat' dir='ltr'>ut</span> <span class='ocrx_word' id='word_1_290' title='bbox 912 3496 999 3525; x_wconf 91' lang='lat' dir='ltr'>non</span> <span class='ocrx_word' id='word_1_291' title='bbox 1034 3496 1132 3526; x_wconf 88' lang='lat' dir='ltr'>esse</span> 
     </span>
     <span class='ocr_line' id='line_1_46' title="bbox 264 3542 1132 3597; baseline 0.001 -14"><span class='ocrx_word' id='word_1_292' title='bbox 264 3545 477 3597; x_wconf 87' lang='lat' dir='ltr'>praetoris</span> <span class='ocrx_word' id='word_1_293' title='bbox 512 3548 785 3592; x_wconf 85' lang='lat' dir='ltr'>asseveraret</span> <span class='ocrx_word' id='word_1_294' title='bbox 818 3543 871 3584; x_wconf 91' lang='lat' dir='ltr'>de</span> <span class='ocrx_word' id='word_1_295' title='bbox 896 3542 978 3584; x_wconf 87' lang='lat' dir='ltr'>hac</span> <span class='ocrx_word' id='word_1_296' title='bbox 1003 3556 1132 3585; x_wconf 90' lang='lat' dir='ltr'>causa</span> 
     </span>
     <span class='ocr_line' id='line_1_47' title="bbox 263 3602 1091 3656; baseline 0.005 -15"><span class='ocrx_word' id='word_1_297' title='bbox 263 3602 483 3644; x_wconf 87' lang='lat' dir='ltr'>iudicare..</span> <span class='ocrx_word' id='word_1_298' title='bbox 535 3603 625 3645; x_wconf 86' lang='lat' dir='ltr'>Hoc</span> <span class='ocrx_word' id='word_1_299' title='bbox 660 3610 751 3644; x_wconf 82' lang='lat' dir='ltr'>erat</span> <span class='ocrx_word' id='word_1_300' title='bbox 783 3604 1091 3656; x_wconf 80' lang='lat' dir='ltr'>praevaricari.</span> 
     </span>
    </p>

    <p class='ocr_par' dir='ltr' id='par_1_7' title="bbox 357 3662 1131 3707">
     <span class='ocr_line' id='line_1_48' title="bbox 357 3662 1131 3707; baseline 0.006 -6"><span class='ocrx_word' id='word_1_301' title='bbox 357 3662 528 3703; x_wconf 81' lang='lat' dir='ltr'>additur</span> <span class='ocrx_word' id='word_1_302' title='bbox 554 3669 724 3707; x_wconf 87' lang='lat' dir='ltr'>senatus</span> <span class='ocrx_word' id='word_1_303' title='bbox 749 3662 961 3706; x_wconf 81' lang='lat' dir='ltr'>consulto:</span> <span class='ocrx_word' id='word_1_304' title='bbox 996 3662 1131 3706; x_wconf 82' lang='lat' dir='ltr'>intel-</span> 
     </span>
    </p>
   </div>
   <div class='ocr_carea' id='block_1_6' title="bbox 1217 2002 2099 3711">
    <p class='ocr_par' dir='ltr' id='par_1_8' title="bbox 1217 2002 2099 3468">
     <span class='ocr_line' id='line_1_49' title="bbox 1227 2002 2099 2060; baseline 0.003 -15"><span class='ocrx_word' id='word_1_305' title='bbox 1227 2003 1373 2060; x_wconf 88' lang='lat' dir='ltr'>ligunt</span> <span class='ocrx_word' id='word_1_306' title='bbox 1423 2002 1675 2046; x_wconf 86' lang='lat' dir='ltr'>Waltherus</span> <span class='ocrx_word' id='word_1_307' title='bbox 1729 2008 1774 2045; x_wconf 88' lang='lat' dir='ltr'>et</span> <span class='ocrx_word' id='word_1_308' title='bbox 1817 2002 2007 2047; x_wconf 81' lang='lat' dir='ltr'>Orellius</span> <span class='ocrx_word' id='word_1_309' title='bbox 2054 2006 2099 2049; x_wconf 87' lang='lat' dir='ltr'>id</span> 
     </span>
     <span class='ocr_line' id='line_1_50' title="bbox 1228 2062 2095 2120; baseline 0.001 -15"><span class='ocrx_word' id='word_1_310' title='bbox 1228 2062 1320 2115; x_wconf 84' lang='lat' dir='ltr'>SC,</span> <span class='ocrx_word' id='word_1_311' title='bbox 1365 2075 1450 2120; x_wconf 92' lang='lat' dir='ltr'>quo</span> <span class='ocrx_word' id='word_1_312' title='bbox 1494 2062 1702 2105; x_wconf 89' lang='lat' dir='ltr'>Ponticus</span> <span class='ocrx_word' id='word_1_313' title='bbox 1745 2063 1971 2107; x_wconf 82' lang='lat' dir='ltr'>damnatus</span> <span class='ocrx_word' id='word_1_314' title='bbox 2003 2071 2095 2120; x_wconf 81' lang='lat' dir='ltr'>est3</span> 
     </span>
     <span class='ocr_line' id='line_1_51' title="bbox 1228 2122 2096 2179; baseline 0.003 -15"><span class='ocrx_word' id='word_1_315' title='bbox 1228 2122 1307 2164; x_wconf 85' lang='lat' dir='ltr'>sed</span> <span class='ocrx_word' id='word_1_316' title='bbox 1348 2135 1492 2177; x_wconf 88' lang='lat' dir='ltr'>poena</span> <span class='ocrx_word' id='word_1_317' title='bbox 1534 2124 1578 2164; x_wconf 90' lang='lat' dir='ltr'>in</span> <span class='ocrx_word' id='word_1_318' title='bbox 1625 2123 1807 2164; x_wconf 84' lang='lat' dir='ltr'>noxium·</span> <span class='ocrx_word' id='word_1_319' title='bbox 1845 2136 1871 2165; x_wconf 86' lang='lat' dir='ltr'>a</span> <span class='ocrx_word' id='word_1_320' title='bbox 1902 2124 2096 2179; x_wconf 80' lang='lat' dir='ltr'>patribus</span> 
     </span>
     <span class='ocr_line' id='line_1_52' title="bbox 1226 2181 2098 2227; baseline 0.005 -4"><span class='ocrx_word' id='word_1_321' title='bbox 1226 2187 1389 2223; x_wconf 81' lang='lat' dir='ltr'>statuta</span> <span class='ocrx_word' id='word_1_322' title='bbox 1421 2182 1639 2224; x_wconf 85' lang='lat' dir='ltr'>damna-tio</span> <span class='ocrx_word' id='word_1_323' title='bbox 1681 2188 1748 2224; x_wconf 85' lang='lat' dir='ltr'>est</span> <span class='ocrx_word' id='word_1_324' title='bbox 1779 2181 1851 2224; x_wconf 90' lang='lat' dir='ltr'>vel</span> <span class='ocrx_word' id='word_1_325' title='bbox 1883 2183 2098 2227; x_wconf 84' lang='lat' dir='ltr'>decretum</span> 
     </span>
     <span class='ocr_line' id='line_1_53' title="bbox 1227 2241 2093 2298; baseline 0.005 -15"><span class='ocrx_word' id='word_1_326' title='bbox 1227 2244 1294 2295; x_wconf 88' lang='lat' dir='ltr'>(v.</span> <span class='ocrx_word' id='word_1_327' title='bbox 1324 2241 1496 2298; x_wconf 84' lang='lat'>11151),</span> <span class='ocrx_word' id='word_1_328' title='bbox 1529 2254 1616 2284; x_wconf 90' lang='lat' dir='ltr'>non</span> <span class='ocrx_word' id='word_1_329' title='bbox 1648 2247 1822 2284; x_wconf 84' lang='lat' dir='ltr'>senatus</span> <span class='ocrx_word' id='word_1_330' title='bbox 1843 2243 2093 2288; x_wconf 78' lang='lat' dir='ltr'>consultum.</span> 
     </span>
     <span class='ocr_line' id='line_1_54' title="bbox 1224 2301 2095 2357; baseline 0.006 -15"><span class='ocrx_word' id='word_1_331' title='bbox 1224 2301 1408 2343; x_wconf 88' lang='lat' dir='ltr'>Accedit</span> <span class='ocrx_word' id='word_1_332' title='bbox 1439 2301 1585 2343; x_wconf 82' lang='lat' dir='ltr'>aliud:</span> <span class='ocrx_word' id='word_1_333' title='bbox 1620 2301 1737 2357; x_wconf 92' lang='lat' dir='ltr'>quod</span> <span class='ocrx_word' id='word_1_334' title='bbox 1767 2306 1872 2345; x_wconf 89' lang='lat' dir='ltr'>tunc</span> <span class='ocrx_word' id='word_1_335' title='bbox 1901 2301 2095 2347; x_wconf 85' lang='lat' dir='ltr'>additum</span> 
     </span>
     <span class='ocr_line' id='line_1_55' title="bbox 1226 2361 2095 2415; baseline 0.006 -15"><span class='ocrx_word' id='word_1_336' title='bbox 1226 2366 1293 2400; x_wconf 89' lang='lat' dir='ltr'>est</span> <span class='ocrx_word' id='word_1_337' title='bbox 1325 2373 1348 2402; x_wconf 91' lang='lat' dir='ltr'>a</span> <span class='ocrx_word' id='word_1_338' title='bbox 1380 2366 1559 2412; x_wconf 89' lang='lat' dir='ltr'>senatu,</span> <span class='ocrx_word' id='word_1_339' title='bbox 1600 2361 1741 2415; x_wconf 88' lang='lat' dir='ltr'>ipsum</span> <span class='ocrx_word' id='word_1_340' title='bbox 1772 2365 1951 2403; x_wconf 85' lang='lat' dir='ltr'>senatus</span> <span class='ocrx_word' id='word_1_341' title='bbox 1984 2374 2095 2405; x_wconf 84' lang='lat' dir='ltr'>con-</span> 
     </span>
     <span class='ocr_line' id='line_1_56' title="bbox 1225 2419 2095 2474; baseline 0.006 -15"><span class='ocrx_word' id='word_1_342' title='bbox 1225 2419 1386 2461; x_wconf 88' lang='lat' dir='ltr'>sultum</span> <span class='ocrx_word' id='word_1_343' title='bbox 1420 2420 1503 2462; x_wconf 86' lang='lat' dir='ltr'>fuit</span> <span class='ocrx_word' id='word_1_344' title='bbox 1533 2419 1830 2474; x_wconf 87' lang='lat' dir='ltr'>Turpilianum</span> <span class='ocrx_word' id='word_1_345' title='bbox 1872 2421 1979 2470; x_wconf 77' lang='lat' dir='ltr'>satis</span> <span class='ocrx_word' id='word_1_346' title='bbox 2010 2434 2095 2473; x_wconf 42' lang='lat' dir='ltr'>nog-</span> 
     </span>
     <span class='ocr_line' id='line_1_57' title="bbox 1223 2479 2095 2537; baseline 0.008 -19"><span class='ocrx_word' id='word_1_347' title='bbox 1223 2483 1338 2531; x_wconf 84' lang='lat' dir='ltr'>tum,</span> <span class='ocrx_word' id='word_1_348' title='bbox 1383 2491 1470 2520; x_wconf 89' lang='lat' dir='ltr'>non</span> <span class='ocrx_word' id='word_1_349' title='bbox 1512 2479 1661 2535; x_wconf 88' lang='lat' dir='ltr'>aliqua</span> <span class='ocrx_word' id='word_1_350' title='bbox 1692 2479 1982 2523; x_wconf 84' lang='lat' dir='ltr'>damnationis</span> <span class='ocrx_word' id='word_1_351' title='bbox 2012 2493 2095 2537; x_wconf 35' lang='lat' dir='ltr'>ap·-</span> 
     </span>
     <span class='ocr_line' id='line_1_58' title="bbox 1223 2537 2095 2595; baseline 0.006 -16"><span class='ocrx_word' id='word_1_352' title='bbox 1223 2538 1402 2591; x_wconf 86' lang='lat' dir='ltr'>pendix.</span> <span class='ocrx_word' id='word_1_353' title='bbox 1436 2537 1588 2580; x_wconf 88' lang='lat' dir='ltr'>Nihilo</span> <span class='ocrx_word' id='word_1_354' title='bbox 1613 2539 1756 2581; x_wconf 86' lang='lat' dir='ltr'>minus</span> <span class='ocrx_word' id='word_1_355' title='bbox 1771 2539 2095 2595; x_wconf 77' lang='lat' dir='ltr'>scriptura-Me-</span> 
     </span>
     <span class='ocr_line' id='line_1_59' title="bbox 1224 2596 2094 2651; baseline 0.007 -14"><span class='ocrx_word' id='word_1_356' title='bbox 1224 2596 1338 2638; x_wconf 89' lang='lat' dir='ltr'>dicei</span> <span class='ocrx_word' id='word_1_357' title='bbox 1371 2603 1493 2640; x_wconf 87' lang='lat' dir='ltr'>recte</span> <span class='ocrx_word' id='word_1_358' title='bbox 1525 2610 1573 2640; x_wconf 92' lang='lat' dir='ltr'>se</span> <span class='ocrx_word' id='word_1_359' title='bbox 1606 2597 1760 2651; x_wconf 79' lang='lat' dir='ltr'>habet,</span> <span class='ocrx_word' id='word_1_360' title='bbox 1793 2597 1872 2640; x_wconf 84' lang='lat' dir='ltr'>sed</span> <span class='ocrx_word' id='word_1_361' title='bbox 1903 2599 2094 2643; x_wconf 79' lang='lat' dir='ltr'>consulto</span> 
     </span>
     <span class='ocr_line' id='line_1_60' title="bbox 1223 2655 2093 2710; baseline 0.005 -14"><span class='ocrx_word' id='word_1_362' title='bbox 1223 2655 1443 2697; x_wconf 85' lang='lat' dir='ltr'>ablativus</span> <span class='ocrx_word' id='word_1_363' title='bbox 1487 2663 1553 2698; x_wconf 89' lang='lat' dir='ltr'>est</span> <span class='ocrx_word' id='word_1_364' title='bbox 1595 2669 1746 2710; x_wconf 84' lang='lat' dir='ltr'>casus,</span> <span class='ocrx_word' id='word_1_365' title='bbox 1793 2669 1881 2699; x_wconf 88' lang='lat' dir='ltr'>non</span> <span class='ocrx_word' id='word_1_366' title='bbox 1921 2657 2093 2702; x_wconf 76' lang='lat' dir='ltr'>dativus</span> 
     </span>
     <span class='ocr_line' id='line_1_61' title="bbox 1223 2714 2093 2771; baseline 0.003 -17"><span class='ocrx_word' id='word_1_367' title='bbox 1223 2714 1522 2771; x_wconf 72' lang='lat' dir='ltr'>(hinzuqefuyt</span> <span class='ocrx_word' id='word_1_368' title='bbox 1558 2715 1669 2757; x_wconf 81' lang='lat' dir='ltr'>wird</span> <span class='ocrx_word' id='word_1_369' title='bbox 1712 2716 1831 2771; x_wconf 70' lang='lat' dir='ltr'>kraft</span> <span class='ocrx_word' id='word_1_370' title='bbox 1861 2714 1980 2760; x_wconf 72' lang='lat' dir='ltr'>eines</span> <span class='ocrx_word' id='word_1_371' title='bbox 2008 2719 2093 2760; x_wconf 87' lang='lat' dir='ltr'>Se..</span> 
     </span>
     <span class='ocr_line' id='line_1_62' title="bbox 1221 2773 2093 2830; baseline 0.007 -16"><span class='ocrx_word' id='word_1_372' title='bbox 1221 2773 1614 2830; x_wconf 80' lang='lat' dir='ltr'>natsbeschlusses).</span> <span class='ocrx_word' id='word_1_373' title='bbox 1661 2773 1711 2816; x_wconf 86' lang='lat' dir='ltr'>Id</span> <span class='ocrx_word' id='word_1_374' title='bbox 1741 2774 1990 2819; x_wconf 83' lang='lat' dir='ltr'>consultum</span> <span class='ocrx_word' id='word_1_375' title='bbox 2020 2776 2093 2820; x_wconf 79' lang='lat' dir='ltr'>fa-</span> 
     </span>
     <span class='ocr_line' id='line_1_63' title="bbox 1223 2833 2091 2890; baseline 0.006 -16"><span class='ocrx_word' id='word_1_376' title='bbox 1223 2837 1339 2874; x_wconf 86' lang='lat' dir='ltr'>ctum</span> <span class='ocrx_word' id='word_1_377' title='bbox 1376 2839 1442 2876; x_wconf 91' lang='lat' dir='ltr'>est</span> <span class='ocrx_word' id='word_1_378' title='bbox 1473 2833 1682 2876; x_wconf 85' lang='lat' dir='ltr'>adversus</span> <span class='ocrx_word' id='word_1_379' title='bbox 1720 2835 2091 2890; x_wconf 60' lang='lat' dir='ltr'>praevaricantem</span> 
     </span>
     <span class='ocr_line' id='line_1_64' title="bbox 1223 2889 2089 2945; baseline 0.007 -12"><span class='ocrx_word' id='word_1_380' title='bbox 1223 2889 1289 2934; x_wconf 80' lang='lat' dir='ltr'>cf.</span> <span class='ocrx_word' id='word_1_381' title='bbox 1323 2891 1353 2934; x_wconf 91' lang='lat' dir='ltr'>l.</span> <span class='ocrx_word' id='word_1_382' title='bbox 1394 2893 1415 2935; x_wconf 91' lang='lat'>1</span> <span class='ocrx_word' id='word_1_383' title='bbox 1449 2893 1494 2945; x_wconf 82' lang='lat'>§.</span> <span class='ocrx_word' id='word_1_384' title='bbox 1532 2894 1553 2935; x_wconf 86' lang='lat'>1</span> <span class='ocrx_word' id='word_1_385' title='bbox 1586 2892 1639 2936; x_wconf 88' lang='lat' dir='ltr'>D.</span> <span class='ocrx_word' id='word_1_386' title='bbox 1682 2894 1741 2936; x_wconf 84' lang='lat' dir='ltr'>ad</span> <span class='ocrx_word' id='word_1_387' title='bbox 1769 2901 1944 2939; x_wconf 69' lang='lat' dir='ltr'>senatus</span> <span class='ocrx_word' id='word_1_388' title='bbox 1971 2909 2089 2940; x_wconf 79' lang='lat' dir='ltr'>cons.</span> 
     </span>
     <span class='ocr_line' id='line_1_65' title="bbox 1229 2950 2093 3010; baseline 0.007 -18"><span class='ocrx_word' id='word_1_389' title='bbox 1229 2951 1384 3008; x_wconf 70' lang='lat' dir='ltr'>Turpil.</span> <span class='ocrx_word' id='word_1_390' title='bbox 1421 2950 1618 3007; x_wconf 83' lang='lat' dir='ltr'>(XLvnl</span> <span class='ocrx_word' id='word_1_391' title='bbox 1653 2953 1760 3010; x_wconf 80' lang='lat'>16):</span> <span class='ocrx_word' id='word_1_392' title='bbox 1792 2961 2093 2998; x_wconf 78' lang='lat' dir='ltr'>accusatorum</span> 
     </span>
     <span class='ocr_line' id='line_1_66' title="bbox 1221 3011 2092 3069; baseline 0.008 -17"><span class='ocrx_word' id='word_1_393' title='bbox 1221 3011 1438 3053; x_wconf 87' lang='lat' dir='ltr'>temeritas</span> <span class='ocrx_word' id='word_1_394' title='bbox 1477 3011 1610 3052; x_wconf 85' lang='lat' dir='ltr'>tribus</span> <span class='ocrx_word' id='word_1_395' title='bbox 1645 3013 1781 3054; x_wconf 83' lang='lat' dir='ltr'>modis</span> <span class='ocrx_word' id='word_1_396' title='bbox 1812 3013 2021 3069; x_wconf 65' lang='lat' dir='ltr'>detegitur</span> <span class='ocrx_word' id='word_1_397' title='bbox 2053 3023 2092 3059; x_wconf 80' lang='lat' dir='ltr'>et</span> 
     </span>
     <span class='ocr_line' id='line_1_67' title="bbox 1221 3070 2092 3126; baseline 0.006 -16"><span class='ocrx_word' id='word_1_398' title='bbox 1221 3070 1353 3111; x_wconf 87' lang='lat' dir='ltr'>tribus</span> <span class='ocrx_word' id='word_1_399' title='bbox 1379 3071 1531 3126; x_wconf 84' lang='lat' dir='ltr'>poenis</span> <span class='ocrx_word' id='word_1_400' title='bbox 1573 3072 1824 3113; x_wconf 83' lang='lat' dir='ltr'>subiicitur:</span> <span class='ocrx_word' id='word_1_401' title='bbox 1873 3079 1949 3115; x_wconf 86' lang='lat' dir='ltr'>aut</span> <span class='ocrx_word' id='word_1_402' title='bbox 1978 3074 2092 3115; x_wconf 81' lang='lat' dir='ltr'>enim</span> 
     </span>
     <span class='ocr_line' id='line_1_68' title="bbox 1221 3128 2090 3187; baseline 0.007 -18"><span class='ocrx_word' id='word_1_403' title='bbox 1221 3128 1546 3171; x_wconf 83' lang='lat' dir='ltr'>calumniantur</span> <span class='ocrx_word' id='word_1_404' title='bbox 1598 3137 1673 3172; x_wconf 85' lang='lat' dir='ltr'>aut</span> <span class='ocrx_word' id='word_1_405' title='bbox 1722 3131 2090 3187; x_wconf 76' lang='lat' dir='ltr'>praevaricantur</span> 
     </span>
     <span class='ocr_line' id='line_1_69' title="bbox 1219 3189 2090 3244; baseline 0.008 -15"><span class='ocrx_word' id='word_1_406' title='bbox 1219 3195 1293 3230; x_wconf 88' lang='lat' dir='ltr'>aut</span> <span class='ocrx_word' id='word_1_407' title='bbox 1326 3189 1678 3244; x_wconf 71' lang='lat' dir='ltr'>teryiversantur.</span> <span class='ocrx_word' id='word_1_408' title='bbox 1735 3189 2009 3234; x_wconf 77' lang='lat' dir='ltr'>Calumniari</span> <span class='ocrx_word' id='word_1_409' title='bbox 2029 3200 2090 3236; x_wconf 77' lang='lat' dir='ltr'>est</span> 
     </span>
     <span class='ocr_line' id='line_1_70' title="bbox 1217 3246 2090 3305; baseline 0.008 -18"><span class='ocrx_word' id='word_1_410' title='bbox 1217 3246 1334 3301; x_wconf 80' lang='lat' dir='ltr'>falsa</span> <span class='ocrx_word' id='word_1_411' title='bbox 1344 3248 1529 3289; x_wconf 88' lang='lat' dir='ltr'>crimina</span> <span class='ocrx_word' id='word_1_412' title='bbox 1538 3247 1773 3302; x_wconf 78' lang='lat' dir='ltr'>intendere,</span> <span class='ocrx_word' id='word_1_413' title='bbox 1782 3251 2090 3305; x_wconf 78' lang='lat' dir='ltr'>praevaricari</span> 
     </span>
     <span class='ocr_line' id='line_1_71' title="bbox 1218 3307 2086 3367; baseline 0.007 -20"><span class='ocrx_word' id='word_1_414' title='bbox 1218 3320 1322 3347; x_wconf 75' lang='lat' dir='ltr'>vera</span> <span class='ocrx_word' id='word_1_415' title='bbox 1354 3308 1538 3348; x_wconf 84' lang='lat' dir='ltr'>crimina</span> <span class='ocrx_word' id='word_1_416' title='bbox 1566 3307 1841 3362; x_wconf 84' lang='lat' dir='ltr'>abscondere,</span> <span class='ocrx_word' id='word_1_417' title='bbox 1876 3311 2086 3367; x_wconf 71' lang='lat' dir='ltr'>teryiver-</span> 
     </span>
     <span class='ocr_line' id='line_1_72' title="bbox 1218 3367 2086 3412; baseline 0.003 -5"><span class='ocrx_word' id='word_1_418' title='bbox 1218 3368 1311 3407; x_wconf 86' lang='lat' dir='ltr'>sari</span> <span class='ocrx_word' id='word_1_419' title='bbox 1348 3368 1395 3409; x_wconf 89' lang='lat' dir='ltr'>in</span> <span class='ocrx_word' id='word_1_420' title='bbox 1436 3367 1680 3409; x_wconf 83' lang='lat' dir='ltr'>universum</span> <span class='ocrx_word' id='word_1_421' title='bbox 1723 3368 1776 3409; x_wconf 85' lang='lat' dir='ltr'>ab</span> <span class='ocrx_word' id='word_1_422' title='bbox 1813 3371 2086 3412; x_wconf 75' lang='lat' dir='ltr'>acmtsatione</span> 
     </span>
     <span class='ocr_line' id='line_1_73' title="bbox 1218 3426 1433 3468; baseline 0.009 -2"><span class='ocrx_word' id='word_1_423' title='bbox 1218 3426 1433 3468; x_wconf 82' lang='lat' dir='ltr'>desistere.</span> 
     </span>
    </p>

    <p class='ocr_par' dir='ltr' id='par_1_9' title="bbox 1218 3486 2083 3711">
     <span class='ocr_line' id='line_1_74' title="bbox 1306 3486 2083 3540; baseline 0.001 -14"><span class='ocrx_word' id='word_1_424' title='bbox 1306 3499 1360 3526; x_wconf 90' lang='lat' dir='ltr'>ac</span> <span class='ocrx_word' id='word_1_425' title='bbox 1388 3486 1426 3527; x_wconf 91' lang='lat' dir='ltr'>si</span> <span class='ocrx_word' id='word_1_426' title='bbox 1446 3511 1501 3517; x_wconf 97' lang='lat'>—</span> <span class='ocrx_word' id='word_1_427' title='bbox 1523 3486 1850 3529; x_wconf 88' lang='lat' dir='ltr'>condemnatus.-</span> <span class='ocrx_word' id='word_1_428' title='bbox 1883 3486 1975 3528; x_wconf 87' lang='lat' dir='ltr'>noli</span> <span class='ocrx_word' id='word_1_429' title='bbox 1999 3498 2083 3540; x_wconf 87' lang='lat' dir='ltr'>pu-</span> 
     </span>
     <span class='ocr_line' id='line_1_75' title="bbox 1219 3544 2082 3601; baseline 0 -16"><span class='ocrx_word' id='word_1_430' title='bbox 1219 3551 1309 3586; x_wconf 85' lang='lat' dir='ltr'>tare</span> <span class='ocrx_word' id='word_1_431' title='bbox 1342 3552 1449 3587; x_wconf 88' lang='lat' dir='ltr'>esset</span> <span class='ocrx_word' id='word_1_432' title='bbox 1481 3547 1751 3601; x_wconf 83' lang='lat' dir='ltr'>cogitatione</span> <span class='ocrx_word' id='word_1_433' title='bbox 1795 3544 2082 3599; x_wconf 82' lang='lat' dir='ltr'>supplendum</span> 
     </span>
     <span class='ocr_line' id='line_1_76' title="bbox 1219 3599 2081 3660; baseline 0.001 -16"><span class='ocrx_word' id='word_1_434' title='bbox 1219 3616 1339 3645; x_wconf 83' lang='lat' dir='ltr'>esse:</span> <span class='ocrx_word' id='word_1_435' title='bbox 1382 3606 1511 3645; x_wconf 88' lang='lat' dir='ltr'>immo</span> <span class='ocrx_word' id='word_1_436' title='bbox 1561 3599 1653 3647; x_wconf 65' lang='lat' dir='ltr'>and</span> <span class='ocrx_word' id='word_1_437' title='bbox 1688 3605 1847 3649; x_wconf 76' lang='grc' dir='ltr'><em>κοινοῦ</em></span> <span class='ocrx_word' id='word_1_438' title='bbox 1867 3602 2081 3660; x_wconf 75' lang='lat' dir='ltr'>intellige</span> 
     </span>
     <span class='ocr_line' id='line_1_77' title="bbox 1218 3660 2081 3711; baseline -0.002 -4"><span class='ocrx_word' id='word_1_439' title='bbox 1218 3665 1520 3709; x_wconf 87' lang='lat' dir='ltr'>condemnatus</span> <span class='ocrx_word' id='word_1_440' title='bbox 1552 3671 1780 3708; x_wconf 83' lang='lat' dir='ltr'>teneretur.</span> <span class='ocrx_word' id='word_1_441' title='bbox 1826 3660 2081 3711; x_wconf 83' lang='lat' dir='ltr'>Calumniae</span> 
     </span>
    </p>
   </div>
  </div>
 </body>
</html>
