2280 4004
205 275 269 324 aa,
976 280 1268 328 ANNALIVM
1785 302 1824 335 a.
1857 296 1901 333 u.
1936 279 2037 340 769⁶}

207 440 358 479 manu
388 425 725 494 inruptionem
765 429 818 480 in
843 427 1050 481 Chattos
1091 430 1264 482 facere
1302 430 1466 484 iubet:
1502 431 1612 499 ipse
1647 434 1833 488 auditos
1852 437 2042 492 castel-‘2

205 514 306 567 lum
327 517 516 584 Lupiae
549 520 740 570 flumini
777 520 1059 586 adpositum
1095 521 1340 588 obsideri,
1381 538 1474 576 sex
1507 523 1741 593 legiones
1779 531 1860 579 eo'
1882 529 2038 583 duxiti

205 608 382 676 Neque
408 610 532 663 Silio
576 611 640 662 ob
679 612 874 663 subitos
915 612 1103 664 imbres
1143 613 1277 665 aliud
1313 619 1477 666 actum
1515 631 1662 683 quam
1700 623 1754 670 ut
1786 619 2042 673 modicam¹

204 701 447 767 praedam
516 707 564 753 et
615 702 739 769 Arpi
803 698 1048 771 principis
1094 705 1390 772 Qhattorum
1451 708 1721 777 coniugem
1788 710 2059 780 filiamque*

168 798 434 860 traperet3
475 809 641 861 neque
683 794 891 848 Caesari
931 797 1127 863 copiam
1162 813 1363 866 pugnae
1399 799 1705 854 obsessores
1744 801 1939 870 fecere,
1968 802 2042 859 ad

206 885 390 941 famam
422 886 668 939 adventus
708 888 817 940 eius
847 888 1045 955 dilapsi.
1120 890 1378 943 Tumulum
1407 897 1578 946 tamen
1618 909 1778 961 nuper
1803 894 2040 948 Varianis

202 976 493 1044 legionibus
521 983 764 1030 structum
803 986 852 1032 et
887 986 1114 1033 veterem
1158 998 1297 1035 aram
1325 984 1490 1036 Druso
1525 985 1672 1037 sitam
1707 978 2035 1040 disiecerunt.

201 1069 436 1122 Restituit
472 1086 626 1136 aram,
661 1071 946 1140 honorique
983 1074 1139 1139 pat-ris
1166 1076 1404 1142 princeps
1446 1076 1556 1143 ipse
1596 1093 1708 1128 cum
1743 1077 2040 1146 legionibus

0 1203 37 1227 ‚A
66 1180 129 1229 '01'-
204 1160 530 1241 decucurrit:
582 1164 819 1216 tumulum
875 1166 1062 1217 iterare
1110 1166 1244 1218 haud
1292 1167 1471 1219 visum.
1568 1169 1631 1220 Et
1681 1174 1862 1222 cuncta
1903 1169 2042 1224 iuter

143 1241 474 1308 incastellum
507 1255 770 1308 Alisonem
811 1274 871 1309 ac
907 1259 1134 1311 Rhenum
1174 1260 1322 1311 novis
1370 1261 1608 1313 limitibus
1657 1262 2038 1330 aggeribusque

205 1347 505 1414 permunita.
600 1350 802 1415 Iamque
841 1351 1020 1401 classis
1058 1351 1361 1417 advenerat,
1416 1368 1527 1404 cum
1565 1354 1849 1420 praemisso
1889 1350 2089 1408 com-'⁴8

201 1444 371 1492 meatu
409 1445 459 1493 et
503 1440 783 1495 distributis
820 1442 872 1493 in
918 1441 1152 1510 legiones
1202 1459 1262 1497 ac
1312 1444 1487 1496 socios
1535 1445 1778 1510 navibuS‚
1842 1440 2035 1500 fossatu

321 1595 358 1636 1.
395 1593 542 1636 chates
566 1594 621 1636 Μ.

746 1596 788 1637 2.
821 1595 992 1650 {tantine
1025 1608 1074 1651 pr
1105 1595 1160 1638 M.
1293 1598 1335 1639 3.
1370 1595 1478 1642 aliut
1509 1597 1563 1642 Μ.

199 1651 424 1696 citatorum
455 1654 509 1697 M.

1694 1599 1737 1644 4.
1766 1599 1949 1659 predam
1979 1599 2038 1646 Μ.
2070 1619 2084 1653 ’ς

604 1654 644 1698 5.
682 1667 918 1712 opsessores
951 1655 1005 1698 M.
1120 1659 1268 1714 facere
1302 1656 1356 1700 Μ.

289 1777 508 1819 castellam
548 1778 794 1824 Alisonem.-
847 1780 1074 1822 castellum

197 1836 322 1881 Aliso
345 1852 369 1881 a
389 1838 529 1880 Druso
564 1839 608 1880 in
628 1839 857 1880 confluviis
879 1839 1075 1880 Alisonis

201 1903 245 1942 et
264 1897 428 1954 Lupiae
453 1900 643 1952 positum
678 1899 759 1954 (cf.
784 1898 867 1940 Dio
887 1898 980 1940 LIV
993 1900 1072 1956 33)

197 1964 295 2013 post
328 1957 494 1999 cladem
531 1958 761 1999 Varianam
794 1971 818 1999 a
859 1959 1074 2012 praesidio

198 2018 394 2061 Romano
453 2017 654 2059 relictum
709 2024 795 2069 est,
848 2024 895 2058 ut
946 2019 1076 2059 tradit

200 2078 401 2119 Velleius
443 2077 483 2119 11
537 2079 620 2121 120
661 2078 716 2120 4:
773 2077 901 2119 Lucii
949 2079 1077 2120 etiam

198 2136 394 2181 Caedicii
431 2138 644 2193 praefecti
683 2145 944 2189 castrorum,
1001 2152 1076 2178 eo-

197 2211 371 2252 rumque
405 2199 474 2251 qui
504 2211 594 2238 una
626 2197 881 2239 circumdati
900 2197 1076 2239 Alisone

197 2258 410 2300 immensis
445 2258 756 2299 Germanorum
790 2258 922 2312 copiis
956 2258 1071 2299 obsi-

199 2317 421 2368 elebantur,
457 2316 679 2358 laudanda
710 2319 843 2359 virtus
889 2325 972 2370 est,·
1007 2317 1078 2370 qui

198 2377 389 2419 omnibus
403 2376 722 2431 difficultatibus
735 2379 959 2432 superatis,
973 2390 1076 2430 quas

196 2437 346 2493 inopia
378 2450 522 2477 rerum
553 2436 867 2487 intolerabiles,
901 2437 963 2477 vis
995 2435 1075 2476 lio-

195 2497 322 2538 stiam
353 2496 546 2551 faciebat
582 2495 951 2552 inexuperabists,
996 2509 1077 2536 nec

197 2556 425 2598 temerario
459 2555 635 2597 consilio
671 2570 751 2596 nec
783 2556 904 2611 seqni
922 2555 1075 2610 provi-

198 2616 344 2657 dentia
387 2616 454 2656 usi
492 2615 781 2670 speculatique
823 2615 1074 2670 opportuni-

197 2682 325 2718 tatem
365 2677 486 2729 ferro
530 2674 610 2715 sibi
656 2675 713 2715 ad
742 2688 839 2715 suos
867 2687 1074 2729 peperere

196 2735 392 2777 reditum.
455 2733 521 2775 Ex
555 2733 639 2774 hoc
671 2734 770 2775 loco
806 2747 903 2775 cum
936 2733 1070 2774 Taciti

196 2794 344 2837 verbis
388 2793 550 2835 collato
593 2795 877 2848 consequitur
919 2791 963 2832 id
998 2806 1074 2833 ca-

197 2854 372 2896 stellum
415 2867 440 2895 a
481 2852 738 2894 Germanico
780 2854 824 2893 in
858 2851 1074 2907 prioribus

199 2913 552 2967 expeditionibus
586 2912 805 2966 praesidio
835 2924 982 2953 rursus
1003 2912 1074 2951 in-

197 2978 406 3015 structum
457 2972 608 3013 fuisse.
681 2971 804 3012 Aliso
855 2977 897 3012 et
951 2970 1073 3012 ssuvii

197 3045 354 3074 nomen
391 3032 474 3072 l'uit
508 3037 550 3072 et
584 3030 769 3071 rastelli.
821 3030 967 3071 Fluvii
991 3043 1075 3071 no-

197 3105 296 3134 men
331 3090 461 3132 hodie
496 3096 562 3131 est
602 3089 748 3141 Alme,
796 3089 882 3130 loci
923 3089 1072 3139 Elsen‚

198 3152 273 3208 qui
307 3163 443 3206 pagus
477 3150 529 3191 ad
550 3150 777 3191 Alisonem
807 3163 888 3190 nec
922 3147 1073 3202 procul

198 3225 223 3252 a
254 3211 429 3252 sinistra
450 3209 613 3263 Lupiae
648 3210 738 3262 ripa
773 3214 815 3250 ct
849 3209 1074 3263 utriusque

198 3271 387 3311 fluminis
444 3268 765 3310 confluentibus
831 3268 938 3308 situs
994 3273 1073 3309 est.

197 3330 236 3371 Α
269 3331 449 3371 civitate
471 3328 817 3370 Paderbornensi
851 3326 1074 3368 dimidium

198 3388 398 3430 milliaris
444 3388 686 3429 Germanici
735 3386 881 3428 distat.
946 3384 1072 3428 Gonl'.

200 3447 254 3487 de
285 3448 467 3489 Alisone
513 3445 705 3488 Castello
750 3446 1074 3487 commentatio,

201 3505 551 3561 Scripsit-W.E.
588 3505 772 3547 Giefers.
827 3504 1075 3547 Crefeldiae

206 3564 332 3608 1844.
393 3566 435 3607 8.

293 3624 397 3679 Cap.
416 3625 459 3667 8.
494 3622 683 3666 Amisiae
698 3639 710 3663 .·
733 3638 941 3679 nusquam
961 3625 1076 3679 apud

175 3684 394 3731 ·'1'acitu1n
442 3684 570 3739 vicus·
610 3682 682 3726 vel
723 3684 878 3725 civitas
910 3682 1078 3726 Amisia

1162 1793 1305 1836 neque
1333 1780 1447 1835 apud
1466 1780 1599 1823 alium
1620 1793 1764 1822 rerum
1782 1782 2038 1836 scriptorem

1161 1841 1407 1894 reperitur,
1469 1847 1601 1897 atque
1659 1846 1835 1884 nostrae
1882 1841 2038 1882 aetatis

1162 1899 1262 1941 urbs
1295 1899 1464 1941 Emden
1496 1900 1550 1942 ab
1581 1901 1748 1942 Amisia
1781 1900 1925 1958 (Ems)
1957 1912 2040 1955 ap·-

1162 1959 1325 2013 pellata
1355 1973 1443 2001 non
1476 1961 1522 2002 in
1554 1959 1683 2002 laevo
1725 1972 1851 2002 amne
1883 1958 1960 2002 sed
1994 1960 2038 2002 in

1162 2020 1314 2060 dextra
1346 2021 1454 2073 ripa.
1509 2019 1607 2061 vid.
1641 2019 1774 2061 Tacit.
1796 2018 1815 2061 1
1841 2019 1898 2064 60
1921 2023 1966 2061 οι
1981 2017 2040 2063 63

1163 2084 1207 2120 et
1243 2080 1313 2131 70,
1350 2078 1484 2123 1123.
1550 2078 1695 2121 Fluvii
1725 2091 1883 2121 nomen
1917 2078 2039 2121 Stra-ss

1161 2138 1266 2179 boni
1310 2137 1385 2179 VII
1427 2140 1448 2180 1
1487 2139 1515 2180 3
1563 2137 1586 2182 ὁ
1630 2138 1885 2213 Ἀμασίας,
1934 2138 2039 2180 item

1162 2197 1415 2239 Ptolemaeo
1462 2196 1499 2238 11
1543 2199 1594 2240 11
1648 2200 1692 2250 §.
1749 2200 1770 2240 1
1809 2196 2040 2256 ’Λιιασίου

1164 2262 1378 2316 ποτααοῦ
1424 2258 1606 2312 ἐκβολαὶ
1653 2263 1695 2299 et
1736 2260 1780 2310 §.
1818 2239 1869 2300 11⁴
1899 2260 2042 2317 μέχρι

1162 2317 1242 2361 τοῦ
1303 2316 1536 2374 'Aaaotov
1597 2317 1830 2377 ποταμοῦ.
1912 2314 2041 2371 Apud

1161 2375 1316 2418 Melam
1338 2357 1395 2417 1‘11
1430 2377 1457 2418 3
1491 2382 1534 2417 et
1552 2376 1738 2417 Plinium
1770 2375 1830 2417 lv
1849 2375 1908 2418 28
1932 2375 2037 2432 (14)

1160 2435 1360 2477 Amisius.
1425 2435 1596 2476 Tacitus
1642 2447 1814 2490 semper
1855 2434 2037 2477 Amisia.

1162 2495 1206 2536 ln
1233 2494 1318 2536 alia
1344 2495 1528 2550 regione
1552 2494 1636 2536 fuit
1653 2493 1884 2554 ’Λιιάσεια
1905 2494 2037 2548 vicus,

1162 2567 1289 2610 quem
1314 2553 1588 2596 Ptolemaeus
1610 2553 1646 2595 11
1675 2535 1725 2596 1⁴1
1749 2556 1794 2607 δ.
1820 2555 1875 2598 27
1901 2566 2040 2609 prope

1161 2616 1419 2658 Μουνίιιον
1463 2626 1560 2656 esse
1607 2613 1826 2668 perhibet.
1886 2614 2038 2670 ltaque

1160 2672 1327 2714 Amisia
1360 2674 1489 2715 etiam
1523 2672 1608 2714 hoc
1640 2673 1776 2714 Taciti
1818 2672 1917 2715 loco
1960 2685 2038 2727 pio

1160 2732 1292 2774 fluvio
1348 2731 1604 2787 accipienda
1648 2738 1713 2774 est
1758 2738 1801 2774 et
1847 2731 2039 2774 Amisiae

1162 2798 1227 2832 est
1261 2792 1446 2845 dativus,
1480 2804 1567 2833 non
1603 2804 1727 2833 casus
1761 2791 1916 2833 localis
1950 2791 2037 2844 (die

1163 2850 1298 2893 Flotte
1339 2852 1485 2893 warde
1525 2851 1601 2893 der
1647 2851 1815 2894 Amisia
1852 2851 2038 2892 zur-ack-

1159 2910 1369 2967 9elassen,
1404 2914 1487 2967 auf
1509 2911 1585 2953 der
1604 2910 1751 2952 linken
1776 2908 2037 2968 Fluss‘seite).

1249 2971 1510 3027 transposuit
1525 2996 1581 3003 —-
1604 2971 1786 3012 iturum:
1818 2968 1903 3011 hoc
1922 2970 2038 3012 scias

1162 3031 1274 3072 ultra
1329 3043 1501 3071 omnem
1562 3029 1878 3071 dubitationem
1940 3041 2038 3071 esse

1160 3091 1364 3144 positum,
1399 3089 1527 3130 laevo
1548 3102 1673 3131 amne
1694 3088 1915 3144 designari
1940 3087 2038 3129 lae-

1160 3161 1256 3190 vam
1299 3149 1437 3189 amnis
1477 3153 1666 3202 partem,
1711 3147 1753 3189 h.
1789 3161 1827 3189 e.
1871 3152 2035 3201 partem

1161 3207 1214 3249 ad
1246 3207 1445 3249 Rhenum
1482 3220 1532 3248 ac
1574 3212 1731 3248 terram
1773 3206 2035 3248 Batavorum

1160 3279 1346 3319 versam,
1371 3266 1486 3321 quod
1518 3267 1590 3322 qui
1613 3272 1758 3323 negat,
1782 3265 1897 3307 idem
1921 3265 2037 3306 hune

1160 3328 1417 3380 scriptorem
1451 3326 1637 3367 obscure
1678 3338 1729 3367 ac
1760 3324 1931 3366 turbate
1965 3324 2039 3366 lo-

1163 3392 1306 3427 cutum
1365 3385 1607 3439 profitetui.
1684 3385 1768 3428 Sed
1823 3386 1916 3426 eius
1898 3382 2034 3424 modi

1162 3445 1467 3500 opprobrium,
1515 3444 1663 3486 'lacito
1707 3455 1879 3498 semper
1918 3441 2033 3482 indi-

1163 3518 1325 3561 gnum,
1377 3510 1423 3545 ut
1476 3504 1528 3545 ab
1590 3503 1673 3544 hoc
1727 3503 1824 3544 loco
1883 3499 2034 3554 procul

1164 3570 1443 3616 amoveatur,
1487 3565 1652 3605 faciunt
1695 3561 1827 3602 verba
1860 3560 2033 3600 dextras

1161 3626 1208 3665 in
1259 3631 1399 3666 terras
1448 3625 1638 3665 iturum.-
1694 3622 1739 3662 in
1797 3619 1864 3661 his
1919 3619 2033 3661 enim

1163 3684 1339 3725 dextrae
1369 3690 1513 3726 terrae
1545 3680 1767 3734 dicuntur,
1799 3684 2036 3739 propterea
