2280 4004
168 298 196 328 a
225 283 274 328 o.
306 283 384 328 58.
749 279 913 326 unna
943 279 1073 324 xm.
1118 278 1226 324 cn.
1258 245 1448 324 47-49.
1894 281 1980 324 161

86 430 156 480 48
311 427 475 479 Isdem
519 424 810 478 consulibus
849 422 1050 474 auditae
1085 421 1472 474 Puteolanorum
1510 420 1820 488 legationeS,
1866 436 1991 488 quas

173 519 402 570 diversas
439 518 566 570 ordo
586 517 728 583 plebs
767 515 830 566 ad
862 518 1088 566 senatum
1121 512 1378 577 miserant,
1415 512 1488 563 illi
1508 513 1610 563 vim
1644 511 1990 577 multitudiniS‚

174 610 225 661 hi
282 610 662 677 magistratuum
725 611 774 657 et
829 605 976 672 primi
1033 605 1275 670 cuiusque
1338 604 1598 655 avaritiam
1652 604 1989 670 increpantes.

170 701 343 767 anue
378 700 563 752 seditio
607 697 670 749 ad
711 712 833 748 saxa
870 701 919 747 et
957 696 1118 746 minas
1155 694 1345 762 ignium
1396 710 1668 764 progressa
1711 710 1776 746 ne
1812 710 1992 747 necem

172 797 222 843 et
249 807 387 843 arma
414 790 703 857 proliceret,
744 786 898 838 Gaius
927 787 1132 838 Cassius
1160 786 1447 837 adhibendo
1479 786 1708 838 remedio
1743 786 2031 846 delectus.·5

173 882 300 944 Quia
336 881 659 933 severitatem
700 879 808 929 eius
846 891 950 928 non
986 877 1286 941 tolerabant,
1325 881 1567 943 precante
1601 877 1711 943 ipso
1750 877 1814 928 ad
1850 877 1994 930 Scri-

171 966 355 1024 bonios
405 971 589 1022 fratres
631 985 690 1020 ea
728 984 849 1020 cura
899 968 1228 1032 transfertur,
1290 968 1405 1019 data
1454 967 1665 1020 cohorte
1717 969 1990 1034 praetoria,

173 1064 316 1115 cuius
342 1068 541 1114 terrore
568 1065 618 1111 et
643 1073 916 1126 paucorum
942 1059 1187 1124 supplicio
1217 1058 1368 1110 rediit
1392 1059 1655 1125 oppidanis
1696 1060 1991 1111 concordia.

306 1154 420 1204 Non
457 1151 704 1202 referrem
738 1149 1140 1216 vulgatissimum
1175 1153 1381 1200 senatus
1425 1149 1732 1214 consultum,
1778 1165 1876 1216 quo
1916 1152 1994 1202 ci-

167 1243 310 1295 vitati
347 1243 782 1309 Syracusanorum
827 1240 1006 1307 egredi
1059 1254 1320 1291 numerum
1374 1240 1586 1291 edendis
1623 1239 1990 1307 gladiatoribus
2007 1261 2056 1300 10

168 1333 358 1384 finitum
413 1332 822 1399 permittebatur,
887 1330 985 1381 nisi
1037 1330 1215 1382 Paetus
1258 1330 1478 1382 Thrasea
1533 1336 1709 1383 contra
1762 1332 1991 1398 dixisset,

168 1425 587 1492 praebuissetque
615 1422 876 1474 materiem
915 1421 1338 1472 obtrectatoribus
1366 1423 1660 1490 arguendae
1694 1426 1992 1476 sententiae.

173 1517 273 1568 Cur
305 1515 455 1579 enim,
494 1515 539 1566 si
575 1530 682 1565 rem
716 1512 965 1579 publicam
1003 1527 1159 1579 egere
1185 1512 1418 1564 libertate
1448 1515 1705 1566 senatoria
1743 1515 1992 1580 crederet,

171 1612 271 1659 tam
306 1606 438 1658 levia
479 1604 901 1656 consectaretur?
944 1603 1075 1666 Quin
1105 1603 1168 1655 de
1202 1603 1336 1656 bello
1375 1610 1459 1656 aut
1498 1621 1640 1672 pace,
1671 1606 1735 1658 de
1762 1607 1997 1675 vectiga-

171 1698 303 1750 libus
343 1703 392 1750 et
417 1697 635 1765 legibus,
673 1697 954 1763 quibusque
988 1696 1099 1747 aliis
1125 1697 1350 1749 Romana
1380 1698 1718 1764 continentur,
1758 1699 1996 1753 suaderet
2009 1701 2060 1740 1⁵

84 1153 154 1202 49

293 1873 332 1914 1.
367 1885 451 1914 cos.
487 1884 583 1912 cum
617 1870 693 1912 lin.
730 1869 811 1912 Μ3.
908 1870 1050 1912 audite
1085 1869 1165 1913 Μ3.
1267 1873 1308 1915 2.
1339 1871 1457 1926 plebs
1488 1871 1579 1914 Ma:
1619 1873 1819 1929 plebsque
1848 1869 1998 1917 ABCG

172 1934 216 1971 et
247 1929 364 1973 Harl.
385 1930 469 1972 les.
506 1930 704 1984 copulam
738 1944 814 1985 que
846 1931 1184 1985 superscriptam
1217 1931 1261 1971 in
1289 1929 1370 1983 Μ3,
1404 1931 1457 1973 de
1490 1945 1574 1987 qua
1605 1939 1750 1974 narrat
1779 1932 1864 1975 Iac.
1885 1933 1998 1975 Gro-

169 1990 352 2041 novius,
384 1989 587 2031 Baiterus
618 2002 705 2030 non
737 1993 931 2043 notavit,
971 1991 1267 2031 recentiorum
1309 1990 1697 2044 interpolationum
1735 1991 1994 2048 pleiumque

172 2049 436 2091 incuriosus.
558 2052 601 2091 4.
635 2061 767 2102 eaque
799 2047 892 2090 Μ3·
942 2063 1116 2103 cumque
1149 2048 1197 2091 G.
1305 2055 1344 2090 et
1377 2048 1502 2091 GMa.
1536 2051 1594 2091 ad
1623 2050 1673 2093 B.
1765 2064 1820 2092 ne
1850 2065 1997 2093 necem

171 2107 447 2150 Waltherus:
482 2106 549 2148 Μ3
569 2121 666 2148 cum
699 2109 857 2150 ceteris
888 2121 1048 2150 necem.
1084 2108 1139 2151 14
1173 2109 1196 2150 7
1227 2121 1281 2149 ne
1312 2109 1417 2150 item
1449 2109 1612 2150 excidit
1642 2115 1742 2164 post
1762 2123 1804 2152 v.
1839 2111 1997 2152 discri-

174 2167 304 2208 mine.
447 2167 488 2208 5.
518 2166 752 2222 proliceret
788 2165 880 2208 Μ3.
910 2167 1142 2222 perliceret
1173 2166 1245 2208 BG
1277 2167 1393 2209 Harl.
1428 2167 1553 2209 Bodl.
1588 2167 1670 2211 les.
1828 2170 1876 2212 G.
1917 2168 1994 2212 Μ3.

172 2226 214 2267 6.
249 2224 510 2267 tollerabant
540 2224 620 2268 Μ3.
719 2226 880 2281 q'vcante
915 2224 992 2267 Μ3.
1097 2226 1139 2268 9.
1170 2226 1242 2267 SC
1275 2239 1371 2267 cum
1404 2225 1598 2269 1ἱη.Μ3.
1707 2228 1877 2270 civitate
1908 2228 1997 2271 Μ3-

174 2283 208 2325 G
239 2285 415 2326 civitati.
511 2285 580 2328 10.
613 2284 745 2326 sirac.
777 2283 843 2327 Μ3
874 2290 917 2326 et
947 2284 994 2326 G.
1124 2286 1192 2326 11.
1222 2292 1344 2340 petus
1376 2285 2000 2343 Ma.12.praebuitsetque

171 2341 252 2385 Μ3.
366 2344 433 2386 13.
473 2357 564 2384 rem
588 2357 633 2399 p.
666 2342 749 2386 Μ3.
875 2346 943 2387 15.
977 2357 1162 2385 romana
1193 2345 1465 2386 continentur
1500 2344 1626 2386 GMa:
1659 2347 1862 2388 Romana
1893 2361 2000 2390 con-

173 2402 332 2444 tinetur
364 2402 474 2459 Reg.
574 2402 756 2444 suadere
789 2403 1011 2446 dissuadet
1014 2418 1086 2446 eve
1114 2402 1240 2445 6Μ3·
1274 2405 1407 2446 tacite
1439 2406 1630 2446 coli-exit
1659 2405 1846 2461 Lipsius

175 2555 336 2598 quens;
354 2543 419 2584 sic
438 2542 548 2585 Iulia
571 2544 732 2598 oppido
746 2543 1045 2601 Rheginorum

1201 2543 1304 2599 Cap.
1337 2546 1411 2588 49.
1454 2546 1600 2601 eqredi
1620 2560 1842 2589 numerum
1867 2549 1999 2591 eden-

172 2602 225 2643 ab
260 2602 462 2658 Augusto
498 2602 661 2654 clausa,
696 2603 869 2645 Silanus
903 2617 927 2644 a
954 2603 1045 2646 Ne-

1131 2603 1195 2645 dis
1216 2604 1528 2659 yladiatoribus
1546 2606 1739 2659 finitum.-
1771 2620 1998 2650 numerum

173 2673 280 2703 rone
334 2662 463 2703 Bario
532 2663 770 2717 municipio
839 2663 1042 2716 Apuliae,

170 2719 408 2761 Dolabella
454 2722 498 2761 in
533 2720 749 2763 coloniam
781 2722 1042 2776 Aquinatem

172 2778 225 2820 ah
261 2777 435 2821 Othone
467 2780 714 2833 sepositus.³
778 2780 970 2822 Lmsius.

265 2836 371 2891 Cap.
410 2837 482 2880 48.
557 2839 688 2879 ordo.-
724 2845 791 2880 est
822 2840 928 2880 ordo
962 2839 1042 2881 de-

174 2897 400 2938 curionum
429 2898 525 2938 sive
550 2897 794 2949 curialium,
833 2898 875 2939 h.
907 2912 945 2941 e.
969 2911 1044 2939 se·-

173 2961 373 2996 natorum
407 2955 452 2994 in
484 2956 734 3009 municipiis
767 2956 1044 3013 coloniisque

174 3014 493 3066 Romanorum3
544 3015 647 3055 ordo
692 3015 948 3058 Mutinensis
991 3015 1042 3058 H.

174 3072 230 3113 111
267 3072 339 3115 52.
403 3072 454 3113 V.
491 3073 656 3114 Savinii
691 3075 939 3143 (Savigny)
972 3076 1045 3117 Ius

175 3133 299 3173 Rom.
320 3144 399 3186 per
419 3131 527 3173 med.
549 3145 641 3174 aev.
665 3139 694 3175 t.
716 3133 838 3174 Isub
858 3135 1044 3176 mitium

175 3188 309 3230 Paulo
342 3195 440 3242 post
461 3190 533 3231 ubi
562 3193 694 3246 primi
717 3193 930 3247 cuiusque,
955 3205 1043 3234 non

175 3254 262 3290 tam
303 3249 589 3303 cogitaverim
628 3250 682 3292 de
722 3251 864 3292 decem
891 3252 1044 3307 primis

177 3306 412 3361 aliquoties
443 3308 496 3348 ab
527 3309 716 3363 antiquis
755 3322 898 3350 rerum
931 3311 1044 3351 scri-

176 3365 375 3421 ptoribus
408 3369 679 3419 memoratis,
730 3381 855 3422 quam
899 3368 953 3410 ‹le
991 3369 1046 3408 iis

178 3426 254 3480 qui
288 3424 526 3466 honoribus
559 3425 787 3480 oppidanis
832 3426 1050 3481 perfuncti

179 3489 340 3526 essent.

267 3543 324 3584 ad
342 3543 589 3585 Scribonios
613 3546 804 3598 fratres:
839 3545 1049 3585 interem-

179 3601 242 3653 pti
284 3609 385 3644 sunt
426 3616 451 3644 a
494 3603 667 3644 Nerone
715 3616 791 3657 per
839 3602 1047 3647 Achaiam

180 3657 463 3703 lasciviente:
496 3661 580 3705 Dio
606 3661 739 3708 LXIII
773 3663 842 3707 17.

264 3754 415 3795 Tacitus
439 3758 486 3797 11.

1130 2664 1173 2703 in
1214 2663 1322 2705 urbe
1369 2665 1504 2706 Roma
1543 2677 1684 2720 usque
1728 2665 1781 2707 ad
1825 2674 1999 2709 centum

1128 2723 1289 2778 viginti
1312 2723 1570 2765 definiverat
1582 2723 1806 2780 Augustus
1827 2739 1865 2769 a.
1886 2728 1997 2770 732:

1128 2781 1211 2822 Dio
1235 2781 1396 2826 L1v2:
1424 2783 1541 2854 μήθ’
1581 2783 1999 2852 ὁπλομαχίανμῆτ’

1130 2840 1276 2889 ἄλλως
1309 2845 1351 2884 εἰ
1377 2839 1438 2901 μὴ
1474 2842 1496 2895 ἢ
1529 2835 1666 2896 βουλη
1714 2851 1819 2900 ψηᾳ
1815 2849 1995 2896 ίσαιτο,

1127 2899 1229 2958 μήτ’
1264 2896 1321 2942 αὖ
1354 2900 1608 2950 πλεονάκις
1639 2900 1664 2955 ἢ
1702 2902 1772 2952 δὶς
1803 2905 1853 2947 ἐν
1885 2902 1997 2948 ἑκά-

1131 2971 1221 3015 cup
1258 2960 1370 3009 ἔτει,
1417 2960 1531 3034 μήτε
1572 2959 1803 3006 πλειόνων
1843 2965 1999 3006 εἴκοσι

1130 3022 1210 3060 καὶ
1255 3014 1423 3064 ἑκατὸν
1459 3018 1651 3075 ἀνδρῶν
1692 3029 1863 3065 ποιεῖν.
1928 3021 1995 3063 Cf.

1131 3077 1310 3119 Sueton.
1329 3077 1469 3120 'liber.
1489 3080 1567 3120 34.
1601 3078 1795 3119 ludorum
1827 3093 1880 3120 ac
1901 3094 1997 3120 mu-

1130 3149 1282 3176 nerum
1314 3138 1526 3191 impensas
1559 3138 1787 3191 corripuit,
1829 3152 1997 3179 merce—

1133 3194 1251 3234 dibus
1270 3197 1539 3236 scenicorum
1559 3196 1711 3235 recisis
1738 3196 1997 3251 paribusque

1127 3251 1415 3307 yladiatorum
1431 3253 1489 3294 ad
1505 3260 1666 3295 certum
1685 3267 1905 3296 numerum
1922 3269 1997 3297 re-

1130 3311 1283 3353 ductis.

1219 3369 1446 3423 quibusque
1486 3371 1585 3411 aliis
1619 3371 1820 3413 Romana
1856 3374 1997 3415 conti-

1130 3435 1313 3469 nenlur:
1345 3428 1518 3470 videtur
1549 3428 1869 3485 indignantium
1894 3431 1997 3473 bre-

1130 3485 1310 3528 vitatem
1344 3493 1387 3528 et
1419 3486 1626 3542 loquendi
1659 3489 1883 3531 audaciam
1916 3504 1998 3532 ex-

1131 3546 1320 3598 primere
1343 3546 1554 3588 voluisse.
1607 3546 1712 3589 Eam
1735 3548 1869 3590 Taciti
1896 3549 1994 3591 ele-

1132 3606 1322 3659 gantiam
1355 3611 1553 3648 removet
1586 3607 1838 3650 coniectura
1859 3607 1997 3665 Lipsii

1132 3676 1202 3709 res
1232 3665 1434 3711 Romana
1463 3666 1720 3710 continetur.

1603 3747 1662 3806 11
