<?xml version="1.0" encoding="UTF-8"?>
<!DOCTYPE html PUBLIC "-//W3C//DTD XHTML 1.0 Transitional//EN"
    "http://www.w3.org/TR/xhtml1/DTD/xhtml1-transitional.dtd">
<html xmlns="http://www.w3.org/1999/xhtml" xml:lang="en" lang="en">
 <head>
  <title>
</title>
<meta http-equiv="Content-Type" content="text/html;charset=utf-8" />
  <meta name='ocr-system' content='tesseract 3.04.00' />
  <meta name='ocr-capabilities' content='ocr_page ocr_carea ocr_par ocr_line ocrx_word'/>
</head>
<body>
  <div class='ocr_page' id='page_1' title='image "./operaadcodicesan01taciuoft_0233.png"; bbox 0 0 2280 4004; ppageno 0'>
   <div class='ocr_carea' id='block_1_1' title="bbox 232 290 2059 339">
    <p class='ocr_par' dir='ltr' id='par_1_1' title="bbox 232 290 2059 339">
     <span class='ocr_line' id='line_1_1' title="bbox 232 290 2059 339; baseline -0.001 -1"><span class='ocrx_word' id='word_1_1' title='bbox 232 302 260 338; x_wconf 73' lang='grc' dir='ltr'>ι’</span> <span class='ocrx_word' id='word_1_2' title='bbox 289 290 339 337; x_wconf 76' lang='lat' dir='ltr'>C.</span> <span class='ocrx_word' id='word_1_3' title='bbox 376 293 444 339; x_wconf 86' lang='lat'>19.</span> <span class='ocrx_word' id='word_1_4' title='bbox 819 293 984 338; x_wconf 85' lang='lat' dir='ltr'>LIBER</span> <span class='ocrx_word' id='word_1_5' title='bbox 1013 292 1066 336; x_wconf 84' lang='lat'>11.</span> <span class='ocrx_word' id='word_1_6' title='bbox 1130 292 1237 337; x_wconf 60' lang='lat' dir='ltr'>Car.</span> <span class='ocrx_word' id='word_1_7' title='bbox 1272 292 1460 339; x_wconf 84' lang='lat'><strong>74-78.</strong></span> <span class='ocrx_word' id='word_1_8' title='bbox 1971 293 2059 337; x_wconf 73' lang='lat'>155</span> 
     </span>
    </p>
   </div>
   <div class='ocr_carea' id='block_1_2' title="bbox 154 433 2134 2515">
    <p class='ocr_par' dir='ltr' id='par_1_2' title="bbox 154 433 2134 2515">
     <span class='ocr_line' id='line_1_2' title="bbox 234 433 2059 510; baseline -0.002 -19"><span class='ocrx_word' id='word_1_9' title='bbox 234 437 588 510; x_wconf 84' lang='lat' dir='ltr'>Germanicum</span> <span class='ocrx_word' id='word_1_10' title='bbox 627 436 747 488; x_wconf 88' lang='lat' dir='ltr'>odio</span> <span class='ocrx_word' id='word_1_11' title='bbox 783 437 1002 490; x_wconf 84' lang='lat' dir='ltr'>fortasse</span> <span class='ocrx_word' id='word_1_12' title='bbox 1030 437 1251 505; x_wconf 81' lang='lat' dir='ltr'>dignam,</span> <span class='ocrx_word' id='word_1_13' title='bbox 1290 450 1392 487; x_wconf 88' lang='lat' dir='ltr'>non</span> <span class='ocrx_word' id='word_1_14' title='bbox 1415 448 1581 503; x_wconf 87' lang='lat' dir='ltr'>poena</span> <span class='ocrx_word' id='word_1_15' title='bbox 1600 451 1614 499; x_wconf 82' lang='lat'>3</span> <span class='ocrx_word' id='word_1_16' title='bbox 1653 439 1703 487; x_wconf 89' lang='lat' dir='ltr'>et</span> <span class='ocrx_word' id='word_1_17' title='bbox 1737 433 2059 502; x_wconf 80' lang='lat' dir='ltr'>ademptione</span> 
     </span>
     <span class='ocr_line' id='line_1_3' title="bbox 234 525 2061 598; baseline -0.003 -16"><span class='ocrx_word' id='word_1_18' title='bbox 234 529 531 598; x_wconf 87' lang='lat' dir='ltr'>provinciae</span> <span class='ocrx_word' id='word_1_19' title='bbox 572 529 882 580; x_wconf 85' lang='lat' dir='ltr'>satisfactum</span> <span class='ocrx_word' id='word_1_20' title='bbox 920 528 1155 579; x_wconf 90' lang='lat' dir='ltr'>inimicis.</span> <span class='ocrx_word' id='word_1_21' title='bbox 1231 527 1426 589; x_wconf 82' lang='lat' dir='ltr'><strong>Quodsi</strong></span> <span class='ocrx_word' id='word_1_22' title='bbox 1464 526 1857 595; x_wconf 79' lang='lat' dir='ltr'>regrederetur,</span> <span class='ocrx_word' id='word_1_23' title='bbox 1917 525 2061 577; x_wconf 84' lang='lat' dir='ltr'>obsi-</span> 
     </span>
     <span class='ocr_line' id='line_1_4' title="bbox 235 618 2060 690; baseline -0.002 -17"><span class='ocrx_word' id='word_1_24' title='bbox 235 625 400 673; x_wconf 86' lang='lat' dir='ltr'>stente</span> <span class='ocrx_word' id='word_1_25' title='bbox 438 620 611 672; x_wconf 83' lang='lat' dir='ltr'>Sentio</span> <span class='ocrx_word' id='word_1_26' title='bbox 654 620 803 670; x_wconf 88' lang='lat' dir='ltr'>civile</span> <span class='ocrx_word' id='word_1_27' title='bbox 841 620 1026 671; x_wconf 88' lang='lat' dir='ltr'>bellum</span> <span class='ocrx_word' id='word_1_28' title='bbox 1065 620 1242 685; x_wconf 82' lang='lat' dir='ltr'>incipi3</span> <span class='ocrx_word' id='word_1_29' title='bbox 1295 635 1390 670; x_wconf 87' lang='lat' dir='ltr'>neo</span> <span class='ocrx_word' id='word_1_30' title='bbox 1441 618 1709 690; x_wconf 86' lang='lat' dir='ltr'>duraturos</span> <span class='ocrx_word' id='word_1_31' title='bbox 1747 618 1799 668; x_wconf 90' lang='lat' dir='ltr'>in</span> <span class='ocrx_word' id='word_1_32' title='bbox 1835 618 2060 684; x_wconf 85' lang='lat' dir='ltr'>partibus</span> 
     </span>
     <span class='ocr_line' id='line_1_5' title="bbox 237 709 2063 777; baseline -0.002 -13"><span class='ocrx_word' id='word_1_33' title='bbox 237 713 561 764; x_wconf 85' lang='lat' dir='ltr'>centuriones</span> <span class='ocrx_word' id='word_1_34' title='bbox 618 711 928 777; x_wconf 87' lang='lat' dir='ltr'>militesque,</span> <span class='ocrx_word' id='word_1_35' title='bbox 997 711 1126 777; x_wconf 87' lang='lat' dir='ltr'>apud</span> <span class='ocrx_word' id='word_1_36' title='bbox 1186 725 1311 777; x_wconf 91' lang='lat' dir='ltr'>quos</span> <span class='ocrx_word' id='word_1_37' title='bbox 1375 725 1557 762; x_wconf 89' lang='lat' dir='ltr'>recens</span> <span class='ocrx_word' id='word_1_38' title='bbox 1605 710 1925 777; x_wconf 87' lang='lat' dir='ltr'>imperatoris</span> <span class='ocrx_word' id='word_1_39' title='bbox 1984 709 2063 763; x_wconf 88' lang='lat' dir='ltr'>sui</span> 
     </span>
     <span class='ocr_line' id='line_1_6' title="bbox 237 802 2103 870; baseline -0.001 -15"><span class='ocrx_word' id='word_1_40' title='bbox 237 805 479 857; x_wconf 88' lang='lat' dir='ltr'>memoria</span> <span class='ocrx_word' id='word_1_41' title='bbox 525 808 574 855; x_wconf 87' lang='lat' dir='ltr'>et</span> <span class='ocrx_word' id='word_1_42' title='bbox 632 803 830 870; x_wconf 92' lang='lat' dir='ltr'>penitus</span> <span class='ocrx_word' id='word_1_43' title='bbox 887 804 1069 855; x_wconf 87' lang='lat' dir='ltr'>infixus</span> <span class='ocrx_word' id='word_1_44' title='bbox 1119 804 1172 855; x_wconf 91' lang='lat' dir='ltr'>in</span> <span class='ocrx_word' id='word_1_45' title='bbox 1223 803 1472 857; x_wconf 83' lang='lat' dir='ltr'>Caesares</span> <span class='ocrx_word' id='word_1_46' title='bbox 1528 817 1671 855; x_wconf 89' lang='lat' dir='ltr'>amor</span> <span class='ocrx_word' id='word_1_47' title='bbox 1726 802 2103 869; x_wconf 71' lang='lat' dir='ltr'>praevalerets</span> 
     </span>
     <span class='ocr_line' id='line_1_7' title="bbox 154 893 2061 959; baseline -0.004 -9"><span class='ocrx_word' id='word_1_48' title='bbox 154 903 222 951; x_wconf 80' lang='lat'>’77</span> <span class='ocrx_word' id='word_1_49' title='bbox 237 896 427 950; x_wconf 84' lang='lat' dir='ltr'>Contra</span> <span class='ocrx_word' id='word_1_50' title='bbox 467 895 714 948; x_wconf 88' lang='lat' dir='ltr'>Domitius</span> <span class='ocrx_word' id='word_1_51' title='bbox 763 895 942 959; x_wconf 87' lang='lat' dir='ltr'>Celer,</span> <span class='ocrx_word' id='word_1_52' title='bbox 1002 912 1066 947; x_wconf 87' lang='lat' dir='ltr'>ex</span> <span class='ocrx_word' id='word_1_53' title='bbox 1114 895 1287 947; x_wconf 88' lang='lat' dir='ltr'>intima</span> <span class='ocrx_word' id='word_1_54' title='bbox 1338 896 1446 947; x_wconf 87' lang='lat' dir='ltr'>eius</span> <span class='ocrx_word' id='word_1_55' title='bbox 1499 895 1746 959; x_wconf 88' lang='lat' dir='ltr'>amicitia,</span> <span class='ocrx_word' id='word_1_56' title='bbox 1805 893 2061 959; x_wconf 81' lang='lat' dir='ltr'>disseruit,</span> 
     </span>
     <span class='ocr_line' id='line_1_8' title="bbox 237 986 2062 1053; baseline -0.003 -11"><span class='ocrx_word' id='word_1_57' title='bbox 237 988 477 1053; x_wconf 61' lang='lat' dir='ltr'>utendum</span> <span class='ocrx_word' id='word_1_58' title='bbox 515 992 727 1039; x_wconf 87' lang='lat' dir='ltr'>eventu:</span> <span class='ocrx_word' id='word_1_59' title='bbox 773 987 1030 1051; x_wconf 85' lang='lat' dir='ltr'>Pisonem,</span> <span class='ocrx_word' id='word_1_60' title='bbox 1073 1002 1176 1038; x_wconf 90' lang='lat' dir='ltr'>non</span> <span class='ocrx_word' id='word_1_61' title='bbox 1215 987 1436 1039; x_wconf 80' lang='lat' dir='ltr'>Sentium</span> <span class='ocrx_word' id='word_1_62' title='bbox 1472 987 1653 1053; x_wconf 82' lang='lat' dir='ltr'>Syriae</span> <span class='ocrx_word' id='word_1_63' title='bbox 1688 986 2062 1053; x_wconf 84' lang='lat' dir='ltr'>praepositum3</span> 
     </span>
     <span class='ocr_line' id='line_1_9' title="bbox 236 1077 2064 1144; baseline -0.003 -13"><span class='ocrx_word' id='word_1_64' title='bbox 236 1080 353 1131; x_wconf 85' lang='lat' dir='ltr'>huic</span> <span class='ocrx_word' id='word_1_65' title='bbox 402 1079 570 1130; x_wconf 81' lang='lat' dir='ltr'>fasces</span> <span class='ocrx_word' id='word_1_66' title='bbox 607 1084 656 1130; x_wconf 89' lang='lat' dir='ltr'>et</span> <span class='ocrx_word' id='word_1_67' title='bbox 707 1079 786 1129; x_wconf 91' lang='lat' dir='ltr'>ius</span> <span class='ocrx_word' id='word_1_68' title='bbox 820 1079 1096 1144; x_wconf 80' lang='lat' dir='ltr'>praetoriS,</span> <span class='ocrx_word' id='word_1_69' title='bbox 1160 1078 1279 1128; x_wconf 90' lang='lat' dir='ltr'>huic</span> <span class='ocrx_word' id='word_1_70' title='bbox 1328 1078 1562 1144; x_wconf 75' lang='lat' dir='ltr'>legiones</span> <span class='ocrx_word' id='word_1_71' title='bbox 1619 1078 1779 1128; x_wconf 75' lang='lat' dir='ltr'>datas,</span> <span class='ocrx_word' id='word_1_72' title='bbox 1853 1077 1904 1129; x_wconf 90' lang='lat' dir='ltr'>Si</span> <span class='ocrx_word' id='word_1_73' title='bbox 1946 1077 2064 1142; x_wconf 88' lang='lat' dir='ltr'>quid</span> 
     </span>
     <span class='ocr_line' id='line_1_10' title="bbox 235 1167 2064 1237; baseline -0.002 -15"><span class='ocrx_word' id='word_1_74' title='bbox 235 1170 420 1222; x_wconf 74' lang='lat' dir='ltr'>hostile</span> <span class='ocrx_word' id='word_1_75' title='bbox 451 1170 678 1237; x_wconf 78' lang='lat' dir='ltr'>ingruat,</span> <span class='ocrx_word' id='word_1_76' title='bbox 719 1184 865 1235; x_wconf 87' lang='lat' dir='ltr'>quem</span> <span class='ocrx_word' id='word_1_77' title='bbox 905 1170 1083 1220; x_wconf 89' lang='lat' dir='ltr'>iustius</span> <span class='ocrx_word' id='word_1_78' title='bbox 1124 1184 1262 1219; x_wconf 88' lang='lat' dir='ltr'>arma</span> <span class='ocrx_word' id='word_1_79' title='bbox 1298 1168 1642 1234; x_wconf 88' lang='lat' dir='ltr'>oppositurum</span> <span class='ocrx_word' id='word_1_80' title='bbox 1679 1182 1742 1221; x_wconf 89' lang='lat' dir='ltr'>eo</span> <span class='ocrx_word' id='word_1_81' title='bbox 1786 1167 1870 1236; x_wconf 89' lang='lat' dir='ltr'>qui</span> <span class='ocrx_word' id='word_1_82' title='bbox 1908 1167 2064 1234; x_wconf 83' lang='lat' dir='ltr'>legati</span> 
     </span>
     <span class='ocr_line' id='line_1_11' title="bbox 235 1258 2129 1327; baseline -0.002 -13"><span class='ocrx_word' id='word_1_83' title='bbox 235 1263 586 1315; x_wconf 82' lang='lat' dir='ltr'>auctoritatem</span> <span class='ocrx_word' id='word_1_84' title='bbox 634 1266 684 1312; x_wconf 90' lang='lat' dir='ltr'>et</span> <span class='ocrx_word' id='word_1_85' title='bbox 745 1261 949 1327; x_wconf 86' lang='lat' dir='ltr'>propria</span> <span class='ocrx_word' id='word_1_86' title='bbox 1012 1260 1247 1312; x_wconf 77' lang='lat' dir='ltr'>inandata</span> <span class='ocrx_word' id='word_1_87' title='bbox 1308 1259 1603 1327; x_wconf 69' lang='lat' dir='ltr'>acceperit?</span> <span class='ocrx_word' id='word_1_88' title='bbox 1662 1258 2063 1324; x_wconf 86' lang='lat' dir='ltr'>Relinquendum</span> <span class='ocrx_word' id='word_1_89' title='bbox 2082 1274 2129 1311; x_wconf 79' lang='grc' dir='ltr'>ιο</span> 
     </span>
     <span class='ocr_line' id='line_1_12' title="bbox 233 1350 2063 1426; baseline -0.001 -21"><span class='ocrx_word' id='word_1_90' title='bbox 233 1353 383 1406; x_wconf 86' lang='lat' dir='ltr'>etiam</span> <span class='ocrx_word' id='word_1_91' title='bbox 411 1352 698 1404; x_wconf 88' lang='lat' dir='ltr'>rumoribus</span> <span class='ocrx_word' id='word_1_92' title='bbox 735 1357 928 1418; x_wconf 88' lang='lat' dir='ltr'>tempus</span> <span class='ocrx_word' id='word_1_93' title='bbox 954 1367 1052 1418; x_wconf 92' lang='lat' dir='ltr'>quo</span> <span class='ocrx_word' id='word_1_94' title='bbox 1091 1355 1391 1404; x_wconf 85' lang='lat' dir='ltr'>senescant:</span> <span class='ocrx_word' id='word_1_95' title='bbox 1427 1350 1723 1426; x_wconf 70' lang='lat' dir='ltr'>plerumque</span> <span class='ocrx_word' id='word_1_96' title='bbox 1765 1351 2063 1406; x_wconf 81' lang='lat' dir='ltr'>innocentes</span> 
     </span>
     <span class='ocr_line' id='line_1_13' title="bbox 233 1428 2067 1509; baseline -0.002 -13"><span class='ocrx_word' id='word_1_97' title='bbox 233 1443 427 1497; x_wconf 84' lang='lat' dir='ltr'>rec-enti</span> <span class='ocrx_word' id='word_1_98' title='bbox 473 1442 697 1496; x_wconf 90' lang='lat' dir='ltr'>invidiae</span> <span class='ocrx_word' id='word_1_99' title='bbox 751 1443 985 1509; x_wconf 82' lang='lat' dir='ltr'>impares.</span> <span class='ocrx_word' id='word_1_100' title='bbox 1073 1443 1142 1495; x_wconf 88' lang='lat' dir='ltr'>At</span> <span class='ocrx_word' id='word_1_101' title='bbox 1192 1443 1236 1493; x_wconf 90' lang='lat' dir='ltr'>si</span> <span class='ocrx_word' id='word_1_102' title='bbox 1293 1447 1465 1495; x_wconf 87' lang='lat' dir='ltr'>teneat</span> <span class='ocrx_word' id='word_1_103' title='bbox 1496 1428 1821 1506; x_wconf 46' lang='lat' dir='ltr'>&#39;‘exercitum‚</span> <span class='ocrx_word' id='word_1_104' title='bbox 1883 1447 2067 1509; x_wconf 85' lang='lat' dir='ltr'>augeat</span> 
     </span>
     <span class='ocr_line' id='line_1_14' title="bbox 234 1515 2066 1601; baseline -0.001 -13"><span class='ocrx_word' id='word_1_105' title='bbox 234 1515 796 1601; x_wconf 55' lang='lat' dir='ltr'>ffis‘,‘&#39;‘i‘f1&#39;fil‘ta&#39;,&#39;&#39;q&#39;u&#39;ae</span> <span class='ocrx_word' id='word_1_106' title='bbox 830 1534 1093 1601; x_wconf 88' lang='lat' dir='ltr'>provideri</span> <span class='ocrx_word' id='word_1_107' title='bbox 1129 1549 1234 1585; x_wconf 88' lang='lat' dir='ltr'>non</span> <span class='ocrx_word' id='word_1_108' title='bbox 1273 1534 1503 1600; x_wconf 88' lang='lat' dir='ltr'>possint,</span> <span class='ocrx_word' id='word_1_109' title='bbox 1543 1533 1751 1585; x_wconf 87' lang='lat' dir='ltr'>fortuito</span> <span class='ocrx_word' id='word_1_110' title='bbox 1793 1534 1844 1584; x_wconf 91' lang='lat' dir='ltr'>in</span> <span class='ocrx_word' id='word_1_111' title='bbox 1886 1534 2066 1586; x_wconf 87' lang='lat' dir='ltr'>melius</span> 
     </span>
     <span class='ocr_line' id='line_1_15' title="bbox 237 1620 2064 1692; baseline -0.001 -14"><span class='ocrx_word' id='word_1_112' title='bbox 237 1640 435 1678; x_wconf 85' lang='lat' dir='ltr'>casura.</span> <span class='ocrx_word' id='word_1_113' title='bbox 504 1620 605 1676; x_wconf 86' lang='lat' dir='ltr'>‘An</span> <span class='ocrx_word' id='word_1_114' title='bbox 652 1625 948 1677; x_wconf 87' lang='lat' dir='ltr'>festinamus</span> <span class='ocrx_word' id='word_1_115' title='bbox 994 1641 1107 1677; x_wconf 87' lang='lat' dir='ltr'>cum</span> <span class='ocrx_word' id='word_1_116' title='bbox 1145 1625 1433 1676; x_wconf 87' lang='lat' dir='ltr'>Germanici</span> <span class='ocrx_word' id='word_1_117' title='bbox 1485 1624 1741 1677; x_wconf 83' lang='lat' dir='ltr'>cineribus</span> <span class='ocrx_word' id='word_1_118' title='bbox 1791 1624 2064 1692; x_wconf 85' lang='lat' dir='ltr'>adpellere,</span> 
     </span>
     <span class='ocr_line' id='line_1_16' title="bbox 234 1716 2134 1784; baseline -0.002 -15"><span class='ocrx_word' id='word_1_119' title='bbox 234 1722 289 1769; x_wconf 93' lang='lat' dir='ltr'>ut</span> <span class='ocrx_word' id='word_1_120' title='bbox 322 1722 372 1769; x_wconf 89' lang='lat' dir='ltr'>te</span> <span class='ocrx_word' id='word_1_121' title='bbox 411 1717 690 1769; x_wconf 86' lang='lat' dir='ltr'>inauditum</span> <span class='ocrx_word' id='word_1_122' title='bbox 732 1723 780 1769; x_wconf 94' lang='lat' dir='ltr'>et</span> <span class='ocrx_word' id='word_1_123' title='bbox 818 1717 1138 1769; x_wconf 85' lang='lat' dir='ltr'>indefensum</span> <span class='ocrx_word' id='word_1_124' title='bbox 1173 1717 1405 1783; x_wconf 89' lang='lat' dir='ltr'>planctus</span> <span class='ocrx_word' id='word_1_125' title='bbox 1436 1716 1752 1784; x_wconf 86' lang='lat' dir='ltr'>Agrippinae</span> <span class='ocrx_word' id='word_1_126' title='bbox 1790 1732 1851 1767; x_wconf 90' lang='lat' dir='ltr'>ac</span> <span class='ocrx_word' id='word_1_127' title='bbox 1885 1716 2067 1784; x_wconf 88' lang='lat' dir='ltr'>vulgus</span> <span class='ocrx_word' id='word_1_128' title='bbox 2089 1728 2134 1766; x_wconf 74' lang='lat' dir='ltr'>rs</span> 
     </span>
     <span class='ocr_line' id='line_1_17' title="bbox 234 1808 2066 1876; baseline 0 -17"><span class='ocrx_word' id='word_1_129' title='bbox 234 1808 517 1875; x_wconf 88' lang='lat' dir='ltr'>imperitum</span> <span class='ocrx_word' id='word_1_130' title='bbox 541 1810 704 1875; x_wconf 90' lang='lat' dir='ltr'>primo</span> <span class='ocrx_word' id='word_1_131' title='bbox 733 1824 939 1861; x_wconf 91' lang='lat' dir='ltr'>rumore</span> <span class='ocrx_word' id='word_1_132' title='bbox 956 1809 1198 1876; x_wconf 83' lang='lat' dir='ltr'>rapiant?</span> <span class='ocrx_word' id='word_1_133' title='bbox 1217 1810 1308 1860; x_wconf 89' lang='lat' dir='ltr'>Est</span> <span class='ocrx_word' id='word_1_134' title='bbox 1334 1809 1424 1859; x_wconf 92' lang='lat' dir='ltr'>tibi</span> <span class='ocrx_word' id='word_1_135' title='bbox 1443 1809 1707 1876; x_wconf 83' lang='lat' dir='ltr'>Augustae</span> <span class='ocrx_word' id='word_1_136' title='bbox 1733 1808 2066 1873; x_wconf 86' lang='lat' dir='ltr'>conscientia,</span> 
     </span>
     <span class='ocr_line' id='line_1_18' title="bbox 236 1899 2069 1966; baseline 0.002 -15"><span class='ocrx_word' id='word_1_137' title='bbox 236 1904 314 1951; x_wconf 85' lang='lat' dir='ltr'>est</span> <span class='ocrx_word' id='word_1_138' title='bbox 347 1900 583 1952; x_wconf 88' lang='lat' dir='ltr'>Caesaris</span> <span class='ocrx_word' id='word_1_139' title='bbox 621 1899 797 1965; x_wconf 84' lang='lat' dir='ltr'>favor,</span> <span class='ocrx_word' id='word_1_140' title='bbox 857 1901 949 1952; x_wconf 90' lang='lat' dir='ltr'>sed</span> <span class='ocrx_word' id='word_1_141' title='bbox 998 1901 1050 1951; x_wconf 91' lang='lat' dir='ltr'>in</span> <span class='ocrx_word' id='word_1_142' title='bbox 1086 1901 1316 1965; x_wconf 79' lang='lat' dir='ltr'>occult03</span> <span class='ocrx_word' id='word_1_143' title='bbox 1376 1905 1426 1952; x_wconf 90' lang='lat' dir='ltr'>et</span> <span class='ocrx_word' id='word_1_144' title='bbox 1479 1900 1678 1966; x_wconf 89' lang='lat' dir='ltr'>perisse</span> <span class='ocrx_word' id='word_1_145' title='bbox 1715 1899 2069 1955; x_wconf 87' lang='lat' dir='ltr'>Germanicum</span> 
     </span>
     <span class='ocr_line' id='line_1_19' title="bbox 154 1990 2069 2058; baseline 0.003 -18"><span class='ocrx_word' id='word_1_146' title='bbox 154 1990 358 2042; x_wconf 71' lang='lat' dir='ltr'>⁷8nulli</span> <span class='ocrx_word' id='word_1_147' title='bbox 392 1991 659 2043; x_wconf 87' lang='lat' dir='ltr'>iactantius</span> <span class='ocrx_word' id='word_1_148' title='bbox 697 1997 928 2044; x_wconf 88' lang='lat' dir='ltr'>maerent</span> <span class='ocrx_word' id='word_1_149' title='bbox 977 2007 1125 2058; x_wconf 84' lang='lat' dir='ltr'>quam</span> <span class='ocrx_word' id='word_1_150' title='bbox 1181 1992 1264 2058; x_wconf 84' lang='lat' dir='ltr'>qui</span> <span class='ocrx_word' id='word_1_151' title='bbox 1317 1991 1535 2043; x_wconf 84' lang='lat' dir='ltr'>maxime</span> <span class='ocrx_word' id='word_1_152' title='bbox 1571 1991 1852 2043; x_wconf 75' lang='lat' dir='ltr'>laetantur.²</span> <span class='ocrx_word' id='word_1_153' title='bbox 1925 1992 2069 2046; x_wconf 88' lang='lat' dir='ltr'>Haud</span> 
     </span>
     <span class='ocr_line' id='line_1_20' title="bbox 237 2082 2065 2150; baseline 0 -16"><span class='ocrx_word' id='word_1_154' title='bbox 237 2097 419 2150; x_wconf 84' lang='lat' dir='ltr'>magna</span> <span class='ocrx_word' id='word_1_155' title='bbox 456 2082 588 2134; x_wconf 90' lang='lat' dir='ltr'>mole</span> <span class='ocrx_word' id='word_1_156' title='bbox 617 2082 749 2148; x_wconf 91' lang='lat' dir='ltr'>Piso,</span> <span class='ocrx_word' id='word_1_157' title='bbox 790 2088 1048 2149; x_wconf 88' lang='lat' dir='ltr'>promptus</span> <span class='ocrx_word' id='word_1_158' title='bbox 1089 2083 1367 2147; x_wconf 78' lang='lat' dir='ltr'>ferocibuS,</span> <span class='ocrx_word' id='word_1_159' title='bbox 1402 2083 1454 2134; x_wconf 91' lang='lat' dir='ltr'>in</span> <span class='ocrx_word' id='word_1_160' title='bbox 1490 2083 1790 2135; x_wconf 85' lang='lat' dir='ltr'>sententiam</span> <span class='ocrx_word' id='word_1_161' title='bbox 1824 2084 2065 2147; x_wconf 86' lang='lat' dir='ltr'>trahitur,</span> 
     </span>
     <span class='ocr_line' id='line_1_21' title="bbox 233 2172 2134 2240; baseline -0.002 -16"><span class='ocrx_word' id='word_1_162' title='bbox 233 2172 504 2239; x_wconf 88' lang='lat' dir='ltr'>missisque</span> <span class='ocrx_word' id='word_1_163' title='bbox 544 2174 607 2224; x_wconf 92' lang='lat' dir='ltr'>ad</span> <span class='ocrx_word' id='word_1_164' title='bbox 642 2173 895 2226; x_wconf 87' lang='lat' dir='ltr'>Tiberium</span> <span class='ocrx_word' id='word_1_165' title='bbox 935 2174 1161 2240; x_wconf 90' lang='lat' dir='ltr'>epistulis</span> <span class='ocrx_word' id='word_1_166' title='bbox 1203 2174 1401 2225; x_wconf 87' lang='lat' dir='ltr'>incusat</span> <span class='ocrx_word' id='word_1_167' title='bbox 1443 2174 1796 2225; x_wconf 88' lang='lat' dir='ltr'>Germanicum</span> <span class='ocrx_word' id='word_1_168' title='bbox 1835 2174 1980 2225; x_wconf 78' lang='lat' dir='ltr'>luxus</span> <span class='ocrx_word' id='word_1_169' title='bbox 2019 2179 2067 2226; x_wconf 93' lang='lat' dir='ltr'>et</span> <span class='ocrx_word' id='word_1_170' title='bbox 2084 2183 2134 2221; x_wconf 77' lang='lat'>20</span> 
     </span>
     <span class='ocr_line' id='line_1_22' title="bbox 232 2262 2064 2334; baseline 0 -19"><span class='ocrx_word' id='word_1_171' title='bbox 232 2262 534 2332; x_wconf 85' lang='lat' dir='ltr'>superbiae;</span> <span class='ocrx_word' id='word_1_172' title='bbox 597 2279 755 2334; x_wconf 87' lang='lat' dir='ltr'>seque</span> <span class='ocrx_word' id='word_1_173' title='bbox 807 2264 1032 2331; x_wconf 88' lang='lat' dir='ltr'>pulsum,</span> <span class='ocrx_word' id='word_1_174' title='bbox 1094 2269 1147 2315; x_wconf 92' lang='lat' dir='ltr'>ut</span> <span class='ocrx_word' id='word_1_175' title='bbox 1194 2264 1338 2316; x_wconf 89' lang='lat' dir='ltr'>locus</span> <span class='ocrx_word' id='word_1_176' title='bbox 1390 2264 1542 2316; x_wconf 86' lang='lat' dir='ltr'>rebus</span> <span class='ocrx_word' id='word_1_177' title='bbox 1592 2265 1739 2316; x_wconf 88' lang='lat' dir='ltr'>novis</span> <span class='ocrx_word' id='word_1_178' title='bbox 1788 2264 2064 2333; x_wconf 82' lang='lat' dir='ltr'>patefieret,</span> 
     </span>
     <span class='ocr_line' id='line_1_23' title="bbox 234 2354 2068 2423; baseline 0.001 -19"><span class='ocrx_word' id='word_1_179' title='bbox 234 2368 406 2405; x_wconf 88' lang='lat' dir='ltr'>euram</span> <span class='ocrx_word' id='word_1_180' title='bbox 443 2355 698 2407; x_wconf 86' lang='lat' dir='ltr'>exercitus</span> <span class='ocrx_word' id='word_1_181' title='bbox 746 2355 926 2407; x_wconf 86' lang='lat' dir='ltr'>eadem</span> <span class='ocrx_word' id='word_1_182' title='bbox 974 2354 1073 2406; x_wconf 89' lang='lat' dir='ltr'>fide</span> <span class='ocrx_word' id='word_1_183' title='bbox 1123 2369 1220 2423; x_wconf 87' lang='lat' dir='ltr'>qua</span> <span class='ocrx_word' id='word_1_184' title='bbox 1259 2356 1479 2407; x_wconf 91' lang='lat' dir='ltr'>tenuerit</span> <span class='ocrx_word' id='word_1_185' title='bbox 1518 2355 1837 2422; x_wconf 86' lang='lat' dir='ltr'>repetivisse.</span> <span class='ocrx_word' id='word_1_186' title='bbox 1913 2354 2068 2408; x_wconf 89' lang='lat' dir='ltr'>Simul</span> 
     </span>
     <span class='ocr_line' id='line_1_24' title="bbox 234 2444 2069 2515; baseline 0.002 -20"><span class='ocrx_word' id='word_1_187' title='bbox 234 2444 505 2496; x_wconf 88' lang='lat' dir='ltr'>Domitium</span> <span class='ocrx_word' id='word_1_188' title='bbox 544 2445 829 2513; x_wconf 90' lang='lat' dir='ltr'>impositum</span> <span class='ocrx_word' id='word_1_189' title='bbox 877 2446 1071 2498; x_wconf 88' lang='lat' dir='ltr'>triremi</span> <span class='ocrx_word' id='word_1_190' title='bbox 1115 2447 1282 2515; x_wconf 74' lang='lat' dir='ltr'>yitare</span> <span class='ocrx_word' id='word_1_191' title='bbox 1335 2447 1535 2498; x_wconf 90' lang='lat' dir='ltr'>litorum</span> <span class='ocrx_word' id='word_1_192' title='bbox 1584 2462 1724 2498; x_wconf 89' lang='lat' dir='ltr'>oram</span> <span class='ocrx_word' id='word_1_193' title='bbox 1764 2452 2069 2513; x_wconf 85' lang='lat' dir='ltr'>praeterque</span> 
     </span>
    </p>
   </div>
   <div class='ocr_carea' id='block_1_3' title="bbox 233 2534 2067 2605">
    <p class='ocr_par' dir='ltr' id='par_1_3' title="bbox 233 2534 2067 2605">
     <span class='ocr_line' id='line_1_25' title="bbox 233 2534 2067 2605; baseline 0.001 -16"><span class='ocrx_word' id='word_1_194' title='bbox 233 2534 424 2589; x_wconf 76' lang='lat' dir='ltr'>insulas</span> <span class='ocrx_word' id='word_1_195' title='bbox 459 2536 561 2589; x_wconf 82' lang='lat' dir='ltr'>lato</span> <span class='ocrx_word' id='word_1_196' title='bbox 598 2538 725 2589; x_wconf 87' lang='lat' dir='ltr'>mari</span> <span class='ocrx_word' id='word_1_197' title='bbox 759 2552 980 2605; x_wconf 86' lang='lat' dir='ltr'>pergere</span> <span class='ocrx_word' id='word_1_198' title='bbox 1016 2537 1069 2588; x_wconf 89' lang='lat' dir='ltr'>in</span> <span class='ocrx_word' id='word_1_199' title='bbox 1103 2538 1300 2605; x_wconf 86' lang='lat' dir='ltr'>Syriam</span> <span class='ocrx_word' id='word_1_200' title='bbox 1332 2537 1485 2591; x_wconf 88' lang='lat' dir='ltr'>iubet.</span> <span class='ocrx_word' id='word_1_201' title='bbox 1561 2538 1935 2591; x_wconf 87' lang='lat' dir='ltr'>Concurrentes</span> <span class='ocrx_word' id='word_1_202' title='bbox 1973 2538 2067 2590; x_wconf 85' lang='lat' dir='ltr'>de-</span> 
     </span>
    </p>
   </div>
   <div class='ocr_carea' id='block_1_4' title="bbox 230 2677 2062 2796">
    <p class='ocr_par' dir='ltr' id='par_1_4' title="bbox 230 2677 2062 2796">
     <span class='ocr_line' id='line_1_26' title="bbox 332 2677 2062 2738; baseline 0.001 -19"><span class='ocrx_word' id='word_1_203' title='bbox 332 2677 375 2719; x_wconf 67' lang='lat'>4.</span> <span class='ocrx_word' id='word_1_204' title='bbox 407 2677 580 2732; x_wconf 76' lang='lat' dir='ltr'>aputM.</span> <span class='ocrx_word' id='word_1_205' title='bbox 643 2678 685 2720; x_wconf 87' lang='lat'>9.</span> <span class='ocrx_word' id='word_1_206' title='bbox 720 2691 768 2719; x_wconf 86' lang='lat' dir='ltr'>eo</span> <span class='ocrx_word' id='word_1_207' title='bbox 801 2677 967 2720; x_wconf 85' lang='lat' dir='ltr'>editor:</span> <span class='ocrx_word' id='word_1_208' title='bbox 1002 2677 1127 2721; x_wconf 84' lang='lat' dir='ltr'>deest</span> <span class='ocrx_word' id='word_1_209' title='bbox 1157 2678 1372 2722; x_wconf 82' lang='lat' dir='ltr'>Mediceo.</span> <span class='ocrx_word' id='word_1_210' title='bbox 1439 2680 1507 2722; x_wconf 77' lang='lat'>10.</span> <span class='ocrx_word' id='word_1_211' title='bbox 1541 2692 1643 2722; x_wconf 84' lang='lat' dir='ltr'>man</span> <span class='ocrx_word' id='word_1_212' title='bbox 1664 2681 1730 2738; x_wconf 88' lang='lat' dir='ltr'>(in</span> <span class='ocrx_word' id='word_1_213' title='bbox 1762 2679 1846 2724; x_wconf 81' lang='lat' dir='ltr'>fine</span> <span class='ocrx_word' id='word_1_214' title='bbox 1883 2685 2062 2738; x_wconf 77' lang='lat' dir='ltr'>versus)</span> 
     </span>
     <span class='ocr_line' id='line_1_27' title="bbox 230 2734 1474 2796; baseline 0.005 -20"><span class='ocrx_word' id='word_1_215' title='bbox 230 2734 438 2776; x_wconf 72' lang='lat' dir='ltr'>mndata</span> <span class='ocrx_word' id='word_1_216' title='bbox 468 2736 524 2778; x_wconf 80' lang='lat' dir='ltr'>M.</span> <span class='ocrx_word' id='word_1_217' title='bbox 588 2736 656 2779; x_wconf 87' lang='grc'>16.</span> <span class='ocrx_word' id='word_1_218' title='bbox 685 2739 923 2793; x_wconf 69' lang='lat' dir='ltr'>primorum.</span> <span class='ocrx_word' id='word_1_219' title='bbox 953 2751 1028 2779; x_wconf 83' lang='lat' dir='ltr'>ore</span> <span class='ocrx_word' id='word_1_220' title='bbox 1058 2738 1113 2780; x_wconf 88' lang='grc' dir='ltr'>Μ.</span> <span class='ocrx_word' id='word_1_221' title='bbox 1189 2739 1260 2782; x_wconf 84' lang='grc'>23.</span> <span class='ocrx_word' id='word_1_222' title='bbox 1295 2739 1385 2796; x_wconf 80' lang='lat' dir='ltr'>inp.</span> <span class='ocrx_word' id='word_1_223' title='bbox 1419 2738 1474 2782; x_wconf 88' lang='lat' dir='ltr'>M.</span> 
     </span>
    </p>
   </div>
   <div class='ocr_carea' id='block_1_5' title="bbox 1189 2853 2068 2969">
    <p class='ocr_par' dir='ltr' id='par_1_5' title="bbox 1189 2853 2068 2969">
     <span class='ocr_line' id='line_1_28' title="bbox 1189 2853 2068 2897; baseline -0.002 -2"><span class='ocrx_word' id='word_1_224' title='bbox 1189 2853 1308 2895; x_wconf 91' lang='lat' dir='ltr'>Idem</span> <span class='ocrx_word' id='word_1_225' title='bbox 1341 2858 1486 2895; x_wconf 81' lang='lat' dir='ltr'>tamen</span> <span class='ocrx_word' id='word_1_226' title='bbox 1517 2854 1656 2895; x_wconf 79' lang='lat' dir='ltr'>suasit</span> <span class='ocrx_word' id='word_1_227' title='bbox 1703 2854 1832 2896; x_wconf 87' lang='lat' dir='ltr'>etiam</span> <span class='ocrx_word' id='word_1_228' title='bbox 1865 2854 2068 2897; x_wconf 78' lang='lat' dir='ltr'>Bezzen-</span> 
     </span>
     <span class='ocr_line' id='line_1_29' title="bbox 1189 2912 2067 2969; baseline 0.002 -15"><span class='ocrx_word' id='word_1_229' title='bbox 1189 2912 1361 2969; x_wconf 87' lang='lat' dir='ltr'>berger.</span> <span class='ocrx_word' id='word_1_230' title='bbox 1411 2912 1606 2955; x_wconf 83' lang='lat' dir='ltr'>Pichena</span> <span class='ocrx_word' id='word_1_231' title='bbox 1639 2927 1761 2969; x_wconf 81' lang='lat' dir='ltr'>quam</span> <span class='ocrx_word' id='word_1_232' title='bbox 1792 2915 1966 2969; x_wconf 84' lang='lat' dir='ltr'>scripsit</span> <span class='ocrx_word' id='word_1_233' title='bbox 1989 2927 2067 2968; x_wconf 88' lang='lat' dir='ltr'>pro</span> 
     </span>
    </p>
   </div>
   <div class='ocr_carea' id='block_1_6' title="bbox 233 2844 1108 2964">
    <p class='ocr_par' dir='ltr' id='par_1_6' title="bbox 233 2844 1108 2964">
     <span class='ocr_line' id='line_1_30' title="bbox 324 2844 1107 2905; baseline 0.008 -16"><span class='ocrx_word' id='word_1_234' title='bbox 324 2844 428 2903; x_wconf 79' lang='lat' dir='ltr'>Cap.</span> <span class='ocrx_word' id='word_1_235' title='bbox 445 2848 516 2891; x_wconf 89' lang='lat'>76.</span> <span class='ocrx_word' id='word_1_236' title='bbox 554 2849 797 2905; x_wconf 61' lang='lat' dir='ltr'>adnuebant</span> <span class='ocrx_word' id='word_1_237' title='bbox 811 2853 1082 2895; x_wconf 73' lang='lat' dir='ltr'>centuriones</span> <span class='ocrx_word' id='word_1_238' title='bbox 1094 2869 1107 2895; x_wconf 86' lang='lat'>.-</span> 
     </span>
     <span class='ocr_line' id='line_1_31' title="bbox 233 2906 1108 2964; baseline 0.008 -17"><span class='ocrx_word' id='word_1_239' title='bbox 233 2906 382 2962; x_wconf 70' lang='lat' dir='ltr'>cogita</span> <span class='ocrx_word' id='word_1_240' title='bbox 413 2919 467 2948; x_wconf 84' lang='lat' dir='ltr'>ex</span> <span class='ocrx_word' id='word_1_241' title='bbox 499 2906 751 2963; x_wconf 85' lang='lat' dir='ltr'>legionibus</span> <span class='ocrx_word' id='word_1_242' title='bbox 783 2910 974 2964; x_wconf 85' lang='lat' dir='ltr'>Syriacis</span> <span class='ocrx_word' id='word_1_243' title='bbox 999 2925 1108 2954; x_wconf 86' lang='lat' dir='ltr'>cen-</span> 
     </span>
    </p>
   </div>
   <div class='ocr_carea' id='block_1_7' title="bbox 232 2966 1108 3731">
    <p class='ocr_par' dir='ltr' id='par_1_7' title="bbox 233 2966 1107 3070">
     <span class='ocr_line' id='line_1_32' title="bbox 233 2966 1107 3020; baseline 0.011 -16"><span class='ocrx_word' id='word_1_244' title='bbox 233 2966 428 3007; x_wconf 76' lang='lat' dir='ltr'>turiones</span> <span class='ocrx_word' id='word_1_245' title='bbox 451 2972 673 3020; x_wconf 84' lang='lat' dir='ltr'>comperta</span> <span class='ocrx_word' id='word_1_246' title='bbox 696 2966 940 3012; x_wconf 82' lang='lat' dir='ltr'>Germanici</span> <span class='ocrx_word' id='word_1_247' title='bbox 967 2978 1107 3013; x_wconf 90' lang='lat' dir='ltr'>morte</span> 
     </span>
     <span class='ocr_line' id='line_1_33' title="bbox 233 3022 847 3070; baseline 0.008 -5"><span class='ocrx_word' id='word_1_248' title='bbox 233 3022 287 3066; x_wconf 78' lang='lat' dir='ltr'>ad</span> <span class='ocrx_word' id='word_1_249' title='bbox 317 3022 520 3066; x_wconf 83' lang='lat' dir='ltr'>Pisonem</span> <span class='ocrx_word' id='word_1_250' title='bbox 553 3026 847 3070; x_wconf 79' lang='lat' dir='ltr'>festinavisse.</span> 
     </span>
    </p>

    <p class='ocr_par' dir='ltr' id='par_1_8' title="bbox 233 3080 1108 3306">
     <span class='ocr_line' id='line_1_34' title="bbox 321 3080 1108 3143; baseline 0.008 -18"><span class='ocrx_word' id='word_1_251' title='bbox 321 3080 426 3136; x_wconf 79' lang='lat' dir='ltr'>Cap.</span> <span class='ocrx_word' id='word_1_252' title='bbox 470 3084 542 3126; x_wconf 88' lang='grc'>77.</span> <span class='ocrx_word' id='word_1_253' title='bbox 604 3087 670 3128; x_wconf 71' lang='lat' dir='ltr'>ius</span> <span class='ocrx_word' id='word_1_254' title='bbox 706 3089 951 3143; x_wconf 75' lang='lat' dir='ltr'>praetoris:</span> <span class='ocrx_word' id='word_1_255' title='bbox 1003 3089 1108 3131; x_wconf 85' lang='lat' dir='ltr'>dicit</span> 
     </span>
     <span class='ocr_line' id='line_1_35' title="bbox 234 3140 1106 3202; baseline 0.007 -18"><span class='ocrx_word' id='word_1_256' title='bbox 234 3140 277 3185; x_wconf 81' lang='lat' dir='ltr'>id</span> <span class='ocrx_word' id='word_1_257' title='bbox 329 3143 436 3186; x_wconf 71' lang='lat' dir='ltr'>iuris</span> <span class='ocrx_word' id='word_1_258' title='bbox 497 3144 613 3198; x_wconf 83' lang='lat' dir='ltr'>quod</span> <span class='ocrx_word' id='word_1_259' title='bbox 667 3146 711 3189; x_wconf 87' lang='lat' dir='ltr'>in</span> <span class='ocrx_word' id='word_1_260' title='bbox 767 3146 874 3188; x_wconf 83' lang='lat' dir='ltr'>urbe</span> <span class='ocrx_word' id='word_1_261' title='bbox 932 3155 1106 3202; x_wconf 82' lang='lat' dir='ltr'>praetor</span> 
     </span>
     <span class='ocr_line' id='line_1_36' title="bbox 233 3201 1102 3261; baseline 0.009 -20"><span class='ocrx_word' id='word_1_262' title='bbox 233 3207 455 3253; x_wconf 75' lang='lat' dir='ltr'>exerceat,</span> <span class='ocrx_word' id='word_1_263' title='bbox 473 3201 514 3245; x_wconf 81' lang='lat' dir='ltr'>h.</span> <span class='ocrx_word' id='word_1_264' title='bbox 546 3216 586 3246; x_wconf 82' lang='lat' dir='ltr'>e.</span> <span class='ocrx_word' id='word_1_265' title='bbox 616 3217 771 3248; x_wconf 88' lang='lat' dir='ltr'>munus</span> <span class='ocrx_word' id='word_1_266' title='bbox 795 3209 1102 3261; x_wconf 83' lang='lat' dir='ltr'>propraetoris.</span> 
     </span>
     <span class='ocr_line' id='line_1_37' title="bbox 234 3255 779 3306; baseline 0.013 -7"><span class='ocrx_word' id='word_1_267' title='bbox 234 3255 361 3300; x_wconf 80' lang='lat' dir='ltr'>Conf.</span> <span class='ocrx_word' id='word_1_268' title='bbox 395 3266 542 3302; x_wconf 84' lang='lat' dir='ltr'>annot.</span> <span class='ocrx_word' id='word_1_269' title='bbox 574 3261 626 3303; x_wconf 87' lang='lat' dir='ltr'>ad</span> <span class='ocrx_word' id='word_1_270' title='bbox 659 3263 676 3304; x_wconf 91' lang='lat'>1</span> <span class='ocrx_word' id='word_1_271' title='bbox 709 3265 779 3306; x_wconf 81' lang='lat'>74.</span> 
     </span>
    </p>

    <p class='ocr_par' dir='ltr' id='par_1_9' title="bbox 232 3319 1104 3731">
     <span class='ocr_line' id='line_1_38' title="bbox 322 3319 1104 3376; baseline 0.013 -20"><span class='ocrx_word' id='word_1_272' title='bbox 322 3329 371 3357; x_wconf 81' lang='lat' dir='ltr'>eo</span> <span class='ocrx_word' id='word_1_273' title='bbox 409 3319 481 3370; x_wconf 79' lang='lat' dir='ltr'>qm·</span> <span class='ocrx_word' id='word_1_274' title='bbox 499 3326 565 3352; x_wconf 79' lang='lat'><strong>-....</strong></span> <span class='ocrx_word' id='word_1_275' title='bbox 597 3325 833 3376; x_wconf 73' lang='lat' dir='ltr'>acceperit.-</span> <span class='ocrx_word' id='word_1_276' title='bbox 876 3337 923 3364; x_wconf 81' lang='lat' dir='ltr'>eo</span> <span class='ocrx_word' id='word_1_277' title='bbox 963 3337 987 3365; x_wconf 82' lang='lat' dir='ltr'>a</span> <span class='ocrx_word' id='word_1_278' title='bbox 1036 3338 1104 3366; x_wconf 86' lang='lat' dir='ltr'>mc</span> 
     </span>
     <span class='ocr_line' id='line_1_39' title="bbox 234 3375 1102 3438; baseline 0.012 -24"><span class='ocrx_word' id='word_1_279' title='bbox 234 3375 538 3427; x_wconf 76' lang='lat' dir='ltr'>interpositum</span> <span class='ocrx_word' id='word_1_280' title='bbox 571 3378 613 3419; x_wconf 85' lang='lat' dir='ltr'>iu</span> <span class='ocrx_word' id='word_1_281' title='bbox 648 3379 758 3421; x_wconf 85' lang='lat' dir='ltr'>libro</span> <span class='ocrx_word' id='word_1_282' title='bbox 778 3381 818 3422; x_wconf 80' lang='lat' dir='ltr'><strong>M</strong></span> <span class='ocrx_word' id='word_1_283' title='bbox 851 3387 948 3435; x_wconf 78' lang='lat' dir='ltr'>post</span> <span class='ocrx_word' id='word_1_284' title='bbox 970 3397 1102 3438; x_wconf 77' lang='lat' dir='ltr'>oppo-</span> 
     </span>
     <span class='ocr_line' id='line_1_40' title="bbox 232 3434 1101 3493; baseline 0.009 -18"><span class='ocrx_word' id='word_1_285' title='bbox 232 3434 412 3476; x_wconf 71' lang='lat' dir='ltr'>siturum</span> <span class='ocrx_word' id='word_1_286' title='bbox 443 3436 623 3478; x_wconf 75' lang='lat' dir='ltr'>evanuit</span> <span class='ocrx_word' id='word_1_287' title='bbox 654 3436 902 3493; x_wconf 79' lang='lat' dir='ltr'>absorptum</span> <span class='ocrx_word' id='word_1_288' title='bbox 935 3441 988 3482; x_wconf 76' lang='lat' dir='ltr'>ab</span> <span class='ocrx_word' id='word_1_289' title='bbox 1021 3454 1101 3482; x_wconf 83' lang='lat' dir='ltr'>an-</span> 
     </span>
     <span class='ocr_line' id='line_1_41' title="bbox 232 3491 1102 3548; baseline 0.009 -15"><span class='ocrx_word' id='word_1_290' title='bbox 232 3497 432 3548; x_wconf 75' lang='lat' dir='ltr'>tegressa</span> <span class='ocrx_word' id='word_1_291' title='bbox 449 3491 620 3548; x_wconf 76' lang='lat' dir='ltr'>syllaba</span> <span class='ocrx_word' id='word_1_292' title='bbox 640 3509 747 3538; x_wconf 80' lang='lat' dir='ltr'>rum.</span> <span class='ocrx_word' id='word_1_293' title='bbox 793 3496 981 3540; x_wconf 88' lang='lat' dir='ltr'>Orellius</span> <span class='ocrx_word' id='word_1_294' title='bbox 1003 3499 1102 3541; x_wconf 88' lang='lat' dir='ltr'>dum</span> 
     </span>
     <span class='ocr_line' id='line_1_42' title="bbox 233 3548 1100 3609; baseline 0.008 -17"><span class='ocrx_word' id='word_1_295' title='bbox 233 3548 337 3593; x_wconf 85' lang='lat' dir='ltr'>huic</span> <span class='ocrx_word' id='word_1_296' title='bbox 390 3551 578 3595; x_wconf 79' lang='lat' dir='ltr'>voculae</span> <span class='ocrx_word' id='word_1_297' title='bbox 632 3562 728 3609; x_wconf 88' lang='lat' dir='ltr'>post</span> <span class='ocrx_word' id='word_1_298' title='bbox 784 3571 908 3598; x_wconf 74' lang='lat' dir='ltr'>ama</span> <span class='ocrx_word' id='word_1_299' title='bbox 958 3557 1100 3599; x_wconf 89' lang='lat' dir='ltr'>locum</span> 
     </span>
     <span class='ocr_line' id='line_1_43' title="bbox 233 3610 1103 3678; baseline 0.002 -22"><span class='ocrx_word' id='word_1_300' title='bbox 233 3610 479 3678; x_wconf 65' lang='lat' dir='ltr'>concedere</span> <span class='ocrx_word' id='word_1_301' title='bbox 511 3613 693 3659; x_wconf 83' lang='lat' dir='ltr'>inclinat</span> <span class='ocrx_word' id='word_1_302' title='bbox 713 3648 725 3669; x_wconf 85' lang='lat'>‚</span> <span class='ocrx_word' id='word_1_303' title='bbox 767 3629 854 3661; x_wconf 88' lang='lat' dir='ltr'>non</span> <span class='ocrx_word' id='word_1_304' title='bbox 883 3619 1103 3672; x_wconf 75' lang='lat' dir='ltr'>reputavit</span> 
     </span>
     <span class='ocr_line' id='line_1_44' title="bbox 232 3668 1099 3731; baseline 0.006 -17"><span class='ocrx_word' id='word_1_305' title='bbox 232 3668 295 3714; x_wconf 72' lang='lat' dir='ltr'>nbi</span> <span class='ocrx_word' id='word_1_306' title='bbox 327 3681 477 3726; x_wconf 74' lang='lat' dir='ltr'>pamm</span> <span class='ocrx_word' id='word_1_307' title='bbox 509 3671 661 3717; x_wconf 77' lang='lat' dir='ltr'>Latine</span> <span class='ocrx_word' id='word_1_308' title='bbox 693 3676 796 3730; x_wconf 89' lang='lat' dir='ltr'>poni</span> <span class='ocrx_word' id='word_1_309' title='bbox 829 3689 925 3718; x_wconf 88' lang='lat' dir='ltr'>eam</span> <span class='ocrx_word' id='word_1_310' title='bbox 954 3686 1099 3731; x_wconf 85' lang='lat' dir='ltr'>posse.</span> 
     </span>
    </p>
   </div>
   <div class='ocr_carea' id='block_1_8' title="bbox 1187 2972 2066 3741">
    <p class='ocr_par' dir='ltr' id='par_1_10' title="bbox 1188 2972 2066 3250">
     <span class='ocr_line' id='line_1_45' title="bbox 1190 2972 2066 3028; baseline 0.001 -14"><span class='ocrx_word' id='word_1_311' title='bbox 1190 2987 1333 3028; x_wconf 80' lang='lat' dir='ltr'>quem,</span> <span class='ocrx_word' id='word_1_312' title='bbox 1376 2978 1478 3015; x_wconf 81' lang='lat' dir='ltr'>ante</span> <span class='ocrx_word' id='word_1_313' title='bbox 1523 2972 1640 3015; x_wconf 91' lang='lat' dir='ltr'>hunc</span> <span class='ocrx_word' id='word_1_314' title='bbox 1683 2980 1776 3015; x_wconf 87' lang='lat' dir='ltr'>erat</span> <span class='ocrx_word' id='word_1_315' title='bbox 1819 2987 1943 3027; x_wconf 79' lang='lat' dir='ltr'>quam</span> <span class='ocrx_word' id='word_1_316' title='bbox 1982 2976 2066 3028; x_wconf 79' lang='lat' dir='ltr'>qui,</span> 
     </span>
     <span class='ocr_line' id='line_1_46' title="bbox 1188 3033 2066 3075; baseline 0 -1"><span class='ocrx_word' id='word_1_317' title='bbox 1188 3034 1291 3074; x_wconf 91' lang='lat' dir='ltr'>item</span> <span class='ocrx_word' id='word_1_318' title='bbox 1339 3046 1392 3074; x_wconf 87' lang='lat' dir='ltr'>ex</span> <span class='ocrx_word' id='word_1_319' title='bbox 1442 3034 1732 3074; x_wconf 88' lang='lat' dir='ltr'>correctione.</span> <span class='ocrx_word' id='word_1_320' title='bbox 1797 3033 1868 3075; x_wconf 87' lang='lat' dir='ltr'>Sic</span> <span class='ocrx_word' id='word_1_321' title='bbox 1920 3035 2066 3074; x_wconf 86' lang='lat' dir='ltr'>statim</span> 
     </span>
     <span class='ocr_line' id='line_1_47' title="bbox 1189 3092 2063 3147; baseline -0.002 -13"><span class='ocrx_word' id='word_1_322' title='bbox 1189 3106 1313 3147; x_wconf 76' lang='lat' dir='ltr'>quam</span> <span class='ocrx_word' id='word_1_323' title='bbox 1332 3093 1405 3147; x_wconf 82' lang='lat' dir='ltr'>qm·</span> <span class='ocrx_word' id='word_1_324' title='bbox 1424 3094 1606 3134; x_wconf 73' lang='lat' dir='ltr'>maxime</span> <span class='ocrx_word' id='word_1_325' title='bbox 1628 3092 1863 3134; x_wconf 77' lang='lat' dir='ltr'>laetantur.</span> <span class='ocrx_word' id='word_1_326' title='bbox 1906 3092 1962 3132; x_wconf 86' lang='lat'>111</span> <span class='ocrx_word' id='word_1_327' title='bbox 1987 3093 2063 3134; x_wconf 85' lang='lat'>18:</span> 
     </span>
     <span class='ocr_line' id='line_1_48' title="bbox 1188 3151 2063 3206; baseline -0.005 -14"><span class='ocrx_word' id='word_1_328' title='bbox 1188 3165 1314 3206; x_wconf 81' lang='lat' dir='ltr'>quam</span> <span class='ocrx_word' id='word_1_329' title='bbox 1345 3164 1464 3206; x_wconf 77' lang='lat' dir='ltr'>quem</span> <span class='ocrx_word' id='word_1_330' title='bbox 1493 3154 1682 3205; x_wconf 77' lang='lat' dir='ltr'>futurum</span> <span class='ocrx_word' id='word_1_331' title='bbox 1706 3151 1945 3206; x_wconf 79' lang='lat' dir='ltr'>principem</span> <span class='ocrx_word' id='word_1_332' title='bbox 1967 3153 2063 3204; x_wconf 79' lang='lat' dir='ltr'>sor-</span> 
     </span>
     <span class='ocr_line' id='line_1_49' title="bbox 1188 3209 1783 3250; baseline -0.002 0"><span class='ocrx_word' id='word_1_333' title='bbox 1188 3216 1293 3250; x_wconf 78' lang='lat' dir='ltr'>luna</span> <span class='ocrx_word' id='word_1_334' title='bbox 1323 3210 1370 3250; x_wconf 78' lang='lat' dir='ltr'>in</span> <span class='ocrx_word' id='word_1_335' title='bbox 1404 3209 1568 3250; x_wconf 81' lang='lat' dir='ltr'>occulto</span> <span class='ocrx_word' id='word_1_336' title='bbox 1602 3210 1783 3250; x_wconf 79' lang='lat' dir='ltr'>tenebat.</span> 
     </span>
    </p>

    <p class='ocr_par' dir='ltr' id='par_1_11' title="bbox 1187 3267 2063 3605">
     <span class='ocr_line' id='line_1_50' title="bbox 1251 3267 2062 3323; baseline -0.001 -15"><span class='ocrx_word' id='word_1_337' title='bbox 1251 3269 1433 3323; x_wconf 76' lang='lat' dir='ltr'>propria</span> <span class='ocrx_word' id='word_1_338' title='bbox 1445 3268 1650 3308; x_wconf 81' lang='lat' dir='ltr'>mandata</span> <span class='ocrx_word' id='word_1_339' title='bbox 1660 3282 1673 3307; x_wconf 93' lang='lat'>.·</span> <span class='ocrx_word' id='word_1_340' title='bbox 1692 3267 1916 3322; x_wconf 81' lang='lat' dir='ltr'>intelligas</span> <span class='ocrx_word' id='word_1_341' title='bbox 1927 3268 2062 3321; x_wconf 85' lang='lat' dir='ltr'>ipsius</span> 
     </span>
     <span class='ocr_line' id='line_1_51' title="bbox 1190 3326 2061 3379; baseline 0.001 -14"><span class='ocrx_word' id='word_1_342' title='bbox 1190 3327 1399 3379; x_wconf 86' lang='lat' dir='ltr'>principis</span> <span class='ocrx_word' id='word_1_343' title='bbox 1450 3326 1681 3367; x_wconf 63' lang='lat' dir='ltr'>mandata}</span> <span class='ocrx_word' id='word_1_344' title='bbox 1739 3328 1774 3366; x_wconf 88' lang='lat' dir='ltr'>is</span> <span class='ocrx_word' id='word_1_345' title='bbox 1823 3328 1936 3366; x_wconf 85' lang='lat' dir='ltr'>enim</span> <span class='ocrx_word' id='word_1_346' title='bbox 1983 3339 2061 3368; x_wconf 87' lang='lat' dir='ltr'>suo</span> 
     </span>
     <span class='ocr_line' id='line_1_52' title="bbox 1189 3383 2062 3440; baseline 0.001 -15"><span class='ocrx_word' id='word_1_347' title='bbox 1189 3385 1368 3426; x_wconf 80' lang='lat' dir='ltr'>arbitrio</span> <span class='ocrx_word' id='word_1_348' title='bbox 1390 3384 1561 3440; x_wconf 84' lang='lat' dir='ltr'>legatos</span> <span class='ocrx_word' id='word_1_349' title='bbox 1581 3384 1780 3426; x_wconf 84' lang='lat' dir='ltr'>mittebat</span> <span class='ocrx_word' id='word_1_350' title='bbox 1797 3386 1839 3426; x_wconf 89' lang='lat' dir='ltr'>iu</span> <span class='ocrx_word' id='word_1_351' title='bbox 1863 3383 2062 3426; x_wconf 77' lang='lat' dir='ltr'>Caesaris</span> 
     </span>
     <span class='ocr_line' id='line_1_53' title="bbox 1188 3443 2060 3497; baseline 0.003 -14"><span class='ocrx_word' id='word_1_352' title='bbox 1188 3444 1450 3496; x_wconf 69' lang='lat' dir='ltr'>provinciaS,</span> <span class='ocrx_word' id='word_1_353' title='bbox 1486 3448 1527 3484; x_wconf 82' lang='lat' dir='ltr'>et</span> <span class='ocrx_word' id='word_1_354' title='bbox 1557 3443 1768 3484; x_wconf 89' lang='lat' dir='ltr'>eiusmodi</span> <span class='ocrx_word' id='word_1_355' title='bbox 1802 3443 1927 3497; x_wconf 81' lang='lat' dir='ltr'>Syria</span> <span class='ocrx_word' id='word_1_356' title='bbox 1954 3450 2060 3486; x_wconf 84' lang='lat' dir='ltr'>erat.</span> 
     </span>
     <span class='ocr_line' id='line_1_54' title="bbox 1187 3502 2063 3559; baseline 0.005 -17"><span class='ocrx_word' id='word_1_357' title='bbox 1187 3502 1253 3543; x_wconf 81' lang='lat' dir='ltr'>Ex</span> <span class='ocrx_word' id='word_1_358' title='bbox 1299 3504 1516 3543; x_wconf 80' lang='lat' dir='ltr'>contrario</span> <span class='ocrx_word' id='word_1_359' title='bbox 1559 3505 1775 3559; x_wconf 85' lang='lat' dir='ltr'>cogitatur</span> <span class='ocrx_word' id='word_1_360' title='bbox 1822 3504 1998 3546; x_wconf 82' lang='lat' dir='ltr'>Sentius</span> <span class='ocrx_word' id='word_1_361' title='bbox 2036 3517 2063 3546; x_wconf 80' lang='lat' dir='ltr'>a</span> 
     </span>
     <span class='ocr_line' id='line_1_55' title="bbox 1188 3559 1907 3605; baseline 0.003 -3"><span class='ocrx_word' id='word_1_362' title='bbox 1188 3559 1431 3603; x_wconf 87' lang='lat' dir='ltr'>Germanici</span> <span class='ocrx_word' id='word_1_363' title='bbox 1463 3563 1616 3603; x_wconf 84' lang='lat' dir='ltr'>amicis</span> <span class='ocrx_word' id='word_1_364' title='bbox 1650 3561 1907 3605; x_wconf 81' lang='lat' dir='ltr'>destinatus.</span> 
     </span>
    </p>

    <p class='ocr_par' dir='ltr' id='par_1_12' title="bbox 1187 3619 2061 3741">
     <span class='ocr_line' id='line_1_56' title="bbox 1276 3619 2061 3675; baseline 0.004 -12"><span class='ocrx_word' id='word_1_365' title='bbox 1276 3619 1382 3675; x_wconf 85' lang='lat' dir='ltr'>Cap.</span> <span class='ocrx_word' id='word_1_366' title='bbox 1426 3622 1496 3665; x_wconf 88' lang='lat'>78.</span> <span class='ocrx_word' id='word_1_367' title='bbox 1559 3621 1733 3664; x_wconf 78' lang='lat' dir='ltr'>litorum</span> <span class='ocrx_word' id='word_1_368' title='bbox 1773 3636 1920 3665; x_wconf 84' lang='lat' dir='ltr'>oram:</span> <span class='ocrx_word' id='word_1_369' title='bbox 1963 3622 2061 3666; x_wconf 73' lang='lat' dir='ltr'>litus</span> 
     </span>
     <span class='ocr_line' id='line_1_57' title="bbox 1187 3682 2057 3741; baseline 0.003 -20"><span class='ocrx_word' id='word_1_370' title='bbox 1187 3685 1252 3722; x_wconf 82' lang='lat' dir='ltr'>est</span> <span class='ocrx_word' id='word_1_371' title='bbox 1284 3685 1399 3723; x_wconf 84' lang='lat' dir='ltr'>terra</span> <span class='ocrx_word' id='word_1_372' title='bbox 1429 3682 1534 3724; x_wconf 80' lang='lat' dir='ltr'>mari</span> <span class='ocrx_word' id='word_1_373' title='bbox 1557 3683 1768 3737; x_wconf 83' lang='lat' dir='ltr'>proxima,</span> <span class='ocrx_word' id='word_1_374' title='bbox 1803 3696 1884 3725; x_wconf 76' lang='lat' dir='ltr'>ora</span> <span class='ocrx_word' id='word_1_375' title='bbox 1909 3689 2057 3741; x_wconf 83' lang='lat' dir='ltr'>margo</span> 
     </span>
    </p>
   </div>
  </div>
 </body>
</html>
