2280 4004
159 446 226 492 16

242 307 268 341 a
296 293 347 341 G.
379 296 453 341 66.
794 298 958 342 LIBER
989 299 1104 343 XVI.
1165 297 1283 344 Gar.
1314 298 1500 343 14-17.
1983 299 2073 344 Μ

379 444 540 495 Etiam
591 444 635 495 si
683 440 813 495 bella
871 445 1080 495 externa
1128 448 1179 495 et
1216 443 1380 494 obitas
1433 456 1524 509 pro
1565 453 1624 494 re
1669 435 1871 508 publica
1924 453 2064 495 mor-

241 539 318 586 tes
371 539 507 585 tanta
577 548 782 586 casuum
849 528 1176 587 similitudine
1231 546 1597 598 memorarem,
1670 544 1848 600 meque
1912 534 2073 600 ipsum

243 626 399 678 sat-ias
434 626 656 691 cepisset
693 626 1007 692 aliorumque
1043 627 1263 678 taedium
1301 631 1658 692 expectarem,
1708 625 1937 690 quamvis
1974 621 2076 686 haf-

243 723 419 768 nestos
455 717 641 767 civium
681 717 862 781 exituS,
901 717 1071 768 tristes
1111 723 1278 768 tamen
1307 722 1356 768 et
1381 717 1650 767 continuos
1674 716 2068 781 aspernantium.

241 807 308 857 At
345 820 479 857 nunc
511 808 751 872 patientia
793 808 995 859 servilis
1031 812 1324 873 tantumque
1360 807 1624 875 sanguinis
1652 805 1789 857 domi
1825 805 2114 873 perditurus

243 897 457 963 fatigant
503 898 719 948 animum
767 902 817 948 et
871 898 1118 949 maestitia
1169 897 1496 964 restringunt.
1570 897 1745 962 Neque
1793 896 1941 947 aliam
1981 896 2076 947 de·-

243 987 526 1039 fensionem
565 988 626 1038 ab
658 988 720 1040 iis
760 989 939 1054 quibus
993 989 1087 1039 ista
1135 993 1414 1039 noscentur
1463 987 1755 1054 exegerim,
1809 996 1958 1053 quam
2009 1000 2075 1038 ne

247 1078 442 1129 oderim
501 1084 599 1129 tam
661 1080 889 1146 segniter
946 1084 1234 1145 pereuntes.
1312 1080 1389 1129 Ira
1446 1078 1529 1129 illa
1582 1078 1837 1128 numinum
1884 1077 1937 1128 in
1989 1093 2074 1128 res

243 1170 496 1221 Romanas
537 1170 653 1234 fuit,
706 1184 851 1235 quam
891 1184 1020 1233 non,
1061 1175 1115 1220 ut
1158 1171 1210 1219 in
1250 1169 1477 1220 cladibus
1515 1169 1828 1219 exercituum
1867 1173 1951 1218 aut
1984 1183 2077 1218 ca-

242 1259 470 1325 ptivitate
506 1260 732 1324 urbium,
783 1260 941 1311 semel
992 1260 1129 1310 edito
1183 1259 1402 1309 transire
1455 1258 1590 1310 licet.
1663 1259 1821 1310 Detur
1856 1258 1956 1309 hoc
1992 1259 2076 1308 in-
2095 1272 2142 1308 m

241 1350 470 1400 lustrium
506 1351 730 1400 virorum
759 1350 1061 1416 posteritati,
1101 1354 1152 1399 ut
1181 1349 1436 1414 quomodo
1471 1349 1699 1415 exequiis
1737 1364 1765 1399 a
1787 1349 2075 1414 promiscua

244 1439 498 1506 sepultura
539 1447 863 1506 separantur,
922 1442 989 1491 ita
1029 1442 1080 1490 in
1117 1441 1390 1492 traditione
1439 1450 1788 1506 supremorum
1826 1438 2078 1504 accipiant

160 1533 228 1579 17
245 1531 564 1596 habeantque
602 1532 857 1597 propriam
903 1532 1214 1583 memoriam.
1290 1532 1483 1582 Paucos
1541 1531 1724 1596 quippe
1773 1531 1902 1580 intra
1949 1529 2076 1594 dieS,

246 1621 426 1673 eodem
464 1622 695 1688 agmine,
732 1622 972 1672 Annaeus
1017 1622 1177 1687 Mela,
1218 1622 1431 1674 Cerialis
1472 1621 1716 1686 Anicius,
1756 1616 1924 1672 Rufius
1965 1620 2081 1672 cri-

364 1770 402 1811 1.
443 1781 490 1809 re
518 1782 562 1824 p.
596 1766 676 1810 Ma.

242 1827 344 1870 fine.
408 1827 450 1870 6.
484 1835 600 1870 mest.
633 1825 714 1869 Ma.

243 1887 496 1943 captivitate*
521 1886 603 1928 Ma.

245 1942 361 1998 GMa,
394 1954 480 1987 non
509 1947 741 2002 promisca.

247 2004 382 2049 Melta
414 2005 462 2048 G.
554 2006 676 2059 rufus
709 2003 823 2046 Gna.

334 2128 514 2169 civicam
547 2141 782 2168 coronam:
815 2126 869 2169 cf.
904 2126 980 2168 XII
1015 2129 1086 2170 31.

327 2187 493 2242 inqenti
546 2200 757 2242 corpore.-
817 2186 969 2228 vitium
1019 2185 1118 2227 libri

245 2246 310 2290 Ma
320 2247 509 2348 §ingenti
523 2247 716 2301 corporis
727 2247 937 2303 corporis)
951 2247 994 2287 in
1006 2244 1121 2286 hunc

246 2319 314 2348 rno
349 2318 419 2346 um
438 2318 540 2346 vere
578 2311 819 2347 correctum
848 2307 971 2347 estin
998 2303 1120 2346 libris

246 2363 520 2418 interpolatis
556 2377 664 2420 quos
705 2377 835 2419 supra
882 2365 1119 2406 nominavi.

244 2424 350 2466 Nam
386 2426 578 2479 corporis
609 2437 686 2478 pro
730 2438 907 2479 corpore
949 2423 1122 2478 vulgari

247 2483 522 2525 aberratione
541 2482 824 2525 assimilatum
839 2489 904 2525 est
925 2483 1121 2537 proximo

249 2542 446 2598 genitivo
483 2555 779 2598 armorumque
812 2550 855 2584 et
877 2555 1034 2583 nornen
1058 2543 1117 2582 ita

249 2601 535 2643 deformatum
579 2601 646 2642 bis
699 2603 906 2656 scriptum
949 2602 993 2642 in
1038 2601 1122 2642 line

247 2673 400 2702 versus
436 2666 479 2701 et
512 2662 556 2701 in
590 2662 821 2716 principio.
883 2660 971 2703 Iam
1010 2660 1123 2702 bene

247 2719 485 2775 iunguntur
514 2720 664 2775 inqens
694 2735 845 2776 corpus
878 2727 921 2762 et
942 2720 1124 2762 scientia

247 2792 480 2831 armorum,
516 2781 712 2833 corporis
747 2781 884 2821 virtus
919 2786 962 2822 et
990 2779 1122 2820 animi

251 2840 294 2879 in
351 2839 443 2879 viro
500 2838 702 2879 militari:
762 2844 911 2879 contra
961 2839 1125 2892 inqenti

251 2897 444 2951 corporis
477 2897 645 2950 robore,
681 2896 795 2951 quod
830 2903 903 2938 aut
936 2911 960 2938 a
980 2897 1122 2937 Bero-

249 2955 347 2998 aldo
380 2955 622 3009 profectum
657 2962 723 2997 est
755 2962 828 2997 aut
861 2955 912 2997 ab
952 2956 1036 2996 hoc
1070 2968 1123 2995 cx

248 3015 653 3069 interpolatoslibro
687 3020 926 3068 receptum,
958 3014 1010 3056 ab
1044 3027 1124 3055 an-

249 3076 371 3130 tiqua
412 3076 624 3127 scriptura
664 3074 840 3127 longius
884 3073 1050 3115 recedit
1084 3078 1125 3113 et

251 3133 382 3175 infert
421 3134 808 3189 exaggerationem
857 3134 998 3174 minus
1043 3130 1125 3172 Ta-

251 3193 441 3234 citinam.

337 3249 444 3303 Cap.
482 3250 548 3292 16.
614 3251 801 3304 quamvis
833 3250 1029 3292 honestos
1063 3250 1126 3290 ci-

251 3311 363 3351 vium
397 3311 558 3350 oritus:
590 3310 776 3362 quamvis
810 3308 861 3351 ad
895 3321 1022 3350 unum
1049 3308 1128 3349 ad-

254 3368 458 3409 iectivum
502 3368 695 3409 honestos
747 3370 934 3422 pertinet
987 3374 1125 3423 (wenn

253 3428 367 3468 auch,
399 3426 509 3467 noch
558 3441 602 3467 so
648 3426 924 3478 elwenvottm.
989 3426 1128 3468 Aliter

255 3486 494 3543 legentium
545 3483 687 3529 taedio
719 3492 762 3527 et
801 3487 988 3528 satietati
1049 3498 1127 3526 oc-

256 3546 388 3587 currit
418 3543 589 3585 'l'acitus
626 3541 682 3585 iV
715 3546 774 3588 32
808 3549 851 3586 et
882 3545 952 3588 33.
1006 3542 1129 3586 Nunc

254 3604 382 3646 simul
415 3603 622 3645 lectorem
653 3607 897 3658 opportune
927 3601 1129 3646 admonet

255 3659 470 3705 Neronem
514 3660 596 3703 iam
643 3673 695 3703 eo
735 3651 983 3717 prolapsum
1018 3673 1128 3713 esse,

775 1770 817 1811 3.
856 1769 1011 1811 tedium
1044 1767 1124 1810 Ma.

806 1829 844 1871 7.
878 1828 943 1870 his
975 1826 1053 1881 ma,
1090 1829 1143 1869 iis
1176 1828 1223 1871 G.

729 1888 795 1931 10.
830 1888 940 1929 edico
974 1888 1065 1929 Ma:
1100 1888 1254 1929 editam
1288 1888 1334 1929 G.

861 1949 929 1990 12.
966 1947 1219 2003 supinorum
1253 1943 1334 1989 Ma.
1373 1949 1441 1989 14.
1476 1955 1640 1987 anneus
1671 1941 1752 1987 Ma.

1201 1771 1243 1812 4.
1278 1770 1478 1811 continuo
1512 1766 1604 1810 Ma:
1636 1769 1679 1809 in
1715 1767 1749 1810 G
1779 1782 1799 1808 s
1832 1779 2000 1808 erasum
2033 1766 2078 1808 in

1299 1829 1342 1871 8.
1378 1828 1545 1870 oderint
1576 1826 1614 1868 A
1645 1833 1689 1869 et
1719 1824 1972 1874 Rhenanus.
2034 1824 2077 1868 9.

1441 1886 1503 1928 ill.
1539 1885 1611 1928 Or.
1736 1888 1803 1933 11.
1833 1886 2080 1942 promiscua

1848 1934 1965 1987 Mela
1997 1942 2080 1996 Ma,

1205 2132 1251 2166 ut
1295 2127 1391 2168 sine
1432 2131 1674 2180 temporum
1718 2124 1965 2167 intervallis
1999 2138 2081 2167 ex·-
2134 2150 2139 2151 ν

1205 2192 1342 2227 trema
1376 2191 1419 2227 et
1449 2191 1681 2240 praerupta
1723 2185 1908 2238 audeat,
1950 2183 2080 2227 rebus

1204 2245 1409 2287 Romanis
1442 2242 1689 2286 incredibili
1720 2240 1990 2298 impudentia
2021 2241 2082 2285 il-

1191 2304 1350 2359 ¹ludat,
1397 2305 1654 2360 sanguinem
1704 2301 1926 2344 hominum
1972 2300 2081 2344 illu-

1205 2365 1356 2405 strium
1389 2362 1608 2419 flagitiose
1640 2361 1847 2405 effundat.

1305 2436 1430 2477 quam
1469 2437 1523 2463 ne
1566 2422 1727 2463 oderim
1766 2428 1852 2462 tam
1897 2421 2085 2476 seqniter

1203 2489 1459 2538 pereuntes:
1495 2481 1740 2523 Theodisce
1773 2486 1984 2522 converte
2017 2478 2084 2522 als

1206 2541 1305 2583 dass
1336 2541 1407 2582 ich
1438 2541 1558 2582 nicht
1587 2540 1743 2582 hussen
1770 2541 1897 2596 dzirfe
1918 2554 1963 2580 so
1981 2537 2082 2595 [εἰς’

1204 2615 1296 2642 ums
1356 2601 1500 2642 Leben
1560 2600 1820 2641 kommende.
1885 2597 2083 2641 odissem

1207 2666 1369 2712 autem,
1390 2659 1562 2701 Tacitus
1583 2658 1704 2712 dicit,
1729 2660 1847 2700 viros
1868 2659 2082 2714 insignes,

1207 2721 1243 2760 si
1280 2724 1495 2761 extremas
1530 2731 1679 2760 eorum
1708 2719 1995 2759 necessitates
2019 2717 2084 2758 si-

1206 2778 1343 2820 lentio
1377 2780 1675 2832 praeterirem.
1742 2776 1819 2817 Est
1863 2781 2085 2818 contracta

1208 2839 1453 2878 sententiae
1511 2837 1647 2878 forma
1716 2849 1793 2890 pro
1842 2835 1984 2890 ‘quam
2039 2840 2085 2876 ut

1209 2895 1452 2937 concedant
1483 2895 1606 2947 mihi,
1640 2901 1687 2934 ut
1709 2906 1795 2935 non
1815 2894 1980 2935 oderim
2000 2899 2085 2934 tam

1208 2956 1404 3010 segniter
1418 2954 1682 3008 pereuntes?
1715 2954 1984 3009 Defensionis
2002 2965 2085 2993 no-

1207 3027 1305 3055 men
1334 3027 1428 3054 cuin
1447 3013 1499 3055 ad
1525 3014 1742 3055 nerninem
1762 3014 1844 3053 nisi
1865 3010 1917 3053 ad
1943 3014 2082 3065 ipsum

1207 3086 1351 3114 rerum
1374 3074 1628 3127 scriptorem
1656 3070 1810 3114 referri
1836 3077 1956 3116 recte
1979 3083 2085 3124 pos-

1208 3134 1289 3184 sit,
1339 3131 1478 3173 altera
1531 3131 1607 3175 illa
1656 3127 1869 3184 scriptura
1917 3130 2086 3172 oderint

1209 3188 1456 3245 spernenda
1492 3196 1572 3232 cst.

1299 3249 1427 3291 semel
1459 3249 1594 3290 edito:
1640 3261 1724 3288 uno
1759 3245 1867 3293 edito
1898 3247 1993 3288 sive
2033 3258 2085 3287 eo

1211 3307 1325 3362 quod
1357 3304 1491 3350 semel
1528 3305 1688 3348 editum
1723 3313 1813 3357 est;
1856 3311 2087 3359 utrumque

1212 3366 1473 3409 vocabulum
1506 3372 1623 3407 arcte
1658 3363 1939 3422 iungendum.
1992 3363 2087 3405 Non

1212 3427 1315 3467 satis
1347 3425 1512 3467 similes
1541 3430 1640 3466 sunt
1673 3424 1756 3466 loci
1779 3436 1889 3478 quos
1917 3422 2088 3464 confert

1212 3484 1402 3527 Orellius
1436 3483 1531 3528 146
1561 3486 1744 3539 coquito,
1778 3483 1835 3526 49
1857 3480 2084 3539 intellecto.

1212 3542 1262 3586 H.
1298 3542 1333 3583 li
1367 3542 1425 3587 64
1456 3544 1666 3593 wirciniaco.
1718 3542 1907 3592 Editam,
1946 3545 1992 3581 ut
2022 3545 2088 3582 est

1214 3603 1254 3643 in
1311 3601 1368 3649 G„
1433 3603 1748 3643 correctionem
1818 3596 2085 3643 arbitrariam

1215 3660 1340 3715 sapit.
