2280 4004
178 292 283 338 arc.
316 292 388 339 59.
421 315 432 323 ss-
792 291 966 337 Lmen
987 263 1102 338 xiv.
1168 292 1275 338 ομ».
1307 295 1438 338 3-4.

1914 297 2002 340 1‘7’7

130 435 366 491 4Placuit
400 434 655 500 sollertia,
715 439 942 501 tempore
983 435 1132 486 etiam
1168 435 1297 500 iuta,
1360 435 1561 502 quando
1606 436 2005 503 Quinquatruum

181 527 340 578 festos
400 526 508 578 dies
565 526 694 592 apud
745 525 893 577 Baias
953 525 1320 592 frequentabat.
1414 526 1535 577 Illuc
1584 533 1816 580 matrem.
1849 527 2002 594 elicit,

180 617 419 668 ferendas
443 616 723 682 parentium
763 615 1056 666 iracundias
1090 621 1139 667 et
1167 616 1465 681 placandum
1506 618 1722 669 animum
1751 618 2004 685 dictitans,

181 721 279 773 quo
313 721 566 758 rumorem
592 706 1025 758 reconciliationis
1054 706 1296 772 efficeret,
1329 708 1683 774 acciperetque
1706 709 2005 776 Agrippina,

181 797 318 849 facili
374 797 672 849 feminarum
720 795 1018 848 credulitate
1073 796 1137 848 ad
1193 797 1395 864 gaudia.
1485 799 1783 850 Venientem
1823 800 2047 853 dehincs

183 887 363 939 obvius
410 888 462 938 in
514 886 663 938 litora
722 891 864 950 (nam
915 886 1069 937 Antio
1120 886 1450 952 adventabat)
1518 890 1715 954 excepit
1759 904 1908 940 manu
1958 896 2008 941 et

183 972 477 1045 complexu,
535 978 772 1043 ducitque
811 977 1014 1028 Baulos.
1089 977 1143 1028 Id
1182 978 1335 1030 villae
1375 993 1561 1030 nomen
1603 985 1678 1031 est
1719 995 1847 1046 quae
1881 997 2009 1048 pro-

181 1069 483 1120 muntorium
517 1070 764 1120 Misenum
820 1068 954 1119 inter
1008 1072 1057 1119 et
1090 1067 1331 1119 Baianum
1382 1069 1546 1119 lacum
1583 1070 1716 1121 flexo
1754 1071 1880 1122 mari
1916 1072 2011 1122 ad-

180 1160 347 1211 luitur.
422 1160 595 1212 Stabat
630 1160 762 1210 inter
797 1158 923 1210 alias
962 1158 1107 1210 navis
1149 1159 1392 1224 ornatior,
1432 1165 1681 1225 tamquam
1721 1161 1771 1211 id
1812 1176 2010 1228 quoque
2059 1144 2061 1146 ³

180 1251 364 1303 honori
407 1251 580 1301 matris
621 1250 854 1301 daretur:
897 1250 1078 1316 quippe
1118 1255 1354 1301 sueverat
1392 1250 1584 1301 triremi
1623 1256 1672 1302 et
1711 1251 2076 1310 classiario-10

179 1357 291 1394 rum
325 1341 543 1408 remigio
578 1341 710 1392 vehi.
785 1341 863 1391 Ac
896 1346 997 1390 tum
1031 1340 1239 1391 invitata
1278 1340 1340 1390 ad
1377 1341 1550 1407 epulas
1586 1347 1709 1407 erat,
1743 1347 1797 1392 ut
1833 1343 2013 1394 occul-

184 1433 338 1484 tando
376 1432 593 1484 facinori
629 1446 741 1482 nox·
771 1431 1112 1483 adhiberetur.
1189 1431 1321 1484 Satis
1363 1432 1587 1483 constitit
1622 1433 1852 1485 extitisse
1887 1449 2013 1499 pro-

184 1523 417 1588 ditorem,
456 1528 504 1575 et
527 1523 858 1590 Agrippinam
887 1522 1071 1573 auditis
1103 1522 1321 1587 insidiis,
1356 1538 1420 1573 an
1447 1523 1680 1574 crederet
1709 1524 2013 1590 ambiguam,

184 1615 468 1682 gestamine
507 1614 664 1665 sellae
701 1613 852 1665 Baias
899 1618 1207 1679 pervectam.
1282 1615 1355 1664 Ibi
1402 1614 1796 1666 blandimentum
1841 1615 2017 1667 suble-

184 1705 322 1757 vavit
373 1710 588 1769 metum3
672 1707 885 1756 comiter
943 1708 1153 1770 excepta
1211 1719 1464 1771 superque
1525 1705 1685 1771 ipsum
1746 1705 2080 1763 collocatam

307 1873 346 1913 1.
379 1871 471 1912 ium
501 1869 593 1912 Ma:
626 1870 777 1912 adiuta
806 1869 878 1911 BG
913 1875 955 1911 et
988 1869 1276 1912 Oxonienses.
1385 1871 1703 1925 quinquatrium
1734 1869 1850 1913 Galla.
1970 1873 2013 1914 3.

185 1930 370 1986 serenda
401 1929 481 1972 Ma.
569 1931 814 1986 parentium
846 1928 926 1981 Ma,
959 1941 1045 1969 non
1073 1937 1317 1984 parentum.
1400 1930 1442 1972 4.
1481 1944 1657 1983 quorum
1686 1944 1830 1971 more:
1865 1941 2015 1972 corre-

188 1996 303 2032 ctum
337 1990 452 2031 inest
485 1989 532 2031 G.
626 1990 869 2045 Aqrippina
897 1987 978 2040 Ma,
1013 2000 1100 2029 non
1133 1989 1432 2044 Ayrippinam,
1465 1995 1511 2028 ut
1541 1995 1685 2030 narrat
1721 1989 1807 2032 tac.
1843 1989 2014 2030 Grono-

186 2051 300 2091 vius.
331 2048 433 2090 inde
464 2048 802 2104 Bezzenberger
834 2048 1077 2101 acciretque
1108 2048 1408 2103 Agrippinam.
1517 2048 1559 2090 6.
1595 2050 1790 2103 excaepit
1819 2047 1900 2100 Ma,
1936 2063 2014 2089 εω-

187 2109 297 2164 cepit
330 2106 376 2160 G,
412 2109 569 2163 eoecipit
600 2107 882 2149 Puteolanus.
976 2107 1017 2148 7.
1047 2108 1389 2162 promuntorium
1425 2105 1504 2147 Ma.
1543 2106 1600 2148 cf.
1635 2110 1662 2150 2
1693 2108 1764 2150 39.
1867 2107 1910 2149 8.
1944 2107 2014 2148 al-

187 2167 350 2209 laniem·
379 2167 448 2209 M:
483 2173 724 2208 correctum
761 2168 805 2207 in
839 2165 872 2208 G
905 2171 949 2206 et
983 2166 1124 2206 Vatic.
1163 2166 1288 2208 ¹958.
1381 2165 1421 2208 9.
1457 2173 1573 2220 tanq.
1607 2165 1688 2208 Ma.
1787 2167 1853 2209 10.
1887 2169 2016 2208 matri

187 2225 291 2268 BMa
323 2232 368 2267 et
413 2238 511 2268 corr
546 2226 605 2278 G,
650 2226 725 2267 ubi
767 2228 784 2266 i
827 2231 893 2267 est
934 2226 979 2265 in
1021 2237 1170 2266 rasura
1214 2238 1238 2265 a
1271 2237 1399 2265 manu
1443 2238 1562 2268 rec.2
1606 2226 1795 2267 correxit
1829 2225 2014 2279 Lipsius.

193 2286 260 2328 14.
294 2286 445 2343 Baias]
482 2285 628 2327 baulos
662 2284 739 2338 Ma,
773 2283 950 2326 bahulos
983 2282 1042 2325 G:
1077 2285 1268 2325 correxit
1300 2283 1580 2326 Puteolanus.
1682 2286 1749 2327 15.
1782 2292 1894 2328 metu
1926 2283 2015 2326 Ma:

191 2344 224 2387 G
252 2352 418 2387 metum.

189 2487 462 2544 Agrippinae
500 2487 627 2528 avia:
671 2487 805 2528 Varro
839 2486 892 2528 de
925 2486 988 2528 Re
1024 2499 1058 2528 r.

192 2547 248 2589 ΙΙΙ
279 2548 346 2589 17.
403 2546 567 2587 Plinius
600 2545 657 2587 IX
687 2545 742 2588 81
775 2546 897 2602 (55).
931 2546 1060 2599 Sym-

191 2605 331 2648 mach.
367 2605 448 2659 Ep.
481 2605 500 2646 1
536 2607 572 2647 1.

242 2689 247 2692 -
282 2665 420 2707 stabat
461 2665 576 2705 inter
617 2663 757 2706 alias.-
798 2663 939 2705 stabat
979 2662 1060 2704 ad-

193 2736 346 2767 versus
377 2723 539 2766 Baulos
571 2724 712 2764 accita
743 2735 767 2764 e
801 2722 943 2764 classe
975 2723 1059 2764 Mi-

193 2784 385 2826 senensi.
447 2782 722 2824 Liburnicam
760 2794 844 2836 qua
877 2782 1062 2823 advecta

195 2849 288 2884 erat
341 2843 583 2898 Agrippina
645 2840 873 2882 trierarchi
925 2840 1066 2882 veluti

195 2901 376 2943 fortuito
396 2913 610 2943 concursu
633 2899 1066 2954 confregeruntiussi

198 2973 222 3001 a
237 2959 425 3002 Nerone.
455 2958 731 3001 Sueton.34:
754 2958 1069 3000 iucundissimis

196 3019 348 3061 litteris
387 3020 520 3061 Baias
571 3018 760 3060 evocavit
799 3017 857 3058 acl
896 3017 1069 3059 sollem-

195 3079 274 3119 nia
307 3079 646 3132 Quinquatruum
676 3076 801 3118 simul
841 3076 1069 3118 celebran-

198 3136 279 3189 da,·
330 3137 509 3191 datoque
576 3138 744 3192 neyotio
787 3135 1067 3187 trierarchis,

198 3196 270 3249 qui
301 3195 579 3238 Liburnicum
623 3208 706 3250 qua
750 3195 929 3236 advecta
975 3201 1070 3235 erat

197 3254 310 3295 velut
372 3256 548 3309 fortuito
601 3268 813 3295 concursu
867 3255 1069 3307 confrin-

198 3319 373 3368 9erent,
417 3314 635 3368 protraoeit
671 3313 907 3353 convivium
940 3314 988 3365 (a
1020 3323 1067 3352 se

196 3372 317 3414 Baiis
356 3376 589 3427 paratum).
667 3371 901 3412 Suetonius
943 3369 1066 3410 brevi

143 3479 145 3482 Α
199 3433 450 3474 narratione
482 3430 727 3485 defungens
767 3428 876 3470 illud
907 3429 1067 3479 omisit,

200 3491 485 3546 Agrippinam
520 3495 616 3543 post
649 3489 881 3530 adventum
907 3486 1069 3528 Baulos

203 3551 361 3592 comite
379 3549 468 3591 filio
494 3555 624 3604 atque
643 3547 743 3588 inde
760 3546 888 3588 Baias
909 3545 1068 3587 adisse.

289 3622 344 3650 ac
374 3615 460 3651 tum
490 3609 672 3649 invitata
700 3606 757 3648 acl
778 3605 924 3663 epulas
948 3611 1068 3647 erat.-

204 3666 466 3727 simulatque
499 3667 650 3710 villam
683 3679 804 3712 suam
829 3665 1071 3727 Agrippina

319 3763 469 3804 Tacitus
495 3766 541 3805 11.

1145 2486 1398 2538 invisisset,
1447 2491 1494 2526 ut
1534 2485 1663 2526 Baias
1706 2487 1806 2527 navi
1846 2487 2018 2528 veniret

1145 2546 1330 2586 invitata
1364 2551 1456 2586 erat
1489 2558 1514 2586 a
1546 2544 1636 2585 filio
1659 2544 1710 2585 ad
1734 2545 2017 2587 celebrandas

1144 2604 1204 2645 ibi
1240 2603 1415 2658 epulas,
1471 2617 1582 2659 quae
1624 2616 1710 2644 non
1756 2604 1904 2646 Baulis
1937 2604 2015 2646 sed

1144 2662 1263 2705 Baiis
1297 2663 1532 2716 dabantur,
1570 2675 1654 2704 non
1690 2663 1743 2704 ab
1775 2664 2019 2719 Agrippina

1145 2722 1221 2764 sed
1266 2735 1290 2763 a
1335 2722 1534 2775 Nerone3
1582 2735 1624 2764 v.
1671 2722 1849 2765 Sueton.
1902 2722 1930 2763 l.
1979 2737 2016 2765 c.

1148 2781 1231 2823 Dio
1267 2780 1383 2835 (LXI
1420 2783 1495 2838 13)
1536 2781 1698 2822 Baulos
1742 2794 1821 2822 suo
1870 2795 2017 2823 errore

1150 2840 1372 2881 transtulit
1404 2853 1477 2882 eas
1511 2840 1686 2893 epulam,
1729 2840 1850 2882 brevi
1883 2840 2020 2882 Taciti

1155 2900 1404 2940 narratione
1438 2912 1462 2940 a
1492 2911 1599 2940 vero
1631 2899 1852 2941 seductus.

1239 2959 1473 3013 qestamiue
1514 2957 1646 2999 sellae
1693 2958 1826 3000 Baias
1863 2973 2020 3015 perve-

1156 3023 1292 3058 ctam:
1323 3029 1410 3058 non
1441 3016 1740 3069 hocitinere,
1789 3019 1824 3058 si
1856 3018 2022 3074 Agrip-

1154 3076 1258 3130 pina
1300 3089 1456 3118 navem
1500 3075 1617 3117 illam
1662 3078 1925 3118 ornatiorem
1969 3075 2022 3117 ad

1154 3134 1314 3176 Baulos
1349 3133 1677 3176 conscendisset
1721 3147 1860 3189 eaque
1892 3134 2021 3175 Baias

1154 3193 1343 3244 adisset,
1399 3193 1590 3246 peritura
1645 3198 1760 3244 erat,
1807 3191 1884 3233 sed
1926 3198 2023 3246 post

1155 3251 1306 3305 epulas
1353 3262 1450 3292 cum
1492 3251 1659 3292 relictis
1704 3251 1819 3292 Baiis
1871 3252 2021 3293 villam

1153 3322 1272 3351 suam
1293 3308 1455 3350 Baulos
1487 3317 1695 3351 nocturno
1730 3317 1914 3366 tempore
1946 3323 2021 3352 re-

1152 3374 1338 3422 peteret.
1401 3368 1635 3409 Suetonius
1674 3368 1702 3410 l.
1739 3383 1775 3411 c.
1821 3377 2020 3425 repeten-

1154 3428 1264 3481 tique
1301 3430 1423 3482 (post
1460 3428 1709 3469 convivium
1741 3427 1860 3469 Baiis
1897 3428 2020 3470 cele-

1153 3486 1344 3542 bratum)
1395 3485 1552 3527 Baulos
1583 3487 1631 3526 in
1662 3485 1799 3527 locum
1832 3488 2024 3543 corrupti

1152 3545 1319 3600 naviyii
1359 3544 1652 3586 machinosum
1701 3545 1809 3587 illud
1860 3546 2020 3589 obtulit.

1154 3602 1305 3660 Itaque
1337 3609 1458 3646 recte
1493 3605 1538 3646 in
1572 3604 1837 3646 editionibus
1859 3604 2024 3646 Puteo-

1158 3662 1246 3711 lani
1280 3662 1443 3726 legitur
1472 3663 1631 3719 Baias,
1675 3663 1850 3712 codices
1881 3663 2025 3713 autem

1658 3745 1722 3807 12
