2280 4004
734 273 898 317 LIBER
928 272 1038 317 xm.
1101 273 1208 318 CAP.
1242 273 1434 319 52—54.
1891 274 1978 318 165

155 271 370 320 ac.58.

154 421 303 475 litora
338 423 532 476 fierent.
607 423 790 475 Invidit
831 424 972 489 operi
1008 423 1184 476 Aelius
1222 422 1437 475 Gracilis
1473 421 1718 490 Belgicae
1758 420 1975 489 legatuS,

157 513 461 566 deterrendo
498 515 730 566 Veterem
777 530 842 567 ne
892 515 1123 582 legiones
1186 514 1382 566 alienae
1420 513 1716 580 provinciae
1765 511 1980 563 inferret

156 603 422 669 studiaque
459 604 733 656 Galliarum
769 605 1078 669 adfectaret,
1138 604 1522 656 formidolosum
1576 604 1627 655 id
1683 602 1978 671 imperatori

69 687 142 738 54
158 693 410 758 dictitans,
437 709 535 760 quo
563 695 852 762 plerumque
878 695 1209 762 prohibentur
1233 700 1444 747 conatus
1475 694 1692 746 honesti.
1746 693 1979 746 Ceterum

158 784 399 836 continuo
438 786 749 837 exercituum
802 787 907 837 otio
958 785 1088 837 fama
1141 785 1352 837 incessit
1399 789 1621 850 ereptum
1673 786 1752 838 ius
1795 785 2019 853 legatiss

156 874 376 926 ducendi
427 874 479 924 in
533 877 747 930 hostem.
839 877 1015 944 quue
1063 876 1212 928 Frisii
1267 877 1575 929 iuventutem
1635 877 1844 929 saltibus
1896 881 1981 928 aut

153 955 437 1032 paludibuS,
468 965 723 1017 imbellem
760 970 974 1018 aetatem
1001 981 1095 1031 per
1120 966 1262 1017 lacus
1292 965 1566 1017 admovere
1595 967 1754 1032 ripae,
1794 979 1982 1032 agros-

155 1070 472 1122 que⁴vacu0s
503 1061 553 1107 et
589 1056 798 1106 militum
828 1057 941 1107 usui
978 1057 1229 1122 sepositos
1265 1057 1519 1121 insedere,
1547 1062 1755 1108 auctore
1777 1057 1978 1108 Verrito

155 1151 204 1199 et
226 1146 491 1213 Malorige,
532 1147 616 1214 qui
651 1148 909 1198 nationem
941 1163 1051 1199 eam
1087 1148 1352 1215 regebant,
1390 1148 1443 1198 in
1478 1151 1714 1213 quantum
1743 1147 1980 1199 Germani

152 1241 446 1305 regnantur.
519 1237 722 1301 Iamque
758 1235 971 1287 fixerant
1012 1236 1224 1301 domos,
1286 1236 1480 1287 semina
1519 1235 1655 1286 arvis
1691 1235 1977 1300 intulerant,
1997 1248 2045 1285 ιο

152 1335 305 1395 utque
340 1328 553 1395 patrium
592 1327 754 1379 solum
794 1327 1118 1391 exercebant,
1163 1343 1275 1378 cum
1310 1327 1502 1378 Dubius
1536 1328 1734 1391 Avitus,
1773 1330 1981 1391 accepta

154 1437 183 1472 a
218 1419 425 1471 Paulino
459 1418 741 1484 provincia,
780 1417 1059 1468 minitando
1099 1418 1199 1468 vim
1238 1419 1514 1470 Romanam
1536 1457 1550 1483 ,
1589 1418 1689 1468 nisi
1726 1416 1981 1469 abscede-

153 1516 267 1562 rent
315 1510 462 1561 Frisii
517 1513 720 1559 veteres
778 1508 831 1557 in
886 1507 1031 1559 locos
1090 1513 1173 1558 aut
1224 1523 1409 1559 novam
1465 1508 1640 1560 sedem
1689 1524 1716 1559 a
1757 1508 1979 1559 Caesare

152 1603 494 1667 impetrarent,
532 1597 748 1665 perpulit
782 1598 1033 1649 Verritum
1073 1603 1122 1649 et
1148 1598 1446 1666 Malorigem
1479 1614 1660 1664 preces
1698 1598 1976 1664 suscipere.

151 1690 471 1756 Profectique
509 1690 717 1740 Romam
756 1689 872 1741 dum
911 1690 1023 1741 aliis
1079 1691 1212 1741 curis
1250 1691 1493 1741 intentum
1529 1691 1782 1741 Neronem
1819 1698 2041 1755 oppe-ts

152 1782 375 1846 riuntur,
429 1779 561 1831 inter
597 1795 657 1831 ea
698 1795 827 1846 quae
865 1780 1097 1832 barbaris
1137 1785 1453 1832 ostentantur
1483 1780 1737 1831 intravere
1774 1779 1978 1845 Pompei

153 1873 418 1936 theatrum,
458 1885 556 1937 quo
591 1872 988 1938 magnitudinem
1025 1873 1192 1938 populi
1229 1874 1470 1924 viserent.
1545 1871 1653 1923 Illic
1692 1886 1782 1936 per
1824 1871 1978 1922 otium

154 1968 346 2028 (neque
387 1962 519 2013 enim
569 1961 781 2013 ludicris
819 1962 987 2028 ignari
1040 1962 1450 2028 oblectabantur)
1506 1962 1620 2013 dum
1681 1976 1977 2013 consessum

154 2069 360 2119 caveae,
399 2052 693 2104 discrimina
733 2051 982 2114 ordinum,
1026 2051 1136 2115 quis
1174 2065 1348 2116 equeS,
1387 2051 1474 2101 ubi
1511 2057 1716 2103 senatus
1755 2067 1980 2118 percon-

274 2208 312 2248 1.
345 2205 504 2262 belyice
537 2204 615 2248 Ma.
739 2208 783 2249 2.
825 2205 875 2246 de
911 2204 1162 2246 deterrendo
1195 2203 1286 2258 Ma,
1324 2204 1402 2246 sed
1434 2204 1484 2246 de
1517 2211 1582 2246 est
1613 2205 1658 2245 in
1690 2217 1842 2246 versus
1874 2205 1976 2247 fine.

151 2266 335 2321 inferret
366 2266 413 2306 in
441 2265 661 2320 studiaque
694 2263 823 2306 GMa:
858 2265 1048 2306 correxit
1067 2264 1317 2306 Rhenanus.
1389 2265 1430 2307 3.
1466 2265 1540 2320 aff.
1564 2263 1634 2307 Or.
1701 2265 1740 2306 7.
1774 2265 1860 2307 inb.
1895 2263 1976 2306 Ma.

153 2325 196 2368 9.
231 2325 411 2366 malorie
441 2323 528 2366 Ma:
571 2324 605 2367 G
634 2324 857 2380 maloriqe.
961 2324 1062 2377 quia
1094 2322 1209 2365 GMa.
1318 2324 1384 2366 13.
1421 2323 1550 2367 Frisii
1581 2330 1797 2378 tamquam
1831 2324 1979 2380 glossa

152 2383 352 2429 Acidalio
381 2389 599 2438 suspecta.
704 2385 771 2426 14.
804 2384 894 2439 inp.
929 2382 1009 2426 Ma.
1109 2382 1375 2438 malloriqem
1406 2381 1486 2424 Ma.
1592 2383 1697 2438 ᾔοεε
1732 2381 1808 2426 Ma.
1908 2383 1975 2424 15.

151 2444 415 2499 profecitque
446 2442 536 2485 Ma:
570 2441 603 2485 G
631 2444 820 2504 profecti
854 2456 946 2496 que.
1055 2442 1122 2485 16.
1163 2443 1412 2497 intereaque
1444 2442 1641 2484 barbaris
1675 2441 1753 2485 Ma.

148 2504 223 2559 pei
251 2501 332 2555 Ma,
360 2503 488 2559 popei
519 2502 567 2545 G.
664 2502 731 2545 19.
761 2507 984 2558 percunct.
1020 2499 1092 2544 Or.

1850 2455 1977 2499 pom-

151 2643 427 2699 serocissimis
448 2644 642 2700 gentibus
663 2644 897 2701 oppositum
928 2656 1025 2685 esse

154 2702 326 2756 scribit,
374 2710 528 2759 gentes
561 2703 870 2746 Germanorum
902 2704 1023 2746 infe-

154 2763 259 2803 riori
319 2761 576 2804 Germaniae
631 2765 674 2804 in
738 2763 874 2805 altera
928 2764 1023 2816 ripa

156 2821 378 2875 oppositas
411 2822 637 2878 cogitavit.
698 2822 816 2864 ldem
858 2822 1022 2863 Romae

156 2881 239 2922 fuit
270 2892 310 2921 a.
343 2879 426 2921 62:
459 2893 501 2922 v.
535 2881 613 2922 XV
648 2882 716 2924 15.
780 2881 949 2923 Seneca
980 2881 1021 2921 ei

156 2937 378 2991 inscripsit
399 2938 555 2980 librum
576 2938 629 2980 de
648 2939 862 2982 brevitate
883 2941 1018 2981 vitae.

157 2997 223 3039 De
265 2996 426 3039 Vetere
457 3011 499 3039 v.
536 2997 628 3040 lnd.
662 2998 764 3042 hist.

242 3055 488 3098 inchoatum
504 3082 559 3088 —
579 3070 607 3098 a
627 3057 768 3101 Druso
797 3071 1022 3114 ayqerem:

158 3127 296 3170 agger
325 3114 404 3156 ille
440 3121 621 3170 coeptus
648 3123 728 3170 est,
761 3131 816 3159 ne
840 3119 1018 3159 nimium

157 3185 296 3228 aquae
329 3174 369 3214 ei
394 3173 546 3216 Rheno
580 3176 652 3230 qui
684 3183 831 3219 servat
860 3189 1021 3218 nomen

157 3244 236 3286 per
270 3231 479 3274 Vahalem
512 3233 866 3288 subtraheretur3
900 3249 942 3278 v.
968 3236 1019 3278 H.

160 3293 196 3333 V
222 3290 288 3333 19.
324 3289 526 3333 Ceterum
546 3291 716 3334 Tacitus
737 3308 876 3348 pauca
891 3307 1021 3347 supra

156 3351 340 3404 repetit,
386 3364 438 3391 ex
480 3363 592 3391 anno
631 3352 713 3394 811
751 3355 793 3393 in
826 3353 914 3395 808
945 3366 1020 3393 re-

159 3421 362 3466 gressus:
394 3409 559 3451 Drusus
592 3412 706 3451 enim
741 3424 779 3453 a.
815 3412 900 3453 745
931 3413 1021 3453 vita

159 3469 430 3520 decesserat,
477 3475 519 3509 et
562 3481 670 3522 opus
713 3470 765 3510 ab
810 3469 887 3511 illo
921 3476 1022 3511 ante

159 3528 215 3570 63
245 3538 380 3570 annos
412 3529 663 3570 inchoatum
698 3529 904 3571 Paulinus
939 3528 1019 3570 ab·

161 3585 306 3628 solvit.

250 3644 353 3699 Cap.
403 3644 472 3689 54.
537 3646 687 3702 ripae.-
731 3646 773 3688 h.
820 3660 857 3688 e.
902 3648 1022 3701 ripae

1110 2642 1252 2685 Rheni
1283 2643 1472 2686 fluminis
1511 2645 1627 2686 inter
1667 2645 1829 2686 fossam
1861 2644 1979 2686 Dru-

1110 2704 1275 2745 sianam
1307 2704 1467 2762 (Yssel)
1500 2710 1544 2746 et
1570 2704 1780 2746 Vahalem
1804 2704 1975 2762 (Waal)

1109 2768 1283 2804 servato
1301 2765 1477 2806 nomine
1494 2764 1806 2818 procurrentis.
1840 2764 1978 2806 Lacus

1108 2834 1188 2875 per
1219 2835 1327 2877 quos
1360 2823 1581 2865 imbellem
1610 2829 1797 2865 aetatem
1820 2823 1975 2865 admo-

1107 2887 1235 2934 vent,
1279 2882 1481 2939 intellige
1514 2895 1648 2938 aquas
1680 2882 1806 2924 Flevi
1841 2883 1979 2941 (Ζαρμ-

1111 2940 1291 3000 dersee).

1198 3001 1363 3042 Dubius
1389 2999 1561 3042 Avitus:
1595 3000 1768 3055 Lipsius
1788 3002 1978 3043 nominis

1109 3059 1287 3101 formam
1329 3060 1470 3101 Vibius
1501 3060 1651 3100 Avitus
1681 3060 1976 3113 reponendam

1109 3119 1303 3172 putabat,
1326 3123 1503 3171 propter
1525 3118 1653 3159 Plinii
1678 3118 1876 3172 (XXXIV
1898 3118 1974 3174 18)

1108 3177 1243 3219 verba
1290 3184 1474 3218 statuam
1530 3177 1825 3218 Arvernorum
1884 3190 1978 3217 cum

1107 3239 1274 3290 faceret
1327 3234 1673 3292 (Zenodorus)‚
1719 3236 1974 3292 provinciae

1119 3295 1234 3336 Vibio
1262 3293 1386 3335 Avito
1415 3294 1716 3349 praesidente3
1749 3294 1826 3335 sed
1844 3294 1975 3335 Plinii

1107 3354 1281 3394 codices
1314 3353 1513 3394 nonnulli
1542 3355 1644 3394 item
1675 3353 1811 3394 Dubio
1845 3366 1975 3406 prae-

1105 3413 1235 3462 bent,
1269 3411 1471 3466 idemque
1504 3413 1546 3452 in
1580 3411 1718 3453 titulis
1752 3412 1973 3452 Romano-

1106 3484 1213 3512 rum.
1277 3469 1408 3511 Dubii
1427 3483 1583 3512 nomen
1610 3471 1795 3512 fortasse
1819 3483 1842 3510 a
1869 3470 1972 3511 Gal-

1107 3530 1193 3571 liae
1226 3529 1403 3571 flumine
1446 3529 1560 3572 Dubi
1599 3530 1783 3582 factum,
1832 3535 1879 3569 ut
1918 3529 1971 3571 ab

1106 3588 1243 3630 Atace
1301 3588 1434 3630 fluvio
1496 3588 1663 3632 Gallico
1725 3600 1971 3646 cognomen

1108 3647 1229 3689 duxit
1263 3648 1398 3689 Varro
1431 3649 1656 3691 Atacinus,
