2280 4004
172 295 199 327 a
229 281 278 329 Ο.
312 284 405 345 50,

728 283 893 327 LmER
922 281 1011 327 ΧΠ.
1075 282 1182 326 cn».
1214 282 1406 328 39-40.
1933 281 1992 337 ¹⁷?

171 426 397 495 integras
448 442 532 479 res
583 425 804 491 invenit,
877 425 1092 477 adversa
1150 424 1348 476 interim
1401 423 1621 492 legionis
1678 436 1849 490 pugna
1909 421 1990 473 cui

169 518 383 571 Manlius
416 518 602 570 Valens
637 522 898 584 praeerat,
957 521 1203 581 auctaque
1252 521 1301 567 et
1357 515 1488 582 apud
1546 515 1719 567 hostes
1771 514 1879 566 eius
1915 513 1994 565 rei

173 610 332 674 fama,
376 624 475 676 quo
514 609 800 660 venientem
842 608 1021 659 ducem
1070 611 1410 672 exterrerent,
1467 611 1615 673 atque
1649 605 1735 657 illo
1776 609 1994 673 augente

172 701 340 752 audita
395 706 498 765 est,
560 705 614 750 ut
660 699 824 750 maior
879 699 989 749 laus
1033 699 1326 763 compositis
1381 697 1494 763 vel,
1558 698 1603 750 si
1656 697 1992 761 duravissent,

170 792 318 843 venia
357 792 538 843 iustior
571 791 893 842 tribueretur.

968 790 1159 842 Silures
1207 789 1258 839 id
1302 804 1501 855 quoque
1540 788 1772 840 damnum
1808 787 2039 850 intuba-5

171 888 284 934 rant
297 901 311 947 3
366 883 567 948 lateque
600 881 973 948 persultabant,
1037 881 1202 931 donec
1242 895 1457 931 accursu
1494 880 1631 930 Didii
1669 880 1994 946 pellerentur.

171 973 271 1026 Sed
310 970 659 1039 p‘ost'captum
699 971 996 1022 Caratacum
1044 970 1345 1035 praecipuus
1396 970 1609 1021 scientia
1646 971 1722 1022 rei
1761 969 1992 1022 militaris

171 1064 430 1127 Venutius,
469 1079 497 1113 e
534 1063 827 1128 Brigantum
869 1061 1100 1125 civitate,
1142 1065 1195 1110 ut
1232 1075 1382 1126 supra
1423 1061 1730 1126 memoravi,
1767 1061 1996 1127 fidusque

172 1154 257 1204 diu
293 1158 344 1204 et
378 1152 616 1204 Romanis
656 1153 809 1202 armis
849 1151 1119 1214 defensuS,
1148 1165 1284 1214 ,cum
1323 1150 1728 1201 Cartimanduam
1764 1151 1996 1218 reginam

170 1243 487 1303 matrimonio
529 1246 751 1305 teneret,
812 1255 932 1291 mox
969 1245 1081 1291 orto
1120 1240 1336 1291 discidio
1378 1246 1427 1291 et
1466 1241 1633 1292 statim
1669 1241 1804 1292 bello
1845 1241 1995 1293 etiam
2012 1254 2064 1304 io

171 1334 416 1386 adversus
453 1347 548 1384 nos
582 1332 786 1388 hostilia
816 1331 1065 1382 induerat.

1141 1331 1241 1384 Sed
1275 1332 1438 1397 primo
1470 1335 1659 1403 tantum
1693 1333 1826 1384 inter
1857 1333 1996 1399 ipsos

173 1425 485 1488 certabatur,
548 1423 847 1489 callidisque
885 1422 1243 1474 Cartimandua
1283 1424 1473 1474 artibus
1526 1424 1732 1476 fratrem
1772 1440 1833 1475 ac
1872 1439 2000 1491 pro-

171 1516 389 1582 pinquos
425 1515 627 1567 Venutii
671 1514 955 1579 intercepit.

1033 1513 1156 1564 Inde
1202 1515 1409 1565 accensi
1451 1514 1658 1580 hosteS,
1713 1515 1998 1567 stimulante

170 1607 479 1675 ignominia,
520 1621 584 1657 ne
625 1605 843 1657 feminae
884 1605 1095 1671 imperio
1137 1605 1489 1657 subderentur.

172 1699 324 1750 armis
354 1698 587 1749 iuventus
617 1712 831 1764 regnum
860 1697 967 1747 eius
1006 1697 1262 1747 invadunt.

1563 1607 1743 1658 Valida
1784 1612 1833 1658 et
1865 1607 1997 1658 lecta

1330 1697 1476 1758 Quod
1504 1698 1652 1749 nobis
1678 1698 2059 1764 praevisum315

172 1793 221 1840 et
253 1789 440 1839 missae
477 1787 663 1839 auxilio
705 1787 943 1839 cohortes
984 1802 1103 1838 acre
1136 1786 1381 1852 proelium
1423 1788 1623 1852 fecere,
1671 1789 1811 1840 cuius
1850 1788 1994 1839 initio

132 1880 135 1882 ’
172 1879 408 1946 ambiguo
446 1878 558 1929 finis
608 1877 793 1928 laetior
838 1877 944 1928 fuit.

1019 1878 1192 1943 Neque
1247 1877 1437 1943 dispari
1491 1883 1675 1930 eventu
1721 1884 1996 1945 pugnatum

174 1987 201 2022 a
240 1970 447 2038 legione
483 1969 563 2019 cui
590 1969 799 2021 Caesius
824 1968 1011 2021 Nasica
1046 1973 1297 2034 praeerat.

1372 1969 1496 2021 Nam
1518 1969 1698 2020 Didius
1736 1974 1998 2022 senectute

173 2062 375 2129 graviS‚
439 2066 488 2112 et
534 2060 686 2111 multa
743 2060 888 2126 copia
936 2060 1214 2125 honorum,
1286 2074 1379 2125 per
1435 2060 1694 2112 ministros
1743 2076 1899 2128 agere
1950 2063 2000 2112 et

177 2307 244 2349 ma
290 2250 332 2292 4.
369 2256 429 2290 est
460 2247 621 2291 adiecit
653 2246 808 2289 editor.

172 2340 394 2422 iuyimtum
427 2366 480 2409 G.
568 2367 609 2410 9.

174 2425 252 2468 Ma.
351 2427 418 2469 16.
446 2426 588 2483 prael.
623 2424 694 2468 Or.

175 2590 226 2634 ad
267 2591 401 2634 verba
451 2594 540 2634 eius
582 2592 650 2632 rei
691 2594 813 2647 fama
843 2591 1045 2633 refertur.

175 2652 368 2695 Pertinet
411 2651 496 2692 hoc
529 2650 582 2692 ad
623 2650 792 2693 litteras
842 2664 864 2692 a
899 2650 1047 2707 legato

173 2711 227 2754 ad
257 2712 498 2766 principem
530 2711 697 2753 missas,

281 2777 328 2812 ut
377 2771 517 2811 maior
565 2769 659 2810 laus
711 2769 950 2824 compositis
991 2793 1048 2799 —

175 2829 457 2871 tribueretur:
514 2834 557 2870 et
599 2827 743 2870 facilis
798 2833 864 2868 est
907 2827 1044 2880 Lipsii

177 2890 390 2930 correctio
442 2887 704 2943 compositis,
756 2898 833 2940 pro
886 2886 1043 2926 tradito

176 2948 418 3004 compositi,
454 2952 514 2997 eb
529 2946 820 3000 corruptionis
851 2945 1044 3001 (compo-

175 3009 263 3063 siti)
287 3008 412 3062 origo
434 3005 692 3047 manifesta:
723 3006 884 3060 quippe
901 3004 1044 3045 scriba

178 3066 341 3107 codicis
378 3063 444 3106 Ma
475 3065 616 3105 iunxit
648 3064 867 3119 compositi
888 3088 944 3095 -—
963 3063 1043 3104 du-

176 3126 401 3166 ravissent.
466 3123 548 3174 Qui
609 3128 783 3165 tenent*
828 3123 1046 3178 compositi

176 3194 330 3224 vocem
355 3190 492 3224 essent
505 3183 707 3225 omissam
729 3194 826 3224 esse
847 3181 1043 3232 credunt,

177 3241 253 3282 sed
286 3241 395 3283 haec
428 3241 565 3282 relata
597 3241 649 3282 ad
672 3246 928 3295 sequentem
963 3241 1046 3280 tri-

177 3301 375 3341 tueretur
413 3300 553 3340 omitti
601 3300 676 3341 vix
706 3300 874 3352 potuit3
914 3311 1046 3351 prae-

176 3365 296 3400 terea
347 3371 495 3412 parum
549 3357 696 3411 placet
752 3359 951 3398 iunctura
1001 3363 1047 3397 ut

177 3417 271 3459 laus
329 3417 547 3472 compositi
601 3422 767 3468 essent,
830 3427 906 3468 pro
960 3427 1045 3469 qua

176 3478 414 3531 scripturus
466 3475 550 3516 fuit
589 3481 635 3516 ut
678 3474 798 3515 laudi
829 3474 1045 3529 compositi

178 3543 328 3582 essent.

264 3602 311 3637 ut
340 3607 473 3650 supra
501 3593 758 3635 memoravi.-
792 3590 903 3632 haec
930 3603 1045 3646 non-

178 3653 263 3698 nisi
293 3653 348 3699 ad
377 3652 512 3699 verba
543 3667 565 3696 e
589 3652 842 3712 Briqcmtum
874 3651 1044 3695 civitate

901 2247 1139 2302 compositis
1176 2246 1370 2301 Lipsius:
1404 2248 1623 2304 compositi
1653 2246 1734 2289 Ma.

349 2308 392 2350 8.
431 2323 452 2349 e
485 2309 738 2363 Brigantum
770 2320 867 2348 cum
897 2306 1129 2360 Rudolpho
1160 2306 1369 2362 Agricola
1399 2306 1597 2362 Lipsius:
1641 2305 1707 2348 Ma
1739 2307 1999 2362 euiqantum,

644 2366 959 2409 cartimandum
988 2364 1068 2407 Ma.

794 2425 860 2469 18.
901 2427 1035 2467 cesius
1068 2423 1146 2468 Ma.

1826 2247 1868 2290 6.
1902 2246 2000 2291 ade.

1169 2368 1235 2410 12.
1269 2366 1564 2408 cartimannus
1594 2365 1673 2408 Ma.
1769 2367 1838 2409 13.
1872 2366 2003 2410 hostis

1132 2588 1366 2631 referenda
1396 2595 1510 2632 sunt.
1561 2589 1816 2631 Memoravit
1848 2588 1933 2631 hoc
1957 2588 2002 2631 in

1133 2648 1256 2690 libris
1297 2649 1557 2703 deperditis,
1601 2662 1697 2691 cum
1743 2649 2002 2691 societatem

1133 2721 1158 2748 a
1183 2706 1487 2750 Cartimandua
1509 2722 1605 2750 cum
1622 2708 1828 2750 Romanis
1851 2709 2002 2749 initam

1132 2769 1338 2809 narravit.
1400 2766 1585 2809 Brevius
1630 2774 1672 2809 et
1713 2780 1791 2821 per
1828 2767 2002 2823 digres-

1132 2827 1301 2867 sionem
1338 2827 1514 2868 easdem
1544 2840 1614 2869 res
1647 2826 1901 2880 complexus
1936 2832 2001 2868 est

1217 2944 1461 2986 stimulante
1493 2945 1754 3000 iqnominia,
1787 2959 1841 2986 ne
1871 2945 2001 2999 femi..

1128 3016 1212 3044 nae
1253 3004 1429 3059 imperio
1477 3003 1786 3045 subderentur.-
1837 3004 2000 3045 mulie-

1127 3061 1276 3103 bribus
1298 3063 1464 3103 artibus
1489 3061 1796 3103 Cartimandua
1821 3063 2000 3104 Venutii

1129 3122 1305 3163 fratrem
1338 3135 1389 3162 ac
1420 3122 1687 3175 propinquos
1721 3134 1816 3162 cum
1851 3122 2001 3174 cepis..

1130 3187 1219 3231 set,
1254 3186 1423 3220 ceteros
1449 3179 1596 3220 hostes
1619 3179 1860 3234 indignatio
1891 3179 2001 3220 sub..

1131 3239 1220 3279 ibat
1253 3243 1296 3278 et
1328 3238 1568 3293 ignominia
1607 3237 1900 3290 accendebat,
1943 3251 2001 3279 ne

1131 3297 1320 3337 feminae
1337 3297 1520 3350 imperio
1536 3297 1872 3339 subiicerentur.
1905 3296 2000 3337 Hoc

1133 3356 1417 3396 commiscere
1468 3354 1559 3395 noli
1605 3368 1699 3395 cum
1743 3355 1856 3396 iusta
1894 3368 1999 3396 suc-

1132 3415 1332 3455 cessione
1366 3420 1408 3454 et
1441 3413 1661 3468 legitima:
1707 3415 1751 3453 in
1799 3427 1850 3455 ea
1882 3415 1998 3455 enim

1129 3478 1301 3513 veteres
1334 3472 1557 3524 Britanni,
1606 3473 1708 3513 item
1740 3477 1787 3512 ut
1821 3478 1996 3515 nostrae

1127 3531 1380 3582 memoriae,
1398 3543 1550 3572 sexum
1568 3543 1655 3571 non
1668 3530 1998 3576 discernebant:

1128 3603 1171 3633 v.
1207 3589 1304 3632 x1v
1334 3590 1406 3633 35.
1440 3590 1546 3647 Agr.
1582 3591 1650 3633 16.
