2280 4004
202 327 228 358 a
260 314 308 359 C.
344 317 414 361 13.
810 314 974 359 LIBER
1002 315 1035 359 l.

1102 314 1207 358 Cn.
1246 317 1435 360 14-15.

1963 317 2024 359 23

196 458 419 510 sordidis
473 457 706 510 exolutus
743 456 906 508 libens
943 457 1126 522 tenuit,
1182 456 1479 508 moderante
1514 455 1718 507 Tiberio
1753 470 1819 507 ne
1852 455 2022 522 plures

200 564 348 616 quam
405 554 639 616 quattuor
701 547 1000 599 candidatos
1059 547 1466 612 commendaret,
1543 547 1654 598 sine
1719 547 1920 613 repulsa
1976 552 2026 599 et

199 640 386 691 ambitu
437 638 801 704 designandos.

890 639 1026 690 Inter
1079 653 1207 704 quae
1257 637 1445 687 tribuni
1497 636 1663 702 plebei
1703 638 1932 703 petivere
1973 643 2027 688 ut

198 728 402 794 proprio
440 731 637 791 sumptu
673 726 885 777 ederent
919 726 1099 791 ludos,
1164 725 1246 791 qui
1286 725 1349 776 de
1386 726 1591 778 nomine
1627 727 1845 794 Augusti
1881 729 2023 780 fastis

198 818 354 868 additi
373 815 680 883 Augustales
707 821 1029 867 vocarentur.

1102 815 1200 870 Sed
1243 816 1447 868 decreta
1470 818 1683 882 pecunia
1713 834 1777 868 ex
1802 818 2021 883 aerari0,
2041 842 2063 877 5

197 912 352 973 utque
389 922 482 972 per
522 907 710 957 circum
751 905 1037 971 triumphali
1062 911 1204 958 veste
1235 912 1517 959 uterentur:
1557 923 1707 959 curru
1733 908 1850 960 vehi
1888 909 2023 959 haud

195 997 512 1064 permissum.
586 997 704 1048 Mox
756 995 1031 1047 celebratio
1090 1010 1255 1047 annua
1309 998 1373 1049 ad
1423 1002 1711 1064 praetorem
1760 999 2021 1064 translata,

197 1085 280 1136 cui
317 1084 449 1136 inter
488 1084 626 1135 cives
659 1088 708 1136 et
740 1083 1043 1150 peregrinos
1077 1084 1362 1136 iurisdictio
1403 1088 1674 1140 evenisset.

314 1205 354 1246 5.
390 1216 506 1244 nunc
539 1203 614 1245 sed
646 1203 701 1245 M.
826 1202 868 1244 6.
902 1201 1007 1243 haut
1039 1202 1093 1245 M.

1204 1204 1245 1246 7.
1281 1217 1432 1246 annua
1466 1205 1665 1259 Lipsius:
1699 1207 1737 1248 Μ
1771 1220 1892 1250 annu
1924 1219 2023 1250 cum

195 1261 361 1305 lineola
391 1276 523 1317 super
555 1263 638 1304 litt.
671 1277 714 1315 u,
746 1260 988 1303 Beroaldus
1025 1263 1069 1302 in
1104 1264 1459 1306 annotationibus
1492 1279 1694 1309 annuum.

195 1378 304 1432 quod
335 1391 427 1419 eum
474 1379 737 1419 comitiorum
769 1377 1062 1419 consularium

195 1437 263 1478 die
277 1437 531 1478 destinatum
544 1451 774 1493 perperam
789 1451 951 1492 praeco
975 1450 1063 1478 non

195 1496 409 1538 consulem
440 1497 497 1537 ad
535 1496 734 1552 populum
763 1496 838 1537 sed
869 1498 1061 1551 impera-

195 1562 328 1596 torem
338 1557 675 1611 pronuntiasset.
707 1555 874 1597 Plinius
895 1555 1057 1611 Paneg.

195 1614 278 1656 92:
312 1621 380 1655 tuo
412 1614 570 1655 iudicio
607 1614 798 1656 consules
829 1616 951 1669 facti,
989 1622 1064 1655 tua

196 1686 299 1714 voce
319 1675 558 1715 renuntiati
577 1687 731 1726 sumus,
762 1680 809 1715 ut
839 1674 950 1715 idem
981 1672 1063 1713 ho-

195 1732 368 1773 noribus
387 1735 544 1774 nostris
568 1734 833 1787 suffragator
855 1735 902 1774 in
924 1733 1062 1784 curia,

195 1791 242 1831 in
306 1805 453 1847 campo
527 1791 774 1832 declarator
844 1792 1061 1833 existeres.

199 1849 396 1891 Velleius
427 1849 643 1891 Tiberium
690 1852 820 1892 etiam
863 1850 918 1891 ob
952 1850 1064 1891 hanc

194 1921 286 1950 rem
305 1908 434 1951 laude
453 1909 668 1950 immerita
690 1909 881 1951 cumulat
901 1908 939 1950 11
958 1909 1065 1951 126:

195 1975 425 2009 summotae
455 1971 552 2022 foro
575 1969 723 2009 seditio
757 1969 960 2023 (comitia
985 1968 1067 2008 tri-

198 2026 302 2067 buta
333 2028 428 2068 sive
471 2029 656 2081 contio),
701 2027 873 2068 ambitio
918 2040 1067 2082 campo

197 2086 395 2141 (comitia
412 2087 580 2126 centuri
587 2086 914 2138 ata),discordia
928 2087 1067 2126 curia.

200 2142 317 2185 Idem
349 2143 387 2184 ΙΙ
421 2146 525 2186 124:
571 2152 666 2199 post
709 2145 917 2186 redditum
949 2143 1069 2185 caelo

198 2209 365 2257 patrem
395 2209 435 2243 et
465 2216 618 2258 corpus
644 2204 733 2244 eius
758 2202 957 2244 humanis
988 2203 1069 2244 ho-

200 2261 401 2313 noribus,
445 2275 600 2302 nomen
631 2262 786 2303 divinis
815 2262 1071 2303 honoratum

196 2320 378 2375 primum
416 2320 722 2376 principalium
766 2321 855 2361 eius
897 2334 1071 2376 operum

197 2379 280 2433 fuit
325 2379 539 2420 ordinatio
601 2380 892 2431 comitiorum,
945 2393 1070 2433 quam

198 2451 330 2478 manu
359 2451 440 2478 sua
468 2438 673 2493 scriptam
708 2439 826 2480 divus
857 2438 1070 2494 Augustus

200 2495 446 2550 reliquerat.

290 2556 368 2596 etsi
394 2555 614 2611 potissima
635 2555 815 2597 arbitrio
843 2556 1069 2611 principis,

202 2614 410 2667 quaedam
434 2622 575 2655 tamen
605 2614 754 2655 studiis
779 2616 963 2655 tribuum
988 2616 1069 2668 fie-

202 2673 327 2714 bant.-
365 2673 616 2715 candidatos
649 2673 701 2714 ab
722 2673 922 2730 Augusto
946 2686 1069 2715 com-

200 2731 426 2772 mendatos
473 2731 609 2772 tribus
656 2732 750 2774 fere
798 2739 1066 2775 creaverant.

205 2789 437 2831 Suetonius
469 2791 582 2845 Aug.
617 2790 696 2832 56:
737 2791 896 2844 quoties
927 2793 1068 2846 mapi-

201 2855 412 2891 stratuum
444 2850 625 2890 comitiis
654 2850 902 2906 interesset,
937 2851 1070 2892 tribus

203 2921 298 2949 cum
321 2908 562 2949 candidatis
586 2908 673 2948 suis
693 2908 944 2952 circumibat
967 2923 1070 2964 sup-

200 2965 468 3020 plicabatque
494 2979 610 3006 more
638 2966 844 3007 sollemni.
892 2967 1071 3009 Ferebat

205 3030 244 3065 et
286 3025 375 3079 ipse
420 3025 671 3079 suffraqium
707 3026 756 3065 in
792 3025 986 3067 'tribubus
1025 3033 1072 3067 ut

202 3095 310 3123 unus
336 3097 357 3123 e
380 3082 550 3138 populo.
604 3083 745 3125 Minus
775 3086 978 3137 speciose
996 3086 1071 3125 lu·-

205 3139 287 3181 lius
321 3139 480 3182 Caesar
520 3141 730 3194 dictator,
779 3144 874 3196 ipse
912 3156 950 3184 a.
986 3143 1072 3186 708

203 3200 248 3239 in
266 3199 523 3241 decennium
546 3207 715 3242 creatus
738 3201 907 3254 consul,
928 3203 1072 3257 magi-

205 3263 413 3298 stratuum
469 3261 642 3300 comitia
701 3259 851 3300 haberi
913 3259 1069 3301 voluit.

207 3316 439 3357 Suetonius
471 3315 595 3358 Caes.
629 3318 712 3359 41:
764 3318 936 3358 comitia
979 3332 1074 3359 cum

201 3373 560 3430 populopartitus
583 3382 642 3415 est
663 3368 724 3427 ut,
754 3377 938 3431 exceptis
965 3389 1072 3417 con-

204 3433 381 3480 sulatus·
402 3433 781 3487 «competitoribus,
833 3435 883 3474 de
933 3442 1072 3475 cetero

174 3498 379 3538 numero
414 3492 740 3532 candidatorum
757 3504 834 3545 pro
851 3499 975 3546 parte
1004 3492 1072 3531 di-

207 3550 339 3592 midia
373 3564 473 3605 quos
502 3549 680 3605 populus
720 3549 843 3590 vellet
875 3563 1074 3604 pronun-

210 3609 442 3660 tiarentur,
487 3623 568 3664 pro
615 3614 738 3663 parte
777 3607 919 3649 altera
974 3620 1074 3660 quos

210 3665 297 3722 ipse
314 3667 521 3710 edidisset.
568 3667 627 3709 Et
647 3667 796 3709 edebat
811 3679 890 3722 per
910 3664 1074 3708 libellos

1147 1380 1364 1436 scriptura
1383 1380 1524 1422 brevi:
1542 1381 1729 1423 ‘Caesar
1750 1382 1936 1424 dictator
1959 1380 2026 1425 illi

1148 1439 1292 1482 tribui.
1344 1440 1599 1482 Commendo
1625 1441 1740 1482 vobis
1763 1441 1885 1483 illum
1908 1450 1948 1484 et
1967 1443 2026 1484 il-

1148 1497 1246 1550 lum,
1274 1506 1318 1540 ut
1340 1507 1479 1540 vestro
1510 1501 1719 1556 suffragio
1740 1515 1862 1542 suam
1882 1502 2026 1557 diyni-

1148 1563 1276 1599 tatem
1322 1558 1523 1600 teneant?
1600 1558 1711 1600 Novi
1766 1560 1897 1601 moris
1944 1563 2024 1602 sub

1147 1615 1319 1658 Tiberio
1367 1619 1512 1671 coepti
1558 1617 1770 1659 lectorem
1818 1619 2023 1661 admonet

1147 1675 1320 1718 Tacitus
1345 1675 1443 1717 XlV
1465 1676 1545 1720 28:
1580 1678 1752 1718 comitia
1774 1686 2027 1732 praetorum

1148 1735 1329 1777 arbitrio
1364 1742 1537 1777 senatus
1568 1736 1721 1778 haberi
1751 1735 1892 1778 solita.

1235 1822 1485 1864 moderante
1517 1822 1696 1876 Tiberio,
1725 1822 1765 1865 h.
1792 1837 1830 1865 e.
1853 1825 2027 1866 modum

1152 1882 1327 1923 sibimet
1348 1883 1616 1934 imponente,
1638 1882 1847 1924 wahrend
1870 1882 1911 1924 Τ.
1935 1884 2027 1925 sich

1153 1941 1220 1982 die
1254 1940 1588 1996 Beschrankunq
1638 1942 1831 1997 aulleqte.
1896 1940 2024 1985 Conf.

1151 1999 1189 2041 11
1222 2000 1303 2043 29:
1336 2002 1399 2041 ita
1423 1999 1651 2040 moderans
1679 2014 1734 2041 ne
1757 2000 1894 2042 lenire
1919 2015 2026 2043 neve

1153 2072 1360 2114 asperare
1382 2059 1566 2099 crimina
1586 2058 1816 2100 videretur.
1888 2060 1944 2100 VI
1971 2063 2024 2104 2:

1151 2117 1291 2158 verbis
1321 2117 1550 2158 moderans
1571 2117 1647 2173 (im
1664 2117 1914 2159 Ausdrucke
1934 2118 2028 2159 sich

1152 2176 1429 2232 massiqcnd.)
1551 2182 1749 2229 quattuor
1775 2177 2028 2218 candidatos

1155 2234 1523 2290 —desiynandost
1543 2234 1650 2275 dicit
1669 2240 1899 2288 praeturae
1919 2249 2027 2277 can-

1155 2293 1324 2334 didatos
1358 2306 1413 2334 ex
1447 2293 1750 2347 quaestoribus
1784 2293 2026 2350 designan-

1155 2351 1246 2394 dos.
1270 2353 1321 2392 Hi
1347 2358 1550 2407 quattuor
1570 2353 1610 2392 in
1632 2358 1865 2406 quaestura
1883 2366 1920 2395 a.
1942 2353 2028 2395 716

1156 2416 1200 2451 et
1221 2410 1588 2465 subsequentibus
1615 2411 1868 2452 consulibus
1899 2410 2027 2453 adiu-

1155 2474 1272 2511 tores
1304 2470 1445 2521 fuere,
1479 2468 1579 2510 dein
1612 2471 1798 2510 ministri
1826 2469 2027 2511 Caesaris

1155 2527 1261 2570 sacti
1278 2534 1391 2569 sunt.
1422 2526 1488 2568 cf.
1505 2533 1651 2568 annot.
1679 2528 1731 2569 ad
1747 2528 1845 2569 XVI
1873 2528 1945 2571 34.
1980 2529 2028 2569 In

1155 2587 1243 2630 illis
1265 2586 1569 2642 quaestoribus
1593 2592 1697 2628 tunc
1728 2586 1813 2628 fuit
1828 2586 2027 2628 Velleius

1155 2646 1409 2688 Paterculus
1434 2651 1476 2686 et
1501 2645 1637 2686 frater
1668 2647 1777 2688 eius.
1824 2645 2026 2688 Velleius

1155 2705 1193 2746 11
1229 2708 1338 2749 124:
1365 2718 1444 2759 quo
1467 2711 1652 2760 tempore
1677 2705 1782 2745 mihi
1810 2706 2027 2759 fratrique

1154 2778 1261 2817 meo,
1296 2763 1539 2805 candidatis
1574 2763 1802 2815 Caesaris,
1831 2763 2027 2818 proxime

1156 2838 1184 2864 a
1235 2822 1507 2863 nobilissimis
1568 2835 1622 2863 ac
1688 2820 2026 2863 sacerdotalibus

1154 2883 1259 2923 viris
1286 2881 1497 2922 destinari
1522 2881 1799 2936 praetoribus
1833 2880 2024 2935 contiqit.

1242 2981 1342 3008 moa·
1373 2966 1603 3009 celebratio
1639 2979 1816 3008 annua.-
1866 2966 2026 3021 Augu-

1155 3025 1283 3066 stalia
1313 3026 1646 3068 celebrabantur
1667 3025 1743 3067 XII
1770 3024 1841 3066 die
1863 3026 2026 3065 mensis

1158 3083 1384 3126 Octobris:
1451 3084 1680 3125 Kalendar.
1732 3085 1911 3137 antiqua
1957 3095 2025 3135 ap.

1158 3141 1368 3184 Orellium
1394 3142 1593 3195 Inscript.
1619 3143 1711 3183 Lat.
1735 3154 1777 3182 v.
1800 3141 1836 3181 11
1858 3153 1899 3193 p.
1922 3142 2024 3182 411.

1158 3200 1526 3251 Quemadmodum
1539 3202 1705 3241 urbano
1727 3199 1916 3252 praetori
1938 3199 2027 3237 cir-

1158 3260 1352 3300 censium
1386 3258 1585 3299 ludorum
1635 3270 1739 3298 cura
1773 3255 2028 3296 demandata

1159 3323 1250 3358 erat
1262 3316 1508 3371 (luvenalis
1531 3315 1569 3355 X
1589 3314 1782 3364 36—46,
1805 3313 1862 3353 XI
1886 3313 2027 3354 191—

1162 3375 1296 3430 196),
1329 3376 1393 3414 sic
1430 3373 1483 3414 ad
1520 3385 1618 3413 eum
1653 3373 1722 3413 cui
1756 3373 1872 3412 inter
1905 3371 2027 3412 cives

1159 3438 1202 3472 et
1235 3433 1492 3486 peregrinos
1511 3430 1752 3471 iurisdictio
1788 3431 2026 3480 evenisset,

1158 3500 1370 3530 novorum
1395 3488 1594 3530 ludorum
1624 3487 1862 3529 celebratio
1885 3494 2029 3528 trans-

1160 3547 1247 3588 lata
1279 3553 1359 3588 est.
1423 3547 1505 3598 Qui
1548 3546 1637 3588 ludi
1680 3559 1776 3587 cum
1817 3559 1869 3587 eo
1915 3557 2028 3586 anno

1160 3617 1244 3660 quo
1279 3607 1461 3658 primum
1496 3604 1705 3646 celebrati
1740 3610 1854 3656 sunt,
1889 3617 1913 3645 a
1947 3604 2029 3643 tri-

1159 3664 1288 3706 bunis
1310 3663 1457 3718 plebei
1479 3668 1523 3706 et
1554 3664 1744 3718 pecunia
1776 3669 1843 3705 ex'
1861 3663 2029 3705 aerario
