2280 4004
221 296 246 329 a
277 282 327 332 C.
361 286 433 333 29.

824 284 985 329 LIBER
1008 277 1071 328 V.
1138 278 1245 329 GU.»
1283 286 1411 328 1,-3,

1952 278 2040 330 vm

223 429 367 496 quasi
403 443 493 495 per
533 426 829 480 modestiam
868 425 1141 489 imminuit,
1197 425 1373 491 paucis
1410 424 1679 494 admodum
1718 425 1954 494 receptis,-
1995 432 2044 479 e't

225 520 398 572 addito
438 519 772 598 ne‘caelestis
811 518 994 585 religio
1038 517 1427 569 decerneretur:
1473 517 1548 568 sic
1588 517 1747 584 ipsam
1786 519 2041 571 maluisse.

226 610 355 673 Quin
395 588 638 676 et‘parte'⁴
657 592 883 660 eiusdem
913 592 1159 674 epistulae·
1193 607 1440 674 increpuit
1469 608 1715 660 amicitias
1752 609 2043 674 muliebreS,

224 701 409 753 Fufium
452 699 720 751 ,consulem
769 698 973 766 oblique
1020 697 1389 766 perstringens.-

1476 699 1523 750 ls
1566 699 1732 767 gratia
1785 699 2047 767 Augustae

225 794 479 856 ilci-uerat,
525 796 666 858 aptus
706 789 1008 842 adliciendis
1050 790 1347 842 feminarum
1388 790 1596 857 animis,
1635 789 1786 844 dicax
1824 791 1958 845 idem
1998 794 2086 843 ett

225 883 476 935 Tiberium
505 881 705 934 acerbis
741 880 942 933 facetiis
978 880 1204 934 inridere
1241 881 1437 946 solitus,
1477 887 1686 948 quarum
1727 882 1857 949 apud
1894 884 2049 950 prae-

176 979 457 1042 apotentes·
495 973 544 1023 in
584 972 791 1041 longum
831 973 1075 1025 memoria
1130 978 1220 1024 est.

225 1067 322 1117 iam
360 1070 409 1117 et
448 1071 636 1131 urgens
678 1063 973 1116 dominatio.

1299 973 1531 1025 Ceterum
1570 990 1633 1025 ex
1681 983 1745 1026 eo
1780 975 2048 1041 praerupta·

1049 1063 1171 1116 Nam
1206 1059 1446 1115 incolumi
1472 1065 1702 1132 Augusta
1743 1072 1851 1118 erat
1886 1064 2050 1118 adhuc

223 1157 524 1224 perfugium,
568 1155 683 1222 quia
727 1155 928 1207 Tiberio
957 1155 1288 1207 inveteratum
1333 1161 1689 1222 ergamatrem
1731 1157 2047 1224 obsequium,

225 1258 390 1314 neque
419 1247 630 1300 Seianus
667 1239 884 1298 audebat
912 1245 1198 1297 auctoritati
1227 1246 1451 1311 parentis
1486 1247 1663 1298 antire.

227 1339 388 1392 frenis
423 1337 610 1391 exoluti
658 1327 1027 1404 proruperunt,
1067 1337 1354 1404 missaeque
1395 1337 1445 1388 in
1481 1337 1814 1405 Agrippinam
1853 1351 1912 1389 ac
1948 1339 2052 1391 Ne-

227 1444 403 1485 ronem
446 1430 672 1494 litterae,
714 1444 838 1496 quas
874 1429 1069 1495 pridem
1107 1428 1300 1480 adlatas
1339 1433 1389 1480 et
1428 1429 1678 1481 cohibitas
1720 1430 1783 1481 ab
1821 1429 2050 1497 Augusta

229 1521 445 1575 credidit
480 1521 688 1588 vulgus:
727 1519 858 1571 haud
899 1519 1031 1571 enim
1073 1519 1275 1571 multum
1315 1524 1431 1585 post
1467 1525 1677 1572 mortem
1718 1520 1826 1572 eius
1861 1522 2051 1573 recita-

228 1619 307 1666 tae
344 1618 474 1665 sunt.

549 1611 715 1663 Verba
755 1611 1219 1677 inerantquaesita
1262 1611 1568 1677 asperitate&
1620 1611 1712 1663 sed
1751 1626 1854 1663 non
1893 1624 2048 1677 arma,

227 1716 343 1756 nott.
365 1711 535 1756 rerum
572 1710 818 1755 novarum
842 1702 1076 1766 studium,
1107 1710 1307 1753 amores
1340 1702 1574 1754 iuvenum
1605 1706 1654 1755 et
1691 1702 2050 1769 impudicitiam
2069 1714 2116 1761 η

228 1796 399 1862 nepoti
442 1794 744 1846 oblectabat.

821 1795 873 1844 ln
910 1800 1088 1846 nurum
1122 1806 1188 1843 ne
1227 1792 1277 1843 id
1317 1793 1517 1859 quidem
1550 1793 1844 1861 confingere
1881 1807 2051 1858 ausuS,

230 1887 580 1955 adrogantiam
621 1885 727 1937 oris
769 1889 818 1936 et
868 1889 1214 1936 contumacem
1259 1884 1475 1935 animum
1531 1886 1810 1950 incusavit,
1867 1899 2052 1953 magno

229 1982 433 2030 senatus
460 1991 651 2043 pavore
679 1992 739 2027 ac
768 1974 990 2040 silenti0,
1032 1975 1199 2027 donec
1229 1975 1394 2041 pauci,
1430 1975 1541 2042 quis
1578 1971 1713 2027 nulla
1746 1991 1809 2028 ex
1838 1975 2053 2027 honesto

231 2080 348 2135 spes
368 2073 445 2129 (et
471 2067 670 2132 publica
704 2066 833 2117 mala
859 2066 1075 2132 siugulis
1105 2066 1152 2116 in
1179 2065 1504 2116 occasionem
1524 2065 1723 2131 gratiae
1748 2066 2055 2131 trahuntur),

346 2221 386 2262 5.
420 2219 537 2262 allio.
574 2224 687 2260 inune
720 2218 773 2261 M.

236 2283 301 2322 15.
336 2281 424 2335 inp.
460 2280 510 2321 M.

231 2413 397 2468 perium
430 2411 711 2470 significavit,
746 2412 918 2453 nimiam
952 2414 1098 2454 matris

231 2472 471 2528 imperandi
500 2471 724 2514 libidinem
760 2471 900 2526 (conf.
927 2471 983 2513 IV
1017 2473 1096 2528 57)

230 2531 524 2586 reprehendit.
589 2530 682 2587 Ego
715 2529 770 2572 ad
802 2531 989 2586 Augusti
1021 2544 1097 2572 se-

232 2591 375 2633 culum
430 2604 544 2633 nunc
595 2590 853 2644 scriptorem
907 2590 1096 2632 animum

231 2650 468 2692 attendisse
509 2656 556 2691 ut
598 2655 808 2701 statuam,
866 2649 1095 2691 verborum

232 2711 544 2751 consecutione
570 2712 726 2764 (mater
745 2710 966 2764 impotens,
985 2719 1097 2750 uxor

229 2767 392 2824 facilis)
432 2774 705 2822 permoveor.
779 2767 845 2809 De
884 2767 1097 2809 facilitate

233 2828 382 2869 Liviae
427 2829 468 2867 in
511 2828 755 2882 Augustum
793 2827 991 2868 maritum
1024 2827 1095 2867 vi-

233 2885 360 2927 dendi
394 2884 476 2927 Dio
502 2885 529 2928 Ι.
550 2899 588 2936 c,
623 2884 870 2926 et'Suetou.
888 2884 1002 2940 Aug.
1023 2885 1093 2927 71.

322 2944 424 2985 bene
467 2944 724 2999 composita.-
776 2948 822 2982 ut
872 2942 974 2984 inde
1022 2955 1097 2996 par

234 3003 421 3044 oriretur
471 3003 652 3058 egregie
696 3003 905 3044 iunctum.
968 2999 1094 3044 Conl'.

236 3060 427 3103 Lucilius
459 3060 572 3115 apud
605 3059 859 3103 Ciceronem
907 3059 961 3102 de
1005 3066 1094 3115 opt.

235 3133 400 3176 genere
433 3126 540 3162 orat.
574 3119 615 3162 6.
669 3119 814 3161 Horat.
848 3120 984 3162 Serm.
1020 3119 1038 3161 l
1072 3121 1093 3161 7

241 3179 307 3221 19.
362 3179 489 3221 Gaius
530 3177 690 3220 Caesar
731 3180 871 3220 aviam
921 3184 1096 3233 propter

236 3238 436 3279 astutiam
475 3237 639 3279 Ulixem
667 3237 865 3279 stolatum
895 3239 1098 3278 nomina-

238 3295 336 3348 bat3
367 3297 545 3338 Sueton.
581 3294 721 3351 Calig.
747 3297 817 3338 2-3.
881 3296 953 3337 diu
983 3297 1099 3336 inri-

237 3362 323 3396 tum
351 3356 460 3411 suit:
494 3355 656 3396 irritum
692 3354 774 3395 l‘uit
805 3354 944 3395 donec
969 3353 1098 3395 Gaius

236 3425 455 3468 pronepos
480 3425 620 3455 rerum
646 3413 881 3466 potiretur:
915 3426 955 3455 ν.
979 3413 1098 3454 Suet..

236 3472 378 3515 'siben
406 3473 477 3523 51,
501 3471 653 3514 Claud.
694 3470 758 3512 16.
823 3470 905 3512 Dio
936 3470 1026 3512 ΗΧ
1057 3473 1099 3514 2.

341 3531 444 3586 Cap.
488 3534 528 3575 2.
604 3543 658 3571 ne
709 3529 903 3571 caelestis
950 3528 1102 3584 reliyio

241 3591 569 3634 denumerem-r:
601 3589 713 3631 hanc
745 3587 905 3630 Tiberii
939 3588 1104 3643 iniqui-

240 3654 368 3705 tatem
401 3662 511 3707 quae
544 3647 772 3693 videbatur
802 3647 964 3691 secutis
990 3652 1102 3690 tem-

872 2220 940 2262 10.
974 2219 1116 2261 antire
1148 2218 1201 2260 M.

616 2278 680 2320 16.
713 2278 988 2334 confrinyere
1020 2278 1085 2320 M:
1119 2276 1367 2318 emendavit
1390 2276 1646 2319 Beroaldus

1311 2220 1376 2260 11.
1413 2232 1501 2259 exs.
1536 2217 1608 2260 Or.
1707 2220 1773 2262 12.
1808 2217 1967 2261 allatas
2000 2218 2053 2262 M.

1188 2412 1365 2466 poribus
1398 2411 1605 2454 Claudius
1639 2412 1843 2466 princeps
1881 2407 2057 2453 sustulit

1186 2476 1228 2512 et
1246 2472 1397 2513 Liviae
1422 2470 1596 2513 divinos
1619 2470 1808 2512 honores
1830 2470 2025 2513 decrevit
2044 2484 2054 2511 ε

1184 2532 1364 2573 Sueton.
1403 2529 1556 2572 Claud.
1594 2532 1662 2572 11.
1697 2530 1780 2571 Dio
1817 2529 1889 2571 Lx
1924 2531 1965 2573 5.

1284 2589 1388 2644 Cap.
1424 2590 1465 2632 3.
1517 2597 1757 2646 praerupta
1786 2590 1874 2631 iam
1907 2596 1948 2631 et
1977 2602 2055 2631 ur-

1182 2657 1285 2703 9ens
1302 2649 1535 2691 dominatio
1549 2663 1562 2689 :
1582 2656 1864 2705 praeruptum
1882 2650 2056 2703 proprie

1184 2708 1345 2750 dicitur
1387 2707 1503 2763 quod
1547 2709 1687 2750 acutis
1721 2707 1894 2766 angulis
1927 2708 2055 2750 sasti-

1183 2768 1356 2823 giisqu‘e
1401 2766 1572 2818 horret,
1619 2781 1778 2823 verqens
1820 2766 1935 2822 quod
1983 2773 2056 2809 aut

1184 2827 1347 2881 impetu
1380 2827 1540 2880 premit
1573 2831 1648 2867 aut
1668 2826 1862 2880 pondere
1887 2832 1931 2867 et
1951 2838 2056 2882 gra-

1183 2885 1334 2928 vitate.
1370 2883 1607 2941 Utrumque
1626 2892 1787 2927 nomen·
1805 2884 1856 2926 ad
1880 2897 2056 2927 saevam

1181 2943 1525 2986 dominationem
1559 2943 1765 2986 audacter
1785 2944 2054 2987 translatum.

1184 3010 1279 3045 emt
1329 3003 1470 3045 adlmc
1504 3005 1749 3059 persta-qivana
1789 3005 1902 3061 (war
1945 3003 2057 3044 noch

1185 3063 1255 3103 ein
1283 3062 1566 3118 Zufluclttsort
1586 3062 1855 3115 vor-handen)
1870 3077 1883 3102 .·
1907 3063 2058 3115 paucis

1186 3121 1329 3163 verbis
1379 3122 1525 3176 gravis
1570 3134 1620 3161 ac
1667 3132 1768 3162 vera
1819 3120 2057 3161 defunctae

1185 3179 1381 3220 mulieris
1420 3180 1511 3221 laus
1545 3180 1810 3219 continetur.

1251 3238 1502 3279 auctoritati
1513 3239 1708 3292 parentis
1730 3237 1871 3278 antire
1885 3248 1898 3275 .·
1916 3247 2058 3290 neque

1186 3303 1339 3338 contra
1358 3298 1421 3337 ire
1441 3308 1584 3349 neque
1606 3295 1771 3336 obviam
1795 3296 1861 3335 ire
1893 3306 2058 3347 ponere

1189 3354 1353 3395 voluit:
1402 3366 1485 3394 non
1518 3354 1631 3394 enim
1667 3353 1719 3395 de
1754 3365 1806 3395 eo
1847 3352 2054 3407 loquitur,

1187 3413 1390 3453 Seianum
1414 3412 1621 3453 adversus
1652 3425 1701 3453 ca
1724 3425 1835 3467 qnae
1861 3411 2058 3467 Augusta

1187 3472 1323 3512 suasit
1369 3483 1562 3526 pugnare
1615 3480 1699 3511 nou
1747 3483 1897 3512 anisum
1945 3483 2058 3520 esse,

1187 3528 1265 3570 sed
1299 3531 1339 3570 in
1378 3529 1576 3571 omuibus
1619 3530 1747 3571 rebus
1781 3528 2059 3586 gravioribus

1187 3588 1413 3645 Augustae
1475 3589 1777 3631 auctoritatem
1848 3587 2059 3630 suadente

1191 3648 1284 3703 ipso
1319 3647 1480 3691 Seiano
1511 3654 1611 3692 ante
1643 3647 1909 3704 exploratam
1943 3652 2056 3702 esse.

1744 1247 1881 1298 Tunc
1915 1247 2050 1299 velut
2067 1252 2116 1297 to
