2280 4004
265 265 326 319 §1
1022 267 1312 314 ANNALIVM
1831 285 1872 319 a.
1903 282 1949 320 u.
1978 274 2084 324 801.

264 410 433 455 mistum
469 410 591 467 pellit
631 409 854 465 Voloqeses
886 408 1143 452 Parthorum
1182 409 1369 464 viribus,
1408 410 1507 454 dein
1538 410 1655 455 ‘redit
1686 411 1962 458 Radamistus
1992 418 2034 459 et
2061 425 2097 468 Q

265 483 463 527 subiectis
483 483 724 537 obsequium
744 484 1033 540 rumpentibus
1054 485 1239 538 eiicitur‚
1274 485 1432 527 coniux
1458 486 1548 529 eius
1577 485 1635 528 ad
1663 486 1880 529 Tiridaten
1908 490 2094 544 fratrem

276 556 490 613 Voloqesis
521 563 559 598 et
591 563 693 598 tunc
722 556 958 601 Armeniae
989 573 1132 615 reqem
1163 559 1387 602 deducitur
1418 561 1647 619 (48—51).
2077 607 2082 610 Δ

435 629 541 685 Cap.
575 632 766 673 52-57.
828 631 981 675 Annus
1022 646 1052 674 a
1092 633 1195 676 Chr.
1238 635 1607 691 quinquaqesimus
1644 633 1877 686 secundus,
1921 630 2096 677 claud-‘t

265 701 558 756 duodecimus,
605 717 750 746 rerum
792 712 1017 761 =qestarum·
1050 707 1223 750 sterilis.
1298 707 1452 751 Furius
1482 707 1797 751 Scribonianus
1833 708 1881 749 in
1919 705 2095 750 exilium

265 777 431 832 agutur,
466 783 506 819 et
531 792 612 834 per
644 791 738 821 eam
771 781 1039 823 occasionem
1069 766 1119 824 d‘e‘
1149 781 1463 826 mathematicis
1487 782 1699 840 pellendis
1728 783 1892 838 [actum
1921 786 2095 824 senatun

264 850 524 903 consultum3
575 854 777 895 statuitur
820 854 869 896 de
911 868 1056 911 poena
1094 857 1356 912 seminarum
1397 869 1506 912 quae
1546 857 1681 899 servis
1713 856 2092 913 coniungerentur,

263 922 457 969 Pallanti
491 925 641 969 liberto
683 926 867 970 honores
901 929 1062 971 decreti
1102 936 1141 972 et
1172 930 1319 972 laudes
1351 930 1582 987 (52-53).
1657 929 1813 972 Frater
1844 928 1935 970 eius
1968 926 2095 970 Folia:

265 1001 449 1046 ludaeos
488 1001 536 1041 in
577 1000 729 1043 bellum
768 1009 807 1044 et
844 1002 1095 1046 seditionem
1139 1003 1363 1056 accendit3
1421 1003 1493 1058 qui
1532 1003 1755 1060 compositi
1796 1015 1826 1044 a
1867 1000 2091 1055 Quadrato

263 1075 420 1130 Syriae
455 1073 657 1131 praeside
690 1076 800 1132 (54).
873 1075 1075 1132 Agrestes
1111 1076 1267 1119 Cilices
1306 1074 1564 1118 rebellantes
1611 1089 1691 1118 rex
1730 1075 1820 1118 eius
1859 1087 1966 1119 orae
1993 1072 2095 1118 An-

261 1147 428 1196 tiochus
459 1147 517 1189 ad
548 1147 788 1203 obsequium
818 1149 984 1191 reducit
1015 1152 1127 1208 (55).
1190 1149 1357 1193 Eodem
1387 1163 1504 1192 anno
1537 1148 1659 1192 lacus
1684 1149 1869 1192 Fucinus
1902 1147 2093 1201 emissus,

261 1219 338 1264 sed
381 1220 556 1262 incuria
611 1222 751 1276 operis
802 1223 1059 1278 manifesta,
1129 1223 1241 1266 unde
1288 1222 1558 1280 Aqrippinae
1603 1207 1654 1265 „et
1702 1221 1903 1268 Narcissi
1955 1219 2096 1266 alter-

265 1293 458 1339 cationes
492 1295 724 1353 (56—57).

432 1367 540 1424 Cap.
583 1369 773 1412 58-63.
846 1367 998 1410 Annus
1039 1382 1069 1410 a
1115 1368 1220 1411 Chr.
1268 1369 1641 1426 quinquagesimus
1687 1367 1863 1419 tertius,
1922 1365 2097 1410 Claudii

263 1440 414 1483 tertius
445 1441 655 1494 decimus,
708 1441 780 1496 qui
814 1442 939 1483 rebus
971 1442 1210 1484 domesticis
1243 1449 1502 1499 occupatur,
1529 1455 1640 1499 pace
1670 1441 1718 1483 in
1743 1436 1982 1498 provinciis
2007 1451 2097 1482 non

263 1513 480 1558 lacessita.
545 1514 662 1559 Nero
697 1514 920 1558 Octaviam
950 1516 997 1556 in
1028 1516 1346 1559 matrimonium
1377 1517 1556 1573 accipit,
1600 1514 1751 1558 studiis
1781 1513 1968 1557 honestis
1993 1514 2097 1562 eni-f

263 1588 384 1633 tescit
414 1595 610 1644 suscepta
634 1588 854 1631 Iliensium
887 1603 1021 1632 causa
1053 1596 1092 1632 et
1109 1591 1464 1644 Bononiensium,·
1501 1590 1680 1633 Rhodiis
1700 1589 1876 1632 libertas
1899 1587 2070 1648 reddita
2080 1601 2097 1641 ς

263 1661 437 1707 interim
459 1661 666 1705 Claudius
696 1663 945 1707 saevissima
978 1677 1166 1719 quaeque
1195 1678 1394 1721 promere
1427 1663 1618 1720 adigitur
1637 1663 1867 1724 (58—59).
1906 1659 2097 1710 2Procu-

264 1742 460 1779 ratorum
504 1738 552 1779 in
597 1738 835 1793 provinciis
886 1736 1122 1780 auctor‘itas
1171 1738 1387 1792 stabilita,
1443 1738 1543 1780 Cois
1584 1739 1828 1780 immunitas
1877 1749 2096 1790 concessa,

263 1810 483 1870 Byzantiis
514 1811 673 1852 tributa
704 1811 751 1852 in
782 1813 1115 1867 quinquennium
1146 1813 1326 1854 remissa
1355 1813 1591 1872 (60—63).
1989 1855 1991 1857 ,

432 1884 540 1941 Cap.
576 1886 766 1928 64-69.
829 1885 949 1929 Anni
979 1899 1009 1927 a
1042 1886 1145 1929 Chr.
1190 1886 1529 1943 quinquagesimi
1568 1885 1712 1941 quarti
1754 1897 1919 1927 menses
1949 1895 2099 1926 novem

260 1959 421 2018 primi,
466 1958 647 2004 Claudio
691 1960 894 2015 supremi.
976 1961 1160 2004 Mutatio
1210 1974 1356 2003 rerum
1395 1961 1444 2002 in
1490 1960 1675 2002 deterius
1716 1959 1892 2015 cognita
1934 1957 2099 2000 crebris

262 2032 488 2091 prodigiis.
568 2033 756 2089 Lepidae
796 2034 954 2075 amitae
998 2034 1186 2077 Neronis
1234 2048 1349 2077 mors
1403 2034 1570 2077 indicta
1607 2033 1878 2090 Agrippinae
1918 2031 2096 2086 artibus,

264 2106 522 2150 adversante
546 2107 779 2158 Narciss03
810 2107 934 2150 huius
958 2107 1120 2150 liberae
1139 2123 1262 2151 voces
1286 2115 1325 2151 et
1353 2108 1401 2150 in
1419 2108 1704 2165 Agrippinam
1734 2106 2099 2158 comminationes,

264 2180 340 2232 sed
378 2181 563 2222 adversa
603 2180 846 2222 valetudine
888 2189 1108 2239 correptus
1150 2183 1400 2225 Sinuessam
1439 2183 1584 2239 pergit
1615 2181 1845 2239 (64--66).
1918 2178 2100 2222 Interim

265 2253 510 2311 Agrippina
545 2255 776 2297 Caesarem
813 2269 976 2299 veneno
1020 2256 1129 2300 tollit
1162 2258 1402 2315 (66—67)‚·
1447 2256 1631 2300 eiusdem
1677 2254 1841 2298 artibus
1884 2252 2000 2296 Nero
2041 2251 2100 2295 ad

264 2328 488 2386 imperium
513 2337 734 2386 promotus
766 2331 997 2387 (68—69).

429 2474 597 2526 Caede
637 2474 943 2527 Messalinae
1000 2473 1244 2526 convulsa
1296 2477 1374 2525 est
1419 2470 1660 2540 principis
1715 2470 1919 2534 domuS‚
1984 2470 2146 2524 ortol

268 2565 401 2633 apud
462 2565 674 2617 libertos
754 2565 1031 2616 certamine
1101 2566 1213 2631 quis
1284 2564 1535 2633 deligeret
1599 2576 1810 2614 uxorem
1868 2557 2097 2624 Claudio,

393 2721 430 2760 1.
471 2718 582 2760 Cede
615 2717 694 2760 Ma.
829 2725 888 2759 est
932 2718 1072 2760 editor
1112 2717 1288 2760 adiecit.

1228 2839 1374 2882 omnia
1417 2838 1580 2880 ducens
1625 2835 1835 2879 iuferiora
1877 2835 1922 2877 in
1958 2846 2100 2891 eoque

1229 2900 1385 2951 defixa,
1420 2909 1722 2954 quaecumque
1740 2895 1965 2951 potentiae
1991 2907 2101 2937 con-

382 2839 485 2895 Cap.
550 2841 587 2882 1.
659 2841 789 2882 caede
843 2840 1107 2883 Messalinae
1127 2856 1140 2881 .-

269 2906 552 2958 posteaquam
575 2902 711 2941 exitio
736 2900 892 2943 tradita
910 2900 1143 2942 Messalina

273 2966 359 3013 est,
412 2958 638 3001 Claudiani
677 2961 948 3014 principatus
981 2972 1143 3000 novum

271 3019 428 3074 incipit
471 3025 735 3061 momentum
776 3025 906 3075 atque
951 3020 1142 3059 omnium

272 3092 417 3123 rerum
479 3079 672 3121 inversio
736 3079 947 3120 oboritur.
1029 3078 1143 3119 Ante

273 3140 389 3183 enim
422 3140 620 3194 quamvis
653 3140 869 3181 obnoxius
911 3143 1027 3180 esset
1059 3139 1143 3178 im-

272 3204 449 3255 perator
469 3198 839 3252 impudicissimae
855 3199 1044 3241 feminae
1070 3209 1144 3238 ar-

272 3258 428 3310 bitrio,
474 3270 525 3298 ea
568 3264 711 3300 tamen
759 3258 933 3298 nonnisi
966 3269 1043 3311 per
1076 3255 1145 3297 la-

273 3318 455 3361 sciviam
489 3322 619 3372 atque
663 3317 856 3359 libidinis
902 3315 1145 3370 explendae

275 3378 416 3433 gratia
447 3376 577 3417 rebus
611 3377 816 3418 Romanis
851 3376 1004 3427 illusit,
1029 3375 1144 3416 alio-

275 3438 350 3491 qui
382 3448 458 3476 sua
492 3437 677 3491 principi
713 3442 928 3490 potestas,
962 3448 1039 3476 sua
1071 3447 1145 3475 se-

274 3498 396 3536 natui
429 3497 680 3537 auctoritas.
739 3496 982 3551 Agrippina
1001 3499 1145 3535 autem

277 3554 539 3609 simulatque
553 3554 605 3595 ad
621 3553 790 3595 Claudii
805 3555 988 3595 Penates
1004 3559 1145 3594 trans-

278 3612 366 3653 lata
398 3620 488 3665 est,
521 3613 752 3655 adductum
784 3621 827 3654 et
858 3615 980 3669 quasi
1017 3612 1147 3654 virile

278 3673 506 3714 servitium
538 3672 646 3715 fuit:
681 3672 791 3715 haec
826 3676 941 3715 enim
965 3673 1146 3727 imperio

1230 2959 1409 3011 ducunt,
1426 2971 1478 2999 ea
1492 2969 1653 3011 cupere
1678 2969 1827 3012 agere,
1844 2953 2101 3009 pudicitiam

1227 3019 1383 3060 famam
1428 3016 1547 3058 levia
1598 3015 1789 3068 habere,
1840 3012 1894 3055 ad
1945 3013 2102 3056 altiora

1230 3079 1316 3118 cito
1353 3075 1503 3132 gradu,
1538 3077 1633 3117 sive
1666 3075 1760 3115 iure
1793 3075 1889 3115 sive
1923 3074 2099 3126 iniuria,

1229 3137 1455 3178 festinare.
1512 3133 1719 3175 Claudius
1752 3132 1847 3187 ipse
1880 3139 1924 3174 et
1954 3132 2102 3175 liberti

1230 3198 1314 3237 iam
1354 3193 1465 3235 nihil
1501 3194 1673 3235 valent:
1720 3191 1828 3234 vilia
1875 3193 2101 3246 potentiae

1229 3257 1518 3297 instrumenta
1577 3256 1852 3307 exequuntur
1900 3250 2016 3308 quod
2075 3265 2101 3293 a

1230 3315 1415 3356 muliere
1449 3311 1632 3353 inditum
1675 3317 1718 3352 et
1749 3312 1941 3364 iussum3
1987 3321 2099 3366 quae

1232 3387 1327 3415 cum
1371 3371 1545 3414 tandem
1591 3372 1734 3412 minus
1773 3375 1969 3425 prompta
2013 3369 2099 3409 mi·-

1231 3445 1399 3488 nusque
1442 3431 1632 3472 obnoxia
1666 3431 1760 3471 fieri
1802 3430 2042 3483 incipiunt,
2073 3439 2099 3468 a

1231 3491 1417 3547 superba
1466 3504 1517 3531 ac
1563 3495 1741 3544 potente
1782 3488 1945 3540 femina
1983 3485 2098 3527 abii-

1233 3554 1406 3593 ciuntur
1452 3556 1582 3605 atque
1627 3552 1896 3590 evertuntur.
1961 3544 2097 3597 Quae,

1233 3614 1503 3667 περιπέπεια
1536 3614 1580 3648 ut
1613 3606 1768 3648 melius
1800 3618 1825 3646 a
1860 3603 2099 3658 lectoribus

1232 3670 1565 3721 observaretur,
1622 3664 1766 3708 medio
1817 3675 1930 3707 auno
1985 3663 2099 3709 liber
