2280 4004
1378 126 1417 150 >>>>>>

242 255 338 312 aas
1002 254 1294 302 ANNAuvn
1823 273 1871 303 a..
1894 264 1940 305 a.
1973 259 2075 304 7⁷8.-

245 413 368 465 opes
410 399 712 450 innocenter
745 401 922 463 partae
961 401 1011 447 et
1044 395 1275 447 modeste
1314 395 1533 449 habitae.
1607 393 1880 449 Domitium
1916 397 2078 451 deco-

242 490 376 542 ravit
412 495 556 556 pater
597 488 735 539 civili
772 487 906 542 bello
941 487 1331 560 madeant-en&
1377 487 1544 539 donec
1579 487 1794 539 Antonii
1829 487 2074 554 partibus,

244 595 365 633 mox
401 579 636 632 Caesaris
672 578 1032 630 misceretur.--¹
1062 578 1205 654 Avus
1242 576 1533 631 Pharsalica
1568 577 1681 629 acie
1714 591 1808 644 pro
1846 582 2080 645 optuma-

246 671 379 722 tibus
421 670 696 723 ceciderat.
771 670 883 736 lpse
937 657 1165 722 delecfus
1218 670 1299 720 cui
1349 669 1518 723 minor
1549 669 1810 735 Antonia,
1867 669 2080 723 Octavia

206 761 447 830 sgenita,
498 763 549 813 in
583 762 957 814 matrimonium
996 762 1228 826 daretur,
1275 765 1392 828 post
1424 761 1653 816 exercitu
1689 762 1876 815 flumen
1911 761 2080 815 Albim

244 854 579 919 transcendit,
611 854 817 922 longius
854 859 1117 920 penetrata
1144 853 1414 906 Germania
1450 868 1597 920 quam
1633 853 1896 920 quisquam
1935 853 2082 921 prio-

243 958 386 1009 rum,
438 959 627 1011 easque
665 945 731 996 ob
764 960 850 998 res
891 945 1115 1013 insignia
1155 945 1392 1011 triumphi
1434 944 1645 1012 adeptus
1687 949 1779 998 est.
1855 943 1993 997 Obiit
2031 950 2081 997 et

244 1036 428 1088 Lucius
466 1035 746 1102 AntoniuS,
798 1036 950 1089 multa
1002 1037 1303 1094 claritudine
1338 1036 1573 1105 generiS,
1629 1036 1722 1089 sed
1760 1036 2077 1103 inprospera.

243 1127 370 1178 Nam
417 1132 560 1192 patre
611 1127 719 1178 eius
777 1128 884 1179 Iulo
940 1127 1166 1179 Antonio
1220 1127 1285 1180 ob
1350 1127 1651 1180 adulterium
1699 1127 1857 1179 Iuliae
1917 1132 2080 1179 morte

183 1233 231 1269 io
244 1218 418 1283 punito
446 1217 580 1268 hunc
608 1217 879 1269 admodum
905 1217 1355 1283 adulescentulum,
1395 1219 1593 1271 sororis
1629 1223 1895 1285 nepotem,
1924 1232 2081 1284 sepo-

244 1308 344 1359 suit
373 1308 634 1375 Augustus
667 1309 718 1359 in
758 1309 1013 1364 civitatem
1042 1309 1430 1373 Massiliensem,
1467 1309 1554 1360 ubi
1588 1309 1762 1376 specie
1800 1307 2080 1360 studiorum

243 1414 431 1454 nomen
456 1400 594 1451 exilii
633 1405 908 1468 tegeretur.
982 1401 1194 1452 Habitus
1222 1405 1390 1453 tamen
1427 1400 1676 1467 supremis
1708 1400 1892 1465 honor,
1931 1413 2084 1453 ossa-

243 1502 340 1555 que
378 1490 567 1541 tumulo
612 1491 939 1543 Octaviorum
978 1491 1133 1542 inlata
1170 1506 1262 1557 per
1300 1490 1560 1543 decretum
1597 1495 1820 1543 senatus.

386 1578 553 1632 Isdem
595 1581 889 1633 consulibus
924 1582 1124 1634 facinus
1161 1586 1309 1634 atrox
1349 1582 1403 1633 in
1440 1581 1681 1635 citeriore
1706 1581 1948 1650 Hispania
1987 1581 2084 1636 ad-
2100 1579 2169 1630 45

181 1689 228 1725 ιε.
246 1672 453 1724 missum
486 1689 513 1725 a
549 1673 769 1740 quodam
803 1674 996 1742 agresti
1027 1674 1250 1727 nationis
1275 1674 1637 1727 Termestinae.
1712 1674 1760 1726 Is
1795 1678 2083 1741 praetorem

244 1764 547 1830 provinciae
584 1765 792 1816 Lucium
827 1765 1095 1831 Pisonem,
1156 1781 1285 1832 pace
1321 1766 1662 1831 incuriosum,
1716 1781 1781 1819 ex
1819 1765 2081 1832 inproviso

244 1855 298 1904 in
336 1855 520 1907 itinere
557 1855 766 1907 adortus
807 1871 910 1908 uno
948 1856 1158 1913 vulnere
1196 1857 1248 1909 in
1289 1861 1502 1909 mortem
1541 1856 1732 1909 adfecit
1745 1874 1759 1920 ;
1809 1873 1871 1911 ac
1905 1856 2084 1923 perni-

248 1945 399 1998 citate
438 1947 554 2014 equi
589 1946 868 2016 profuguS,
917 1953 1185 2017 postquam
1221 1948 1474 2002 saltuosos
1510 1948 1656 2001 locos
1697 1947 1963 2017 attigerat,
2001 1947 2084 1999 di-

363 2100 406 2143 3.
436 2098 716 2156 pharssalica
747 2100 801 2142 M.
895 2099 939 2145 4.
975 2100 1160 2144 deiectus
1194 2100 1247 2143 M.
1340 2101 1383 2144 6.
1418 2101 1686 2145 transcendit
1716 2100 1778 2155 M,
1811 2113 1899 2143 non
1932 2108 2083 2147 tram-

244 2159 423 2203 scendit.
514 2158 559 2202 8.
594 2158 645 2201 L.
676 2158 732 2201 Μ.
796 2159 839 2202 9.
872 2159 978 2202 iulio
1010 2159 1064 2202 M.
1101 2160 1158 2203 cf.
1191 2165 1339 2203 annot.
1369 2159 1424 2202 ad
1454 2161 1482 2203 3
1518 2159 1587 2202 18.
1678 2166 1843 2204 mortae
1860 2161 1916 2207 M.
2013 2161 2082 2203 11.

244 2219 376 2275 spetie
396 2218 451 2274 M.
519 2220 588 2263 14.
621 2218 743 2263 istem
765 2218 821 2261 M.
883 2219 1068 2273 facimus
1090 2220 1145 2262 M.
1213 2220 1612 2278 153termaestinae
1632 2219 1686 2263 M.
1754 2219 1823 2264 16.
1855 2219 1906 2263 1..
1923 2219 1980 2265 M.

335 2339 555 2386 decoravit
570 2345 721 2395 pater:
754 2351 797 2381 v.
816 2338 998 2382 Sueton.
1019 2340 1121 2382 Ner.

244 2401 287 2443 3.
325 2398 488 2442 Vellei.
521 2397 560 2441 11
591 2399 663 2441 72.
707 2397 896 2454 Appian.
930 2399 980 2443 B.
1006 2398 1054 2441 G.
1086 2399 1123 2442 V

246 2459 302 2502 55
337 2463 381 2502 et
411 2457 484 2501 61.
605 2471 735 2500 avus.-
786 2458 904 2501 conf.
940 2459 1120 2501 Sueton.

246 2517 275 2558 l.
312 2531 350 2560 c.
386 2520 426 2562 2.
466 2516 626 2559 Caesar
656 2515 706 2557 B.
742 2515 790 2558 C.
828 2516 887 2559 111
919 2517 991 2561 99.

328 2577 471 2618 minor
517 2575 745 2617 Antonia:
798 2576 842 2616 in
890 2576 977 2617 alia
1034 2577 1125 2618 abit

247 2635 502 2686 Suetonius,
536 2635 611 2689 qui
643 2634 852 2675 maiorem
884 2634 1119 2676 Antoniam

246 2693 457 2746 Domitio,
489 2693 699 2734 minorem
719 2692 860 2734 Druso
880 2694 992 2747 patri
1013 2694 1122 2735 Ger-

246 2754 406 2794 manici
450 2753 684 2808 coniugem
730 2750 868 2796 fuisse
900 2758 1045 2794 narrat
1076 2753 1122 2793 in

245 2811 420 2853 Nerone
463 2825 501 2853 c.
546 2812 572 2854 5
607 2816 650 2852 et
682 2811 726 2851 in
760 2809 963 2866 Caligula
1006 2825 1044 2853 c.
1082 2813 1121 2864 1,

248 2873 428 2922 rectius,
464 2875 512 2911 ut
544 2869 732 2913 videtur.
782 2870 954 2912 Tacitus
976 2875 1121 2912 tamen

250 2929 433 2972 eandem
467 2928 579 2970 hanc
611 2929 846 2971 Antoniam
880 2930 1010 2971 etiam
1050 2928 1124 2971 XII

251 2988 310 3032 64
341 2989 519 3031 vocavit
548 2988 769 3030 minorem.

344 3047 536 3090 exercitu
552 3048 707 3102 flumen
724 3047 867 3090 Albim
893 3054 1122 3090 transcen-

250 3107 337 3148 dit.-
379 3106 463 3149 Dio
496 3106 571 3148 LV
607 3108 656 3148 11
699 3106 793 3163 (ed.
827 3107 967 3151 Sturz.
1001 3113 1031 3148 t.
1064 3107 1122 3149 111

247 3177 289 3220 p.
325 3166 453 3223 362).
500 3165 681 3220 Sueton.
715 3165 816 3208 Ner.
850 3169 893 3217 4.

336 3225 499 3268 sororis
529 3232 750 3280 nepotem:
780 3231 918 3267 mater
944 3226 984 3273 ei
1006 3225 1120 3268 Mar-

249 3283 364 3324 cella
398 3290 491 3324 erat
523 3283 733 3327 Octaviae
766 3284 871 3326 filia.

338 3339 444 3398 Cap.
467 3342 539 3386 45.
589 3344 781 3387 nationis
809 3344 1119 3387 Termestinae..-

247 3406 405 3443 vocata
436 3407 503 3443 est
522 3402 575 3443 ab
602 3402 765 3457 oppido
795 3402 1120 3461 Termes(Tier-

245 3461 368 3515 mes).
421 3459 531 3502 l'lin.
564 3460 620 3502 111
651 3466 703 3504 4:
736 3461 947 3504 Arevacis
968 3475 1122 3504 nomen

250 3515 363 3560 dedit
406 3520 557 3573 fluvius
608 3519 767 3562 Areva.
831 3522 995 3563 Horum
1049 3536 1125 3564 sea·

251 3577 429 3631 oppida.-
497 3579 712 3634 Saguntia
750 3587 790 3622 et
838 3580 1028 3634 Uxama,
1065 3606 1120 3613 —

246 3642 479 3688 praeterea
501 3637 687 3692 Segovia
709 3644 747 3678 et
769 3639 889 3681 Nova
911 3639 1118 3696 Anqusta,

1216 2341 1379 2382 Termes
1422 2341 1598 2396 ipsaque
1647 2340 1820 2383 Climia.
1883 2340 1952 2385 Cf.
1984 2341 2080 2385 Liv.

1207 2399 1324 2454 Epit.
1372 2398 1481 2442 LIV.
1611 2406 1861 2455 praetorem
1896 2402 2083 2457 provin-

1209 2460 1330 2501 ciae.-
1361 2457 1409 2501 L.
1443 2458 1543 2501 Piso
1575 2471 1653 2514 pro
1685 2465 1888 2513 praetore
1922 2459 2007 2502 fuit
2038 2463 2083 2503 in

1208 2518 1419 2572 Hispania
1459 2518 1771 2562 Tarraconensi
1821 2519 1919 2561 sive
1968 2521 2083 2562 cite-

1207 2578 1340 2627 riore,
1373 2590 1487 2632 quae
1519 2590 1616 2619 cum
1647 2577 1871 2620 Lusitania
1905 2577 2082 2621 Caesari

1206 2635 1364 2677 tradita
1417 2641 1509 2678 erat
1555 2639 1622 2691 (v.
1665 2637 1818 2679 Strabo
1860 2636 1918 2680 111
1965 2642 1995 2681 4
2034 2641 2080 2691 §.

1211 2695 1418 2747 19-20,
1450 2694 1571 2737 XVII
1602 2697 1630 2740 3
1661 2697 1706 2747 δ.
1744 2696 1816 2740 25.
1868 2695 1952 2738 1)ίο
1987 2697 2081 2739 Llll

1212 2755 1318 2810 12),
1368 2767 1466 2796 cum
1506 2754 1689 2802 Baetica
1734 2755 1956 2798 senatoria
1986 2757 2081 2799 sive

1208 2811 1432 2867 popularis
1452 2815 1679 2868 provincia
1698 2820 1830 2857 esset.
1865 2814 1932 2859 De
1949 2827 2080 2869 prae-

1208 2878 1303 2914 tore
1335 2874 1592 2926 provinciae
1624 2886 1666 2916 v.
1701 2879 1850 2917 annot.
1886 2872 1941 2916 ad
1972 2874 1991 2931 ‚1
2024 2874 2081 2918 74

1210 2937 1320 2978 extr.

1295 2991 1343 3032 in
1373 2996 1577 3031 mortem:
1614 2995 1661 3031 ut
1692 2991 1794 3034 inde
1820 2995 2078 3044 moreretur,
2106 2984 2108 2988 ⁷

1208 3054 1255 3089 ut
1286 3049 1367 3093 62:
1413 3049 1461 3089 in
1491 3055 1668 3091 mortem
1699 3051 1941 3104 adflixerat.
1999 3051 2079 3092 XV

1209 3109 1288 3152 55:
1329 3106 1456 3150 telum
1504 3122 1664 3163 quoque
1707 3110 1754 3151 in
1801 3123 1950 3152 necem
1990 3110 2079 3152 eius

1202 3174 1407 3223 paratum
1448 3167 1641 3209 ostendit.
1767 3169 1826 3210 ad
1862 3169 2078 3223 quaestio-

1205 3241 1328 3279 nem,
1378 3225 1516 3267 forma
1564 3228 1793 3281 quaesitio,
1836 3233 1884 3271 ut
1926 3233 1993 3270 est
2033 3229 2078 3271 in

1207 3286 1272 3337 M,
1322 3285 1511 3339 priscum
1555 3287 1749 3338 redolet,
1796 3287 1874 3328 sed
1921 3286 1975 3328 ab
2025 3299 2078 3328 ea

1207 3357 1303 3388 cum
1350 3343 1422 3386 bic
1471 3350 1621 3387 noster
1669 3346 1778 3388 alias
1827 3349 2078 3388 constanter

1207 3403 1467 3446 abstinuerit
1490 3402 1552 3458 (11
1569 3405 1652 3449 30:
1686 3405 1874 3460 quaestio
1886 3405 1933 3445 in
1949 3410 2078 3458 caput

1210 3462 1393 3515 domini,
1436 3462 1496 3504 lv
1532 3463 1611 3506 19:
1660 3463 1904 3519 quaestione
1935 3461 2074 3502 maie-

1209 3523 1344 3574 statis,
1378 3522 1458 3565 29:
1490 3529 1530 3564 et
1558 3524 1745 3578 quaestio
1774 3521 1958 3563 adversa
1995 3533 2075 3561 ae-

1211 3582 1400 3625 cessatori
1428 3582 1525 3636 fuit,
1573 3581 1671 3625 XIV
1703 3581 1787 3624 60:
1821 3579 1871 3621 de
1902 3577 2075 3621 ancillis

1205 3642 1516 3696 quaestiones),
1559 3653 1674 3682 nunc
1705 3652 1729 3681 a
1761 3637 1938 3681 librario
1970 3650 2074 3695 per..
