2280 4004
201 326 242 370 af
260 314 312 369 G?-
343 315 461 365 6202

778 312 943 358 LIBER
970 310 1102 357 XIV.·
1152 309 1258 356 GAP.
1291 307 1483 353 60-61.

201 462 431 519 movetur
465 462 636 517 tamen
664 455 826 526 primo
863 455 1027 508 civilis
1063 453 1267 508 discidii
1300 450 1502 519 specie;
1536 446 1837 515 domumque
1861 443 2025 514 Burri,

201 551 412 622 praedia
463 548 647 613 Plauti,
699 547 917 600 infausta
970 545 1133 610 dona,
1190 543 1390 610 accipit.
1460 542 1580 594 Mox
1611 540 1666 591 in
1706 536 2029 605 Campaniam

203 642 346 712 pulsa
402 645 479 692 est
525 639 696 691 addita
744 637 946 690 militari
999 635 1248 689 custodia.
1318 633 1441 686 Inde
1480 631 1648 685 crebri
1691 635 1897 699 questus
1927 642 2030 684 neo

204 732 392 786 occulti
424 743 517 799 per
550 730 775 799 vulgum,
814 729 894 780 cui
929 729 1096 781 minor
1129 726 1392 794 sapientia,
1431 741 1496 777 ex
1531 722 1885 776 mediocritate
1915 721 2033 774 for-⁴

208 827 360 877 tunae
395 822 639 890 pauciora
674 821 899 889 pericula
935 824 1067 873 sunt.
1128 818 1217 870 His
1253 819 1542 880 commotus,
1567 828 1866 882 quamquam
1893 812 2070 866 nulia!

119 916 190 964 61
207 915 511 982 paenitentia
534 913 729 982 flagitii,
753 912 1022 979 coniugem
1049 909 1312 962 revocavit
1333 907 1611 962 Octaviam.
1647 906 1777 959 Exin
1795 904 1916 958 laeti
1934 903 2036 959 Oa*

206 995 433 1073 pitolium
455 1004 721 1069 scandunt,
745 1003 971 1069 deosque
985 1001 1186 1053 tandem
1206 1002 1530 1052 venerantur.
1553 996 1763 1064 Effigies
1773 996 2037 1062 Poppaeae

205 1101 467 1167 proruunt,
493 1096 738 1152 Octaviae
766 1094 1016 1161 imagines
1039 1096 1239 1160 gestant
1263 1090 1506 1154 humeris,
1542 1092 1786 1155 spargunt
1808 1085 2035 1152 floribus,

206 1187 424 1254 foroque
474 1202 536 1238 ac
578 1185 775 1251 templis
822 1188 1058 1236 statuunt.

1131 1183 1235 1234 Itur
1273 1182 1422 1234 etiam
1459 1179 1512 1230 in
1547 1178 1789 1246 principis
1840 1176 2035 1244 laudeS,

206 1277 496 1346 [repetitum
551 1275 924 1342 venerantium]
975 1274 1176 1341 iamque
1225 1276 1276 1324 et
1326 1270 1566 1323 Palatium
1621 1268 1938 1320 multitudine
1987 1271 2039 1320 et
2064 1280 2114 1319 n

327 1462 369 1504 2.
399 1457 695 1518 praedia-Ma,
723 1457 990 1515 praediaque
1021 1455 1182 1498 omisso
1215 1453 1358 1496 Plauti
1390 1451 1438 1495 G.

990 1517 1031 1559 5.
1066 1515 1132 1556 his
1164 1520 1405 1565 commotus,
1440 1523 1695 1569 quamquam
1725 1507 1848 1552 nulla
1875 1509 2037 1568 paeni-

211 1510 266 1563 ἐκ
297 1517 420 1574 GMa,
454 1525 494 1561 et
523 1534 577 1561 ex
606 1518 888 1560 Puteolanus.

210 1579 346 1622 tentia
377 1580 542 1623 editor:
577 1576 642 1620 Ma
676 1578 742 1620 his
776 1588 1019 1632 quanquam
1051 1573 1168 1616 Nero
1195 1570 1447 1630 penitentia.
2024 1599 2035 1610 .

948 1637 1015 1681 10.
1057 1634 1247 1693 glossam
1289 1633 1513 1691 repetitum
1546 1636 1843 1674 venerantum
1872 1628 2043 1672 notavit

204 1652 397 1741 γὲρένεαε
438 1645 679 1696 ρνοντιςαηι
723 1636 804 1681 Ma.

211 1712 237 1741 θ
270 1712 282 1739 1
304 1710 367 1743 01'.

214 1877 271 1891 --
324 1857 558 1914 anteponit.
622 1857 703 1900 412
760 1864 987 1901 commotus
1047 1859 1084 1901 is

209 1918 336 1972 ¹quasi
365 1917 627 1960 criminibus.
692 1917 790 1960 xm
826 1919 903 1961 15:
933 1919 1086 1962 turba-

216 1984 281 2019 tus
312 1976 377 2018 his
409 1977 525 2019 Nero
558 2002 614 2010 -—
645 1977 856 2020 volutare.
918 1978 1000 2021 56:
1048 1986 1086 2021 et

217 2043 444 2078 commotus
498 2036 564 2079 his
619 2035 783 2080 Avitus.
848 2035 946 2078 XIV
999 2041 1085 2082 22:

212 2103 430 2153 permotus
461 2097 515 2139 tis
548 2095 664 2138 Nero
702 2098 985 2153 componit—
1012 2098 1087 2140 tit..

218 2163 348 2198 teras.
412 2156 490 2197 XV
523 2157 576 2199 2:
624 2163 853 2198 commotus
897 2157 961 2198 his
1003 2157 1087 2199 Vo-

218 2214 382 2271 loyeses
414 2213 642 2256 concilium
680 2222 820 2257 vocat.
883 2215 1088 2258 Ceterum

216 2273 434 2317 Budensis
475 2275 543 2315 his
584 2279 787 2329 tanquam
823 2276 1091 2331 poenitentia

216 2334 342 2389 stay„
388 2332 421 2375 G
466 2339 509 2374 et
552 2332 827 2377 Oxonienses
861 2335 925 2376 his
956 2343 1090 2376 motus

219 2392 336 2435 Nero
367 2400 572 2447 tanquam
605 2392 877 2448 paenitentia
921 2395 1088 2450 flayssii,

218 2451 257 2493 A
291 2451 356 2493 his
387 2459 522 2494 motus
554 2452 694 2505 Nero,
738 2466 797 2494 an
824 2454 1091 2508 poenitentia

218 2511 336 2569 flag„
372 2509 405 2552 C
438 2513 658 2554 consentit
689 2511 903 2555 MediceO.

334 2625 439 2682 Cap.
495 2627 569 2674 61.
643 2628 831 2673 ‘tandem
863 2629 1092 2686 eleganter

221 2685 412 2730 additum
447 2687 502 2730 ad
527 2688 805 2732 indicandum
827 2688 1091 2731 desiderium

219 2745 286 2788 rei
358 2745 501 2790 factae
566 2748 829 2791 diuturnum.
892 2747 1091 2805 Longum

221 2805 350 2848 nimis
370 2807 512 2848 visum
537 2808 787 2851 hominibus
807 2806 891 2849 hoc
916 2806 1090 2861 videre3

224 2877 322 2907 esse
366 2870 510 2907 tamen
568 2868 699 2920 deos,
752 2878 848 2908 esse
898 2866 1092 2908 coeleste

224 2937 410 2976 numen,
451 2929 499 2965 ut
530 2926 623 2971 fille
654 2925 769 2980 apud
797 2925 969 2967 Livium
1001 2927 1092 2968 ait.'

223 2982 485 3026 Eat-iustius.

292 3043 516 3099 repetitum
532 3045 829 3086 venerantium
842 3058 856 3084 .·
878 3055 972 3085 cum
992 3049 1093 3088 ante

224 3099 375 3155 plures
392 3113 529 3144 annos
553 3102 748 3144 Annales
766 3102 965 3155 edebam,
978 3115 1093 3145 non..

224 3159 347 3203 nulla
391 3161 609 3204 excidisse
653 3167 755 3203 ante
788 3161 898 3204 haec
941 3162 1091 3215 verba,

223 3218 348 3261 nullo
381 3225 544 3262 eventu
574 3221 698 3262 varie
723 3226 890 3262 tentata
912 3221 1093 3262 critico..

225 3291 319 3320 rum
351 3280 549 3335 ingenio,
577 3281 716 3336 signis
748 3279 1007 3332 indicabam,
1041 3293 1093 3322 ae

225 3351 395 3380 mecum
416 3338 535 3389 haec,
553 3338 808 3393 supplebant
835 3338 1093 3392 crebraeque

224 3411 348 3439 voces
378 3399 601 3453 repetitum
634 3398 829 3453 (uxoris)
875 3410 1092 3439 veneran-

227 3458 352 3500 tium:
401 3458 645 3513 genitivum
699 3457 841 3509 enim,
889 3462 936 3498 ut
977 3470 1093 3499 nunc

226 3516 351 3559 locus
384 3529 431 3557 se
464 3516 610 3569 habet,
648 3514 824 3558 defendi
857 3527 942 3557 non
962 3528 1092 3570 posse

226 3577 272 3618 in
305 3582 458 3631 aperto
489 3582 577 3629 est,
622 3589 765 3631 neque
801 3574 855 3615 ad
889 3588 986 3616 eum
1020 3581 1091 3616 tu-

230 3634 386 3682 endum
428 3641 528 3689 apta
567 3639 666 3682 sunt
711 3633 935 3689 exempla,
973 3645 1092 3690 quae

230 3691 390 3739 similia
432 3694 683 3752 repperisse
723 3692 806 3738 sibi
863 3689 982 3737 visus
1031 3695 1098 3738 est

1534 1451 1766 1507 omnpania
1796 1448 1913 1492 GMa.
1990 1449 2036 1496 4.-

1556 1571 1599 1614 6.
1649 1568 1760 1613 exim
1788 1566 1869 1611 Ma.
1993 1564 2018 1612 7
2038 1583 2040 1585 ·

1764 1629 1773 1639 ο

1168 1853 1435 1897 Waltherus.
1468 1851 1559 1895 Iam
1586 1848 1894 1895 aliter-sentio.
1919 1847 2042 1892 Nam

1171 1915 1491 1957 substantivum
1522 1912 1725 1968 repetitus
1756 1923 1902 1967 neque
1930 1909 2045 1965 apud

1170 1976 1364 2016 Tacitum
1413 1973 1511 2016 aliis
1566 1971 1676 2013 locis
1733 1983 1877 2027 neque
1929 1968 2044 2026 apud

1172 2033 1421 2089 locupletes
1455 2030 1699 2074 Latinitatis
1733 2036 1934 2079 auctores
1965 2040 2041 2070 re·-

1172 2095 1355 2149 peritur.
1417 2090 1711 2134 Forcellinius
1753 2095 1927 2144 praeter
1959 2088 2044 2130 hoc

1176 2153 1423 2207 exemplum
1450 2151 1624 2192 nonnisi
1644 2149 1827 2191 alterum
1851 2162 1904 2191 ex
1927 2147 2042 2190 malo

1174 2213 1411 2266 scriptore,
1456 2209 1599 2253 Nonio
1640 2208 1850 2251 Marcello
1885 2210 1951 2263 (p.
1986 2207 2045 2250 64
2092 2210 2104 2215 ‘

1178 2273 1252 2329 16)
1298 2271 1474 2314 attulit:
1524 2268 1680 2324 pedatu
1730 2269 1915 2325 positum
1964 2279 2045 2324 pro

1173 2333 1357 2387 repetitu
1395 2329 1462 2371 vel
1508 2342 1704 2381 accessu,
1754 2329 1880 2370 sicuti
1929 2340 2046 2369 nnnc

1173 2391 1298 2445 vulqo
1341 2391 1499 2432 dicitur
1543 2388 1666 2429 tertio
1701 2387 1872 2444 perlato,
1935 2386 2046 2428 Hine

1175 2450 1348 2491 initium
1380 2448 1659 2503 suspicionis.
1712 2446 1898 2489 Accedit
1929 2444 2046 2503 quod

1175 2510 1472 2551 venerantium
1504 2506 1634 2561 paulo
1668 2512 1766 2561 post
1793 2505 1929 2549 verba
1947 2505 2046 2547 deos

1177 2568 1348 2611 tandem
1378 2573 1642 2611 venerantur
1671 2566 1846 2608 sinistre
1870 2570 1914 2607 et
1937 2577 2047 2607 con-

1178 2634 1243 2670 tra
1274 2641 1398 2670 usum
1421 2625 1732 2668 Cornelianum
1749 2625 2044 2681 subsequitur.

1179 2687 1401 2731 Postremo
1455 2687 1772 2728 revocationem
1821 2684 2047 2738 laudamus

1177 2747 1251 2790 vel
1283 2746 1597 2802 approbamus,
1644 2757 1732 2786 non
1773 2758 2047 2789 veneramur.

1177 2805 1236 2849 Iis
1269 2806 1443 2848 indiciis
1462 2803 1615 2847 ductus
1642 2804 1832 2861 cognovi
1858 2803 2049 2860 glossam

1180 2879 1277 2908 esse
1301 2866 1523 2921 repetitum
1545 2864 1842 2906 venerantium
1867 2865 1910 2905 in
1931 2866 2049 2905 mar..

1179 2927 1283 2981 gine
1302 2925 1408 2966 olim
1428 2924 1659 2978 ascriptam
1684 2923 1893 2966 adversus
1915 2923 2050 2965 verba

1177 2984 1444 3028 multitudine
1479 2990 1518 3025 et
1551 2983 1833 3036 clamoribus,
1866 2988 1909 3025 et
1947 2983 2050 3024 hinc

1178 3045 1223 3086 in
1269 3044 1415 3087 locum
1458 3055 1546 3084 non
1593 3048 1740 3097 aptum
1779 3042 2050 3086 translatam.

1176 3103 1517 3158 Bezzenberger
1537 3102 1651 3144 male
1673 3106 1787 3143 sarta
1819 3102 1883 3143 sic
1909 3102 2051 3142 inter-

1177 3161 1371 3217 polavit:
1403 3162 1491 3204 itur
1523 3167 1561 3201 et
1591 3163 1639 3202 in
1656 3161 1867 3216 principis
1884 3160 2050 3213 laudes,

1177 3223 1343 3276 iamque
1385 3227 1424 3262 et
1459 3219 1670 3276 palatium
1712 3218 1976 3261 multitudine
2009 3225 2051 3261 el

1179 3279 1435 3322 clamoribus
1484 3278 1773 3334 complebatur
1824 3279 2050 3334 repetitam

1177 3339 1496 3391 venerantium,
1532 3351 1626 3380 cum
1650 3363 1704 3369 —-
1724 3338 1891 3379 turham
1916 3338 2048 3379 disie-

1178 3413 1290 3441 cere.
1345 3399 1585 3453 Repetitam
1602 3398 1801 3439 venerari
1823 3396 1948 3437 turba
1971 3398 2049 3439 illa

1178 3469 1265 3499 non
1324 3462 1526 3512 poterat:
1602 3457 1804 3497 nimirum
1865 3454 2048 3499 Octavia

1180 3518 1311 3559 etiam
1369 3523 1458 3556 tum
1511 3516 1666 3558 absens
1717 3516 1760 3556 in
1814 3514 2050 3569 Campania

1180 3582 1296 3627 crat,
1342 3580 1388 3616 ut
1433 3580 1551 3629 patet
1589 3589 1643 3616 ex
1676 3574 2045 3630 subsequentibus

1179 3635 1538 3684 omittet-'.et‚-modo
1570 3635 1852 3692 Campaniam
1885 3639 1968 3678 cet.
