2280 4004
238 307 330 352 224
1021 303 1312 351 AnnAva
1815 323 1855 355 a.
1885 321 1931 354 ιι.
1957 294 2062 356 815.

239 452 467 518 scelere,
514 467 626 503 cum
667 450 731 502 ad
767 449 1035 501 visendum
1073 464 1185 502 eum
1221 450 1459 517 princeps
1495 449 1752 517 venisset,
1806 451 2065 519 aspectum

233 543 348 596 eius
383 540 668 594 aversatum
703 540 983 592 sciscitanti
1017 540 1263 592 hactenus
1291 541 1639 608 respondisse,
1671 540 1792 610 ‘ego
1819 558 1900 596 me
1934 529 2068 596 bene

238 629 437 684 habeo?
511 629 711 682 Civitati
736 630 935 698 grande
963 630 1273 682 desiderium
1304 630 1416 683 eius
1449 631 1633 684 mansit
1658 647 1749 699 per
1769 614 2066 686 memoriam

237 722 435 774 virtutis
476 726 527 774 et
566 728 924 774 successorum
961 721 1168 793 alterius
1207 737 1419 790 segnem
1456 722 1818 791 innocentiam,
1856 724 2065 778 alterius

201 813 630 882 sflagrantissima
665 813 873 881 flagitia.
950 814 1143 880 Quippe
1174 814 1365 866 Caesar
1402 813 1530 867 duos
1567 816 1839 882 praetoriis
1875 817 2068 870 cobor-

240 906 372 957 tibus
412 906 737 972 imposuerat,
778 905 1017 957 Faenium
1052 906 1234 958 Rufum
1273 922 1338 958 ex
1374 891 1515 974 vulgi
1554 907 1767 974 favore,
1804 907 1921 976 quia
1957 922 2067 961 rem

237 998 617 1051 frumentariam
672 997 782 1049 sine
840 985 1065 1064 quaestu
1105 997 1383 1063 tractabat,
1445 997 1708 1051 Sofonium
1749 999 2064 1068 Tigellinum,

237 1086 460 1142 'veterem
499 1084 861 1155 impudicitiam
915 1093 1064 1156 atque
1102 1088 1361 1140 infamiam
1413 1090 1466 1140 in
1502 1104 1564 1142 eo
1606 1095 1826 1143 secutuS.
1899 1092 2067 1159 Atque

236 1181 309 1232 illi
342 1196 436 1248 pro
491 1173 710 1249 cognitis
744 1180 970 1232 moribus
1007 1179 1178 1246 fuere,
1229 1180 1451 1232 validior
1489 1181 1768 1249 Tigellinus
1805 1183 1858 1234 in
1897 1184 2065 1235 animo

176 1264 481 1340 noprincipis
518 1277 567 1324 et
599 1272 787 1323 intimis
824 1271 1119 1323 libidinibus
1150 1271 1468 1339 adsumptus,
1519 1287 1764 1340 prospera
1803 1274 1975 1342 populi
2015 1277 2066 1327 et

236 1359 445 1416 militum
470 1363 602 1415 fama
621 1363 779 1416 Rufus
791 1380 805 1427 3
830 1363 966 1429 quod
987 1361 1118 1431 apud
1127 1363 1383 1415 Neronem
1403 1363 1673 1416 adversum
1693 1364 2064 1432 experiebatur.

373 1455 511 1508 Mors
550 1454 696 1506 Burri
736 1454 949 1522 infregit
986 1454 1215 1508 Senecae
1251 1455 1557 1520 potentiam,
1617 1455 1733 1522 quia
1783 1471 1882 1509 nec
1916 1455 2069 1509 honis
2083 1458 2154 1509 52

237 1545 429 1598 artibus
466 1545 604 1598 idem
637 1545 820 1597 virium
856 1550 965 1597 erat
998 1545 1158 1597 altero
1193 1545 1330 1597 velut
1355 1545 1486 1598 duce
1520 1551 1707 1612 amot0,
1747 1551 1797 1599 et
1825 1547 1963 1601 Nero
2003 1547 2070 1600 ad

239 1636 524 1689 deteriores
580 1635 873 1688 inclinabat.
989 1637 1051 1688 Hi
1105 1637 1262 1690 variis
1327 1637 1766 1690 criminationibus
1823 1622 2071 1692 Senecam

175 1741 222 1781 1⁵
240 1728 567 1794 adoriuntur,
623 1732 876 1794 tamquam
926 1728 1163 1796 ingentes
1222 1733 1272 1781 et
1321 1726 1571 1796 privatum
1622 1729 1826 1782 modum
1866 1735 2071 1784 evectas

170 1832 173 1834 ’
240 1835 363 1932 opes
401 1820 567 1872 adhuc
605 1817 847 1887 augeret,
915 1819 1152 1887 quodque
1197 1820 1364 1873 studia
1409 1820 1594 1873 civium
1640 1821 1695 1872 in
1731 1836 1789 1874 se
1830 1827 2068 1889 verteret,

357 1989 402 2033 2.
434 1989 705 2031 adversatum
736 1987 862 2031 GMa.
905 1989 1096 2030 correxit
1125 1987 1405 2031 Puteolanus.

239 2043 321 2101 Ma,
353 2049 542 2104 slaqitia:
576 2055 615 2090 et
646 2048 864 2096 (adulteria
894 2048 942 2091 G.

241 2108 377 2162 psiuS.
486 2107 530 2151 8.
563 2108 653 2164 inp.
685 2106 766 2150 Ma.

243 2173 287 2209 et
318 2167 452 2224 Lipsii
485 2167 776 2210 Farnesianus
810 2173 854 2209 et
886 2168 1109 2210 recentior
1125 2167 1362 2210 Mediceus.

241 2225 323 2270 Ma.
434 2228 502 2271 15.
536 2235 740 2283 tanquam
770 2225 852 2269 Ma.

1555 1990 1597 2032 5.
1630 1988 1810 2044 llaqitia.
1854 1989 2072 2032 adulteria

1043 2049 1083 2091 7.
1127 2049 1319 2104 osonium
1350 2046 1579 2104 tiqillinum
1611 2047 1738 2090 GMa:
1774 2050 1964 2092 correxit
1992 2048 2071 2091 Li-

863 2108 904 2151 9.
940 2108 1134 2163 cognatis
1164 2106 1258 2150 Ma:
1292 2108 1473 2164 cognitis
1503 2108 1724 2150 Mercerus
1769 2114 1900 2165 atque
1941 2108 2006 2151 sic
2039 2107 2073 2150 C

1457 2166 1664 2223 tigillinus
1684 2165 1764 2211 Ma.
1845 2169 1913 2212 13.
1945 2167 2075 2210 uelud

951 2227 1120 2269 modum
1150 2226 1229 2281 Ma,
1261 2240 1395 2285 supra
1423 2227 1591 2269 modum
1623 2227 1671 2270 G.

1202 2381 1335 2425 LXIV
1355 2385 1397 2427 3.
1446 2383 1626 2426 Sueton.
1652 2381 1774 2425 Galb.
1805 2383 1873 2427 15.
1923 2381 2072 2426 Schol.

1201 2442 1398 2485 Iuvenal.
1449 2442 1467 2484 1
1518 2443 1615 2485 155.
1696 2441 1985 2493 Philostratus
2028 2443 2075 2484 in

1203 2504 1295 2544 vita
1317 2501 1544 2557 Apollonii
1574 2501 1635 2543 IV
1666 2502 1725 2545 42
1757 2507 1802 2544 et
1834 2502 1893 2546 43
1926 2508 1969 2544 et
1998 2502 2073 2546 44.

1205 2561 1330 2613 Quod
1352 2574 1453 2602 mox
1472 2563 1684 2617 sequitur,
1717 2568 1902 2603 veterem
1932 2562 2075 2618 impu,-

1205 2621 1397 2662 dicitiam
1428 2628 1553 2675 atque
1584 2621 1812 2675 infamiam
1842 2621 1889 2662 in
1921 2634 1969 2662 eo
2002 2635 2074 2662 se-

240 2382 368 2437 misit,
397 2382 469 2425 hic
490 2382 602 2425 LXII
628 2383 708 2427 13.
744 2383 962 2442 Βοῦρρον
988 2400 1118 2443 φαρ-

241 2442 378 2506 μα’κω
412 2442 619 2488 διώλεσε.

330 2517 411 2559 pet·
459 2529 509 2536 -
557 2502 735 2544 alterius
781 2503 1120 2559 llaqranlissima

244 2563 438 2618 fiayitia:
479 2562 635 2604 foedus
672 2562 755 2603 luit
785 2575 836 2604 ac
868 2562 1118 2604 maculosus

247 2622 432 2664 avaiitia
465 2627 508 2663 et
539 2622 691 2662 infami
726 2621 910 2663 libidine
932 2654 943 2673 ,
978 2635 1118 2677 eaque

245 2681 583 2736 flagrantissima
600 2680 780 2735 flagitia,
800 2680 843 2721 h.
867 2693 905 2722 e.
927 2680 1119 2722 ardentis

248 2739 498 2794 cupiditatis
547 2739 713 2796 flagitia
755 2738 927 2780 Tacitus
973 2740 1119 2780 nomi-

246 2800 383 2842 navit.
474 2799 560 2844 Sed
622 2798 852 2840 admodum
916 2800 1119 2853 imperite

249 2858 469 2916 glossator
514 2860 558 2900 in
613 2857 858 2915 ἀρχετύπῳ
903 2857 1121 2899 adulteria

248 2925 322 2960 aut
354 2920 398 2960 in
431 2920 629 2974 margine
675 2924 749 2959 aut
780 2930 911 2972 supra
945 2931 1119 2959 versum

249 2978 428 3029 adiecit,
460 2984 507 3018 ut
538 2977 692 3019 videre
727 2977 832 3018 licet
865 2990 919 3018 ex
955 2983 1117 3031 puncto

247 3043 344 3092 post
390 3037 558 3092 llaqitia
593 3037 753 3091 posito.
827 3035 934 3076 Eius
967 3037 1117 3090 puncti

248 3097 441 3152 vestigia
465 3097 595 3138 etiam
614 3097 659 3137 in
679 3094 727 3149 G,
755 3095 827 3151 qui
851 3095 936 3136 duo
963 3094 1119 3143 eodem

248 3156 349 3198 loco
383 3156 590 3198 ostendit.

361 3217 512 3272 quippe
545 3215 712 3257 Caesar
747 3240 802 3247 —
834 3213 1117 3270 imposuerat:

249 3274 358 3317 haec
387 3275 584 3317 scribens
608 3275 804 3328 respexit
835 3279 1007 3327 tempus
1034 3285 1119 3328 quo

247 3335 405 3377 civitas
431 3333 584 3392 grandi
605 3332 824 3375 desiderio
837 3333 1018 3373 Burrum
1040 3332 1121 3374 de-

249 3394 445 3436 sunctum
479 3393 679 3448 amplexa
704 3399 783 3435 est.
831 3392 897 3433 De
932 3391 1120 3433 nominis

249 3453 404 3495 Faenii
425 3454 561 3494 sonna
586 3451 641 3494 cf.
664 3459 811 3494 annot.
846 3451 899 3492 ad
917 3450 1015 3492 xut
1046 3452 1119 3495 23.

251 3539 254 3543 -
337 3513 566 3567 Sofonium
589 3511 865 3566 Tigellinum:
896 3510 1033 3551 Taciti
1066 3510 1120 3551 de

250 3569 334 3612 hoc
360 3570 538 3612 homine
556 3570 678 3611 locos
698 3570 830 3612 index
844 3569 1119 3611 monstrabit.

251 3628 379 3677 Conf.
405 3630 491 3671 Dio
523 3629 615 3671 LIX
649 3631 719 3682 23,
753 3628 867 3671 LXII
902 3630 955 3671 13
989 3634 1032 3670 et
1067 3629 1119 3671 15

253 3691 296 3735 et
314 3688 367 3734 27
393 3693 436 3732 ct
458 3689 530 3747 28,
560 3687 696 3739 Lxlu
729 3689 779 3734 11
819 3694 862 3733 et
888 3690 943 3735 12
974 3694 1016 3731 et
1047 3690 1119 3745 21,

1205 2687 1338 2731 cutus,
1372 2681 1564 2732 pertinet
1596 2679 1648 2720 ad
1681 2679 1941 2721 adulterium
1975 2692 2072 2721 cum

1202 2739 1448 2795 Agrippina
1471 2738 1576 2781 Gaio
1597 2739 1840 2793 imperante
1866 2740 2074 2780 commis-

1203 2811 1323 2851 sum,
1375 2799 1498 2840 cuius
1533 2799 1825 2840 meminerunt
1858 2797 1943 2841 Dio
1984 2797 2076 2840 LIX

1204 2858 1260 2900 23
1284 2863 1328 2899 et
1348 2856 1596 2899 Scholiasta
1627 2857 1864 2900 IuvenaliS.
1919 2856 2076 2900 Forma

1202 2915 1270 2959 Ma
1308 2916 1529 2972 Tigillinus
1573 2929 1735 2971 pravae
1778 2915 2074 2959 recordationi

1203 2977 1392 3018 nominis
1435 2975 1617 3032 tiyillum
1654 2975 1816 3018 debere
1858 2976 2075 3033 originem

1203 3035 1390 3088 videtur,
1416 3035 1494 3077 sed
1518 3048 1668 3077 verum
1699 3034 1898 3091 Tigellini
1914 3047 2075 3077 nomen

1206 3094 1523 3135 conformatum
1557 3107 1582 3136 a
1621 3093 1833 3151 Tigellius.

1294 3151 1399 3207 Cap.
1439 3154 1510 3197 52.
1585 3160 1625 3194 et
1656 3154 1855 3195 carmina
1883 3151 2076 3194 crebrius

1202 3213 1434 3268 factitare.-
1485 3211 1735 3269 significant
1767 3210 2015 3269 tragoedias
2051 3223 2077 3253 a

1205 3273 1374 3315 Seneca
1411 3271 1549 3314 editas
1588 3277 1632 3313 et
1680 3272 1806 3315 nobis
1848 3275 2075 3313 servatas·

1205 3344 1357 3373 omnes
1405 3333 1546 3385 enim,
1595 3344 1707 3387 quae
1759 3333 1853 3374 eius
1896 3331 2076 3372 nominc

1205 3390 1592 3443 circumferuntur,
1640 3396 1826 3446 excepta
1868 3388 2075 3440 Octavia,

1204 3451 1309 3505 quin
1336 3451 1556 3505 genuinae
1589 3451 1736 3491 sintet
1768 3450 1820 3491 ab
1853 3450 1948 3502 ipso
1974 3445 2076 3501 phi-

1206 3508 1392 3563 losopho
1428 3509 1704 3563 conscriptae
1729 3507 1916 3550 dubitari
1948 3505 2076 3546 Iustis

1205 3568 1258 3610 de
1293 3569 1434 3609 causis
1469 3569 1637 3624 nequit.
1705 3563 2075 3619 Quemadmodum

1206 3628 1404 3668 carmina
1435 3628 1532 3669 eius
1557 3626 1729 3669 'lacitus
1751 3628 1975 3675 memorat,
2010 3623 2074 3664 sic

1206 3686 1500 3743 Quintilianus
1554 3686 1593 3732 X
1657 3687 1678 3731 1
1740 3684 1800 3732 29
1851 3688 2070 3746 poemata,
