2280 4004
167 338 194 369 a
225 326 274 372 C.
306 288 410 374 62⁴

774 328 940 376 LIBER
951 363 958 369 .
969 329 1084 377 XIV.
1147 329 1253 379 GAr.
1288 331 1477 378 51-53.
1906 335 1996 377 225

170 468 432 522 hortorum
468 485 670 538 quoque
713 471 1020 524 amoenitate
1064 477 1113 524 et
1155 471 1386 525 villarum
1423 472 1810 541 magnificentia
1849 473 1996 541 quasi

170 562 450 629 principem
503 563 974 630 supergrederetur.
1091 563 1396 616 obiciebant
1463 564 1613 617 etiam
1675 564 1996 631 eloquentiae

170 651 371 705 laudem
399 652 486 704 uni
521 653 620 705 sibi
657 653 933 720 asciscere,
960 659 1011 706 et
1048 654 1274 706 carmina
1310 655 1539 707 crebrius
1573 655 1820 721 factitare,
1853 660 1999 722 post-

172 757 319 808 quam
344 744 537 797 Neroni
567 760 711 798 amor
747 761 924 798 eorum
956 745 1200 798 venisset.
1274 746 1400 798 Nam
1438 745 1820 798 oblectamentis
1854 745 2001 813 prin-

173 833 298 900 cipis
349 834 517 900 palam
573 835 798 903 iniquum
871 837 1156 890 detractare
1208 837 1311 889 vim
1367 837 1475 889 eius
1528 851 1687 904 equos
1749 837 2036 905 regentiS,s

88 986 91 998 ‚
171 925 404 978 inludere
442 942 628 993 voceS,
694 928 927 994 quotiens
980 933 1203 980 caneret.
1280 928 1440 989 Quem
1483 927 1548 979 ad
1589 928 1738 982 finem
1784 928 1909 983 nihil
1946 929 1999 981 in

171 1031 229 1068 re
268 1006 469 1083 publica
510 1017 700 1069 clarum
738 1019 850 1070 fore
887 1018 1023 1084 quod
1077 1033 1181 1070 non
1229 1018 1292 1070 ab
1345 1018 1432 1069 illo
1471 1018 1687 1084 reperiri
1727 1018 2000 1070 credatur?

173 1107 322 1160 Certe
369 1108 558 1160 finitam
592 1109 811 1161 Neronis
857 1101 1155 1176 pueritiam,
1220 1114 1269 1161 et
1315 1109 1473 1160 robur
1524 1109 1760 1162 iuventae
1797 1109 1998 1162 adesse.

170 1198 393 1251 Exueret
434 1200 760 1267 magistrum,
808 1201 931 1252 satis
970 1200 1147 1266 amplis
1192 1200 1488 1252 doctoribus
1527 1200 1800 1252 instructus
1836 1201 2002 1251 maio-

86 1289 311 1344 53ribus
347 1290 470 1342 suis.
542 1290 609 1341 At
632 1290 829 1343 Seneca
869 1290 1238 1341 criminantium
1277 1305 1379 1342 non
1413 1291 1641 1358 ignarUS,
1669 1289 1999 1356 prodentibus
2018 1307 2065 1344 10

171 1380 234 1432 iis
273 1380 452 1447 quibus
495 1381 660 1447 aliqua
706 1381 907 1433 honesti
947 1397 1068 1433 cura
1091 1421 1104 1446 ‚
1166 1387 1215 1432 et
1249 1382 1639 1433 familiaritatem
1691 1381 1800 1432 eius
1838 1381 2000 1449 magis

173 1477 476 1537 aspernante
513 1472 768 1536 Caesare,
806 1477 1000 1538 tempus
1041 1472 1266 1523 sermoni
1305 1478 1444 1538 orat,
1484 1478 1533 1524 et
1567 1477 1778 1538 accepto
1816 1472 1884 1525 ita
1919 1473 2003 1523 in·-

175 1562 319 1628 cipit:
353 1560 580 1628 ‘quartus
618 1563 845 1614 decimus
885 1578 1045 1614 annus
1081 1568 1187 1627 est,
1229 1563 1448 1627 Caesar,
1501 1579 1565 1614 ex
1601 1578 1698 1628 quo
1738 1563 1846 1628 spei
1885 1567 2002 1614 tuae

175 1652 405 1704 admotus
441 1668 582 1719 sum,
625 1659 851 1719 octaVUS,
891 1660 945 1704 ut
981 1653 1243 1720 imperium
1283 1653 1512 1704 obtines:
1552 1654 1720 1704 medio
1759 1654 2000 1720 temporis

172 1748 360 1795 tantum
402 1744 650 1795 honorum
691 1750 839 1810 atque
880 1759 1029 1811 opum
1067 1746 1119 1795 in
1158 1761 1238 1796 me
1280 1743 1572 1808 cumulasti,
1625 1748 1679 1793 ut
1718 1744 1841 1794 nihil
1883 1744 2063 1797 feli-¹5

175 1835 312 1887 citati
349 1851 494 1887 meae
526 1835 657 1888 desit
695 1836 794 1888 nisi
825 1836 1109 1888 moderatio
1147 1836 1272 1887 eius‚
1348 1817 1471 1887 Utar
1501 1834 1697 1902 magnis
1738 1833 1998 1902 exempliS,

297 2011 335 2052 1.
369 2024 510 2054 amen.
543 2009 624 2053 Ma.
715 2012 758 2054 2.
792 2010 1173 2066 summram-etur
1201 2012 1376 2064 (praep.
1411 2021 1489 2063 per
1522 2013 1687 2065 comp.)
1722 2008 1800 2051 Ma.
1864 2011 1906 2052 3.
1927 2008 2006 2051 uni

176 2070 219 2112 in
253 2067 319 2111 Ma
355 2076 420 2111 est
453 2084 507 2112 ex
540 2082 650 2112 corr.
769 2069 811 2112 4.
846 2071 1028 2111 venisset
1066 2071 1199 2110 tacite
1230 2068 1402 2122 Lipsius
1433 2069 1478 2108 in
1511 2067 1579 2110 ed.
1626 2068 1762 2110 1598:
1796 2066 1862 2109 Ma
1894 2074 1937 2109 et
1971 2067 2005 2110 G

177 2129 404 2182 evenisset,
454 2130 493 2171 A
523 2129 737 2171 evasisset.
878 2128 920 2171 6.

173 2188 388 2244 repperiri
419 2187 499 2231 Ma.
600 2189 667 2230 11.
700 2186 785 2228 hiis
816 2185 895 2229 Ma.

181 2249 248 2291 15.
284 2247 421 2289 nichil
451 2246 532 2290 Ma.

950 2128 1070 2170 illud.
1106 2128 1177 2170 Or.
1316 2126 1452 2168 nichil
1485 2125 1566 2168 Ma.
1707 2128 1747 2169 7.
1781 2141 1889 2183 req).
1923 2126 2003 2170 Ma.

984 2195 1024 2229 et
1053 2184 1398 2243 familiaritatem
1430 2184 1478 2239 G,
1512 2185 1891 2242 effamitiaritatem
1922 2185 2002 2230 Ma.

178 2410 382 2466 idemque
412 2410 471 2452 IX
501 2411 530 2454 2
561 2410 590 2452 8
612 2409 870 2464 particulam
898 2422 1050 2452 versus

1227 2409 1332 2464 Cap.
1360 2411 1431 2452 53.
1496 2416 1670 2464 quartus
1703 2411 1888 2453 decimus
1917 2425 2003 2454 an·-

176 2471 266 2512 454
310 2468 489 2511 Medeae
536 2476 712 2512 nostrae
761 2476 809 2510 ut
853 2470 1051 2513 Senecae

1136 2482 1216 2509 nus
1262 2475 1322 2510 est
1368 2474 1480 2510 cet.:
1532 2468 1780 2511 admiranda
1823 2476 1866 2512 et
1906 2472 2002 2513 fere

178 2528 316 2569 verba
347 2528 544 2582 protulit.

274 2595 495 2643 postquam
527 2589 693 2630 Neroni
743 2602 866 2630 amor
905 2602 1051 2630 eorum

178 2648 388 2688 venisset:
446 2649 650 2689 evenisset
692 2648 754 2689 ita
787 2653 1050 2701 corruptum

179 2705 351 2747 videtur
377 2719 433 2747 ex
456 2707 651 2760 venisset,
675 2712 723 2747 ut
744 2708 881 2761 prima
904 2706 1052 2748 littera

178 2766 301 2807 vocis
335 2765 639 2819 praecedentis
683 2770 867 2822 (eoram)
918 2766 1049 2807 etiam

180 2823 284 2866 huic
306 2836 384 2877 per
403 2825 737 2879 imprudentiam
770 2824 941 2866 scribae
969 2837 1050 2878 ap-

175 2882 434 2936 plicaretur,
461 2894 545 2938 qua
563 2885 635 2925 via
655 2885 913 2936 saepissime
936 2882 1051 2923 idem

182 2940 416 2982 aberravit.
477 2941 679 2983 Facultas
710 2943 946 2983 carminum
978 2946 1053 2981 aut

183 3001 375 3041 carmina
414 2999 510 3054 ipsa
564 3001 734 3042 evenire
776 3000 910 3043 alicui
944 3011 1051 3054 pos-

182 3064 296 3110 sunt,
329 3058 372 3101 h.
395 3071 435 3101 e.
464 3059 611 3114 aliqua
636 3058 813 3101 fortuna
843 3064 918 3101 aut
948 3070 1053 3100 casu

183 3116 407 3169 accidere3
469 3118 547 3160 sed
597 3130 718 3160 amor
766 3131 916 3161 eorum
963 3129 1052 3158 non

187 3177 326 3218 evenit
357 3175 435 3218 sed
464 3178 608 3230 venit,
656 3177 699 3221 h.
735 3191 774 3219 e.
808 3178 946 3219 oritur
976 3175 1051 3219 vel

185 3236 392 3278 nascitur.

292 3293 487 3336 intudem
529 3308 677 3336 voces:
719 3307 855 3337 voces
899 3294 1051 3349 (Touo)

177 3358 364 3395 ‚cantum
399 3354 536 3407 ipsius
567 3353 754 3395 Neronis
785 3352 1050 3408 significant.

277 3419 448 3454 eoeueret
474 3414 750 3467 magistrum:
781 3416 965 3454 exueret
992 3409 1052 3451 il..

187 3470 277 3526 lum
322 3471 537 3526 tamquam
586 3471 777 3512 tunicam
827 3471 912 3511 iam
965 3480 1053 3509 non

189 3536 345 3584 aptam.
426 3530 578 3572 Graeci
632 3529 785 3572 eodem
815 3528 944 3570 modo
979 3529 1054 3571 ἐκ·

190 3588 434 3634 ‹tuaac-acet
473 3606 579 3632 τινα
611 3589 775 3630 dicunt.
858 3587 1051 3630 Maiores

191 3650 346 3707 statim,
377 3649 540 3690 relatos
574 3649 875 3691 criminatores
907 3646 1051 3699 respi-

181 3707 315 3754 ¹‚ciunt
342 3708 588 3770 Augustum
620 3713 664 3753 et
696 3705 1040 3768 Germanicum.¹

280 3810 429 3853 Tacitus
452 3809 500 3849 11.

1138 2527 1286 2569 divina
1330 2527 1514 2569 Tacitini
1578 2530 1744 2584 ingenii
1808 2532 2002 2585 artisque

1136 2588 1378 2640 specimina
1397 2586 1500 2628 hinc
1520 2587 1787 2640 inseruntur,
1807 2589 2003 2631 Senecae
2027 2621 2034 2627 .

1137 2646 1191 2686 ad
1209 2645 1427 2687 Neronem
1452 2647 1591 2687 oratio
1618 2652 1748 2702 atque
1771 2649 2001 2702 responsio

1137 2706 1348 2759 principis
1397 2718 1423 2746 a
1469 2711 1692 2747 narratore
1744 2709 2001 2761 composita.

1138 2764 1339 2817 Speciem
1358 2763 1543 2807 Neronis
1558 2765 1840 2820 Senecaeque
1857 2768 2002 2808 animo

1137 2834 1215 2864 suo
1267 2822 1443 2864 infixam
1497 2823 1750 2880 legentibus
1803 2826 2006 2878 praebuit

1136 2893 1282 2922 rerum
1313 2883 1516 2935 scriptor,
1550 2882 1649 2924 dum
1672 2889 1905 2939 utrumque
1934 2883 2005 2925 di-

1139 2945 1311 2982 centem
1343 2940 1531 2994 inducit,
1585 2943 1814 2998 utriusque
1856 2941 2005 2984 stilum

1140 3004 1183 3041 et
1212 3011 1458 3042 sermonem
1481 3001 1688 3043 imitatur.
1750 3002 1815 3043 Ac
1837 3002 2007 3044 Seneca

1138 3059 1271 3100 animi
1290 3059 1358 3100 sui
1381 3062 1644 3101 sententiam
1666 3061 1888 3113 professus
1922 3066 2004 3112 est,

1136 3115 1251 3159 Nero
1288 3117 1532 3159 fallacibus
1580 3119 1727 3160 verbis
1781 3125 1825 3160 et
1880 3118 2004 3160 falsis

1136 3175 1361 3217 blanditiis
1381 3177 1530 3228 utitur,
1544 3177 1733 3231 ideoque
1751 3176 2005 3231 philosophi

1138 3235 1277 3275 oratio
1309 3246 1388 3288 per
1431 3248 1480 3276 se
1518 3235 1636 3276 clara
1668 3241 1711 3277 et
1745 3235 1875 3288 plana
1906 3237 2004 3277 sine

1138 3292 1230 3334 ulla
1246 3292 1543 3335 admonitione
1569 3294 1886 3347 transmittitur,
1911 3293 2005 3335 Ne-

1138 3352 1258 3392 ronis
1299 3357 1444 3393 autem
1492 3365 1598 3394 vero
1647 3354 1788 3406 pretio
1823 3355 1885 3408 (c.
1920 3352 2003 3410 56)

1141 3410 1407 3453 aestimatur.
1473 3410 1554 3452 Illa
1576 3412 1708 3452 etiam
1741 3424 1794 3453 eo
1826 3412 2005 3453 nomine

1140 3469 1287 3524 gravis
1319 3469 1445 3510 nobis
1477 3469 1673 3522 videtur,
1707 3469 1822 3524 quod
1853 3470 2003 3524 plera-

1140 3540 1224 3582 que
1273 3529 1453 3569 crimina
1503 3529 1547 3568 in
1593 3528 1905 3583 philosophum
1948 3528 2003 3571 ab

1140 3587 1300 3640 iniquis
1335 3585 1553 3629 cumulata
1582 3600 1661 3642 per
1692 3601 1787 3631 eam
1821 3589 2004 3646 egregie

1140 3644 1474 3700 redarguuntur.

1241 3706 1341 3765 spei,
1372 3711 1506 3753 tuaes.
1552 3704 1597 3748 h.
1639 3716 1679 3748 e.
1731 3706 1829 3763 spei
1875 3686 2003 3765 quam

1619 3786 1682 3843 15
