2280 4004
241 249 299 298 12
991 253 1282 301 ANNALIVM
1806 271 1855 308 a.
1869 267 1926 308 u.
1955 259 2064 310 δῦθι

239 411 391 449 ausus
428 402 552 463 erat,
577 398 887 454 Demonacte
908 399 1186 465 praefecto.
1259 401 1514 455 Paululum
1538 403 1875 456 cunctationis
1906 405 2070 463 attulit

237 503 331 542 rex
355 489 563 539 minoris
590 489 864 541 Armeniae
892 490 1062 559 CotyS,
1099 493 1265 544 versis
1293 484 1412 545 illuc
1443 495 1742 561 quibusdam
1769 508 2039 562 procerum
2050 513 2067 563 ς

238 578 357 630 dein
395 579 573 631 litteris
617 581 852 633 Caesaris
889 585 1174 650 coercituS,
1215 591 1266 637 et
1304 592 1484 638 cuncta
1520 588 1573 639 in
1607 587 1931 639 Mithridaten
1968 587 2068 639 flu-

234 683 389 733 xere,
449 671 755 724 atrociorem
797 687 944 739 quam
994 685 1132 751 novo,
1177 691 1340 745 regno
1381 678 1707 731 conduceret.
1798 680 1868 730 At
1899 677 2066 730 Parthi

198 758 569 826 simperatores
624 779 734 815 cum
783 772 1004 834 pugnam
1055 753 1319 834 pararent,
1382 769 1564 822 foedus
1618 775 1830 837 repente
1876 769 2067 822 faciunt

236 851 457 919 cognitis
503 855 819 923 popularium
863 858 1091 925 insidiis,
1148 874 1271 926 quas
1310 860 1553 913 Gotarzes
1596 862 1740 914 fratri
1789 861 2066 928 patefecit3

235 946 605 1013 congressique
654 949 816 1015 primo
868 955 1192 1017 cunctanter,
1247 952 1366 1004 dein
1403 953 1651 1020 complexi
1690 953 1895 1005 dextras
1933 953 2066 1020 apud

233 1035 411 1088 altaria
448 1037 595 1090 deum
634 1041 878 1109 pepigere
929 1042 1159 1094 fraudem
1204 1043 1523 1096 inimicorum
1561 1044 1744 1097 ulcisci
1785 1050 1934 1111 atque
1967 1044 2067 1111 ipsi

232 1125 366 1180 inter
420 1144 477 1181 se
537 1132 842 1185 concedere.
936 1134 1210 1201 Potiorque
1270 1136 1535 1188 Vardanes
1593 1137 1735 1188 visus
1794 1135 2064 1188 retinendo

170 1231 425 1288 noregno:
481 1227 531 1273 at
568 1224 844 1291 GotarzeS,
901 1241 968 1278 ne
1008 1227 1126 1293 quid
1163 1227 1517 1280 aemulationis
1560 1229 1828 1294 existeret,
1863 1228 2064 1295 penitus

229 1310 282 1364 in
320 1312 622 1379 Hyrcaniam
677 1315 815 1366 abiit.
908 1317 1269 1384 Regressoque
1307 1318 1531 1370 Vardani
1579 1319 1782 1370 deditur
1814 1317 2064 1383 Seleucia,

229 1403 443 1469 septimo
467 1411 583 1471 post
619 1406 960 1459 defectionem
989 1424 1141 1474 ann0,
1180 1424 1283 1460 non
1321 1410 1432 1461 sine
1465 1410 1724 1462 dedecore
1749 1409 2064 1474 Parthorum,

231 1510 358 1561 quos
399 1511 499 1548 una
549 1497 729 1550 civitas
777 1504 878 1551 tam
928 1500 1014 1551 diu
1053 1500 1288 1552 eluserat.
1363 1502 1496 1553 Exin
1532 1501 1876 1554 validissimas
1910 1515 2067 1568 prae-
2082 1506 2151 1555 10

229 1587 453 1640 fecturas
495 1589 695 1642 invasit.
769 1592 831 1643 Et
867 1607 1174 1659 recuperare
1204 1594 1496 1645 Armeniam
1535 1594 1733 1658 avebat,
1773 1593 1826 1644 ni
1863 1609 1892 1645 a
1915 1592 2066 1644 Vibio

166 1696 213 1733 ιε
229 1680 397 1734 Marso
435 1682 613 1749 Syriae
645 1683 834 1750 legatO,
865 1684 1048 1735 bellum
1076 1684 1354 1750 minitante,
1388 1685 1638 1737 cohibitus
1678 1685 1826 1737 foret.
1900 1684 2067 1751 Atque

228 1772 431 1824 interim
465 1773 710 1826 Gotarzes
743 1776 1052 1841 paenitentia
1095 1777 1329 1828 concessi
1370 1777 1536 1845 regni,
1577 1782 1626 1828 et
1661 1781 1882 1828 vocante
1915 1775 2069 1827 nobi-

227 1863 399 1929 litate,
459 1865 539 1915 cui
579 1866 631 1915 in
678 1881 806 1931 pace
857 1867 1030 1918 durius
1080 1867 1342 1918 servitium
1393 1872 1495 1932 est,
1559 1867 1812 1918 contrahit
1868 1866 2060 1933 copiaS.

229 1955 291 2010 Et
325 1955 442 2009 huic
482 1962 658 2009 contra
699 1957 817 2009 itum
858 1958 922 2010 ad
959 1974 1155 2010 amnem
1183 1959 1438 2022 Erinden3
1480 1959 1532 2009 in
1573 1958 1715 2010 cuius
1741 1963 2069 2026 transgressu

343 2106 386 2148 3.
423 2105 521 2148 dein
555 2104 647 2148 Ma:
683 2106 834 2149 deinde
869 2106 916 2148 G.
1009 2108 1172 2162 [luxere
1212 2121 1338 2162 quam
1381 2107 1640 2149 atrociorem
1684 2119 1810 2161 quam
1839 2118 1949 2148 novo
1982 2102 2064 2147 Ma.

228 2164 270 2209 5.
302 2166 472 2220 faciunt
510 2165 712 2220 Lipsius:
738 2165 840 2208 GMa
874 2167 1054 2219 iaciunt,
1089 2167 1127 2208 A
1158 2168 1308 2208 iciant.
1411 2167 1453 2209 6.
1488 2174 1679 2208 cotarzes
1698 2164 1779 2208 Ma.
1879 2166 1921 2208 7.
1956 2178 2066 2206 cun-

228 2231 396 2266 ctanter
427 2223 519 2267 Ma:
554 2233 813 2267 cunctantur
845 2226 954 2283 Reg.
1063 2226 1105 2268 8.
1143 2228 1283 2283 deum]
1320 2226 1387 2266 dm
1421 2239 1517 2266 cum
1550 2225 1628 2267 lin.
1666 2223 1743 2267 Ma.
1860 2226 1929 2267 11.
1963 2229 2066 2266 ante

227 2283 332 2326 abiit
365 2284 512 2327 littera
545 2298 668 2327 erasa
703 2286 746 2326 in
780 2284 859 2327 Ma.
952 2285 1146 2327 vardane
1182 2285 1270 2328 Ma:
1307 2284 1557 2326 emendavit
1575 2285 1764 2338 Lipsius.
1859 2284 1928 2326 13.
1962 2289 2066 2325 tan-

227 2343 300 2384 diu
332 2342 411 2386 Ma.
509 2346 575 2387 14.
609 2346 767 2387 invasit
795 2344 854 2388 G:
893 2344 959 2386 Ma
988 2345 1148 2387 invisit.
1244 2344 1396 2386 avebat
1419 2341 1742 2386 Heinsiuszma
1772 2341 1943 2396 habeat,
1976 2354 2064 2384 non

228 2402 423 2456 habebat,
460 2403 493 2445 G
526 2410 568 2445 et
602 2404 876 2447 Oxonienses
906 2404 1108 2459 parabat.
1217 2404 1285 2447 16.
1316 2404 1556 2459 penitentia
1589 2401 1668 2444 Ma.
1761 2408 1941 2444 vocante
1974 2399 2063 2443 Ma:

225 2470 455 2504 revocante
491 2462 538 2505 G.
647 2463 712 2505 18.
746 2464 848 2505 hinc
880 2463 967 2505 Ma:
1002 2463 1102 2505 huic
1136 2462 1183 2504 G.
1247 2461 1313 2505 Ma
1329 2462 1554 2505 Erinden.-
1587 2460 1803 2504 Budensis
1835 2459 2063 2516 Erindem,

228 2521 262 2565 G
298 2522 485 2578 syndem.
610 2530 922 2578 transgressum
956 2535 1052 2564 corr
1087 2521 1166 2564 Ma.

318 2642 423 2698 Cap.
449 2645 490 2687 9.
532 2644 681 2698 foedus
708 2651 880 2699 repente
899 2645 1097 2699 faciunt:

227 2702 295 2745 his
331 2702 477 2745 verbis
511 2703 614 2758 quid
647 2704 806 2744 factum
834 2704 905 2755 sit,
941 2702 1100 2744 subse-

227 2763 461 2819 quentibus
479 2764 777 2817 congressique
790 2787 844 2794 —
858 2763 965 2804 abiit
987 2774 1101 2817 quo-

229 2821 358 2864 modo
394 2828 437 2864 et
473 2822 588 2877 quod
632 2822 788 2864 foedus
832 2822 993 2864 factum
1027 2821 1100 2873 sit,

226 2888 440 2933 narratur,
474 2881 517 2921 id
550 2881 665 2936 quod
698 2881 863 2923 fefellit
896 2880 1102 2923 Walthe-

229 2954 338 2983 rum.
403 2940 606 2982 Ceterum
652 2940 767 2995 quod
807 2947 873 2981 est
916 2940 995 2981 XV
1044 2940 1101 2982 50

227 3001 325 3044 dum
378 3001 546 3042 scelera
593 3000 833 3056 principis,
886 3006 925 3041 et
974 3000 1102 3052 finem

227 3060 375 3102 adesse
426 3059 632 3116 imperio,
677 3084 733 3092 —-
779 3060 893 3101 inter
936 3071 981 3099 se
1028 3064 1101 3098 aut

226 3121 340 3161 inter
375 3120 536 3161 amicos
555 3119 735 3170 iaciunt,
770 3118 958 3161 admisso
989 3129 1099 3158 zeu-

229 3179 387 3235 gmatis
429 3178 676 3228 schemate,
722 3178 824 3219 inde
864 3190 953 3218 non
989 3188 1099 3217 con-

227 3241 426 3293 sequitur
460 3238 614 3279 Latine
647 3237 732 3278 dici
763 3237 914 3293 foedus
953 3236 1100 3276 iacere

226 3310 305 3352 pro
337 3297 470 3339 verba
499 3298 680 3339 iniicere
711 3297 760 3337 de
792 3296 968 3351 foedere
991 3308 1099 3336 san-

230 3357 396 3408 ciendo,
430 3362 477 3397 ut
510 3358 744 3410 opinantur
776 3355 1028 3398 Waltherus
1059 3359 1102 3395 et

230 3414 438 3458 Orellius.
490 3415 675 3456 Perinde
708 3429 731 3456 a
767 3416 999 3456 Latinitate
1034 3412 1101 3453 la-

228 3474 354 3515 borat
387 3475 536 3530 foedus
567 3476 729 3515 iciant:
763 3488 804 3516 v.
826 3472 1100 3515 Doederlinii

231 3533 470 3586 Synonym.
506 3533 598 3574 Lat.
636 3534 671 3573 V
705 3546 745 3585 p.
780 3533 853 3576 62.

331 3592 532 3633 Gotarzes
571 3593 729 3646 fratri:
780 3605 867 3633 non
926 3592 1102 3634 fratrem

232 3649 427 3696 Gotarzis
452 3651 588 3697 fuisse
607 3649 849 3693 Vardanem
874 3651 951 3693 sed
965 3651 1101 3694 filium

1185 2645 1331 2686 fratris
1368 2644 1474 2686 dicit
1506 2643 1758 2697 Broterius,
1801 2645 1913 2683 teste
1958 2651 2063 2681 usus

1186 2703 1375 2759 losepho
1417 2704 1468 2745 A.
1514 2703 1589 2744 XX
1621 2703 1672 2754 3,
1722 2700 1799 2743 sed
1847 2699 2060 2754 Iosephus

1187 2777 1282 2806 cum
1351 2763 1499 2804 Tacito
1568 2761 1700 2816 plane
1776 2759 2060 2802 consentiens

1188 2823 1403 2865 Gotarzen
1437 2822 1614 2863 vocavit
1638 2823 1822 2874 fratrem
1850 2816 2063 2860 Vardanis

1189 2882 1290 2938 (XX
1335 2884 1363 2925 3
1407 2884 1451 2933 ς.
1493 2883 1561 2937 3).
1625 2878 1852 2921 Broterius
1903 2877 2063 2921 ceteris

1187 2942 1396 2996 imposuit
1429 2939 1686 2982 editoribus,
1809 2945 1934 2992 atque
1979 2936 2064 2992 ipsi

1187 3003 1301 3042 inter
1343 3014 1386 3041 se
1431 2999 1691 3041 concedere:
1741 2997 1859 3040 conf.
1912 3000 2060 3038 annot.

1187 3060 1239 3102 ad
1272 3059 1330 3100 Ill
1365 3059 1437 3102 40.

1273 3174 1376 3229 Cap.
1415 3175 1484 3217 10.
1549 3172 1842 3215 validissimas
1883 3172 2063 3228 praefe-

1188 3241 1332 3276 cturas
1363 3234 1547 3274 invasit:
1584 3232 1807 3274 Vardanes
1828 3231 2064 3273 afactione

1187 3293 1462 3349 popularium
1500 3293 1666 3334 accitus
1699 3291 1834 3333 biduo
1866 3291 1951 3332 tria
1978 3290 2064 3330 mi-

1187 3354 1246 3395 lia
1289 3353 1524 3394 stadiorum
1568 3353 1788 3392 invaserat
1834 3355 1878 3391 et
1917 3349 2061 3390 statim

1183 3414 1405 3469 prowimas
1435 3413 1736 3467 praefecturas
1765 3413 1828 3464 (c.
1855 3407 1924 3463 8.)
1960 3419 2062 3447 cor-

1188 3474 1408 3528 ripuerat,
1455 3477 1541 3510 tum
1575 3481 1680 3511 vero
1713 3467 1945 3508 obsidione
1977 3464 2061 3506 Se-

1190 3531 1460 3572 leucensium
1483 3529 1720 3581 implicitus
1735 3525 1945 3575 substitit,
1960 3522 2060 3563 dein

1190 3592 1349 3632 omissa
1393 3588 1563 3629 interim
1609 3585 1814 3628 Seleucia
1853 3581 2062 3625 adversus

1190 3649 1365 3691 fratrem
1400 3647 1628 3689 Gotarzem
1672 3642 1895 3700 profectus
1940 3647 2060 3694 erat3
