2280 4004
219 248 278 303 14
301 279 305 282 <
987 247 1278 292 ANNALIVM

1790 264 1831 294 a.
1861 257 1906 294 u.
1938 250 2040 295 2574

222 390 286 443 de
322 390 602 443 honoribus
614 409 629 456 3
671 407 734 443 ex
768 390 881 456 quis
919 391 1136 444 maxime
1170 392 1398 460 insignes
1434 391 1567 444 visiz·
1595 397 1651 444 ut
1683 398 1830 460 porta
1864 395 2046 448 trium-

219 482 355 549 phali
393 483 665 535 duceretur
701 483 866 547 sunUS,
904 482 1074 535 Gallus
1105 483 1329 548 Asinius,
1367 488 1421 534 ut
1457 485 1627 552 legum
1651 484 1863 537 latarum
1895 486 2044 552 uenti,

219 574 465 627 victarum
505 576 567 626 ab
602 590 664 627 eo
689 574 914 642 gentium
938 575 1187 627 vocabula
1211 576 1600 642 anteferrentur,
1638 577 1823 629 Lucius
1846 576 2051 631 Arrun-³·

221 666 318 718 tius
368 683 630 719 censuere.

720 666 958 718 Addebat
995 666 1220 752 Messala
1273 667 1504 720 Valerius
1555 668 1904 721 renovandum
1954 672 2051 736 per

180 771 390 822 5annos
432 763 805 811 sacramentum
844 758 896 809 in
933 740 1129 811 nometi
1159 758 1373 825 Tiberii3
1418 761 1864 829 interrogatusque
1897 777 1955 812 a
1950 761 2053 812 Ta*

224 849 367 902 berio
406 865 523 902 num
557 866 618 903 se
651 850 922 904 mandante
960 867 1074 903 eam
1111 852 1412 904 sententiam
1456 853 1814 920 prompsisset,
1869 857 2051 919 sponte

224 940 417 995 dixisse
453 942 735 1009 respondit,
768 957 934 1010 neque
973 943 1112 996 iniis
1149 957 1278 1011 quae
1317 943 1381 996 ad
1410 959 1518 996 rem
1539 944 1795 1011 publicam
1822 944 2054 1011 pertine—

225 1038 341 1086 rent
382 1033 599 1086 consilio
640 1034 738 1086 nisi
780 1050 872 1086 suo
911 1047 1148 1101 usurum,
1187 1035 1273 1088 vel
1314 1051 1424 1086 cum
1467 1035 1695 1103 periculo
1726 1035 2050 1088 'offensionis

223 1124 296 1178 Ea
333 1125 442 1178 sola
463 1126 662 1193 species
688 1126 928 1178 adulandi
957 1132 1237 1194 supererat.

1312 1127 1642 1179 Conclamant
1674 1132 1844 1194 patres
1863 1141 2053 1195 corpu

163 1231 210 1269 ιο
226 1216 289 1269 ad
324 1232 506 1285 rogum
542 1217 766 1270 humeris
804 1223 1095 1270 senatorum
1133 1218 1414 1270 ferendum.
1488 1218 1701 1273 Remisit
1731 1218 1938 1271 Caesar?
1959 1218 2058 1271 ada

225 1309 428 1376 roganti
466 1309 836 1376 moderatione,
876 1309 1216 1378 populumque
1251 1310 1420 1362 edicto
1455 1310 1650 1361 monuit
1681 1325 1764 1376 ne,
1800 1315 1856 1364 ut
1888 1323 2058 1377 quon-

227 1400 342 1453 dam
380 1401 547 1453 nimiis
582 1401 766 1454 studiis
803 1401 952 1453 funus
999 1402 1103 1453 divi
1143 1401 1253 1453 Iulii
1297 1402 1614 1469 turbassent,
1669 1402 1739 1455 ita
1770 1401 2056 1471 Augustum

223 1493 278 1545 in
311 1492 424 1544 foro
461 1493 627 1559 potius
665 1508 814 1560 quam
850 1493 903 1544 in
941 1508 1118 1560 campo
1145 1493 1337 1559 MartiS,
1374 1494 1499 1546 sede
1534 1494 1802 1560 destinata,
1842 1493 2059 1546 cremari

224 1583 429 1637 vellent.

502 1585 598 1637 Die
634 1585 829 1637 funeris
866 1585 1051 1637 milites
1090 1585 1228 1637 velut
1276 1585 1538 1652 praesidio
1577 1590 1791 1652 stetere,
1851 1585 2058 1637 multum

163 1677 565 1738 {sinridentibus
606 1677 690 1743 qui
727 1677 824 1743 ipsi
859 1678 1098 1730 viderant
1143 1677 1328 1744 quique
1363 1693 1392 1730 a
1428 1678 1722 1744 parentibus
1756 1680 2061 1744 acceperant

232 1769 366 1820 diem
407 1768 544 1820 illum
589 1769 733 1820 crudi
770 1769 935 1820 adhuc
972 1770 1170 1820 servitii
1207 1774 1256 1820 et
1288 1769 1533 1821 libertatis
1571 1769 1871 1836 inprospere
1907 1783 2062 1836 repe-

226 1861 378 1926 titae,
441 1875 553 1911 cum
602 1860 805 1911 occisus
846 1860 1064 1912 dictator
1100 1860 1294 1912 Caesar
1332 1860 1445 1912 aliis
1481 1861 1755 1927 pessimum
1803 1859 1915 1913 aliis
1946 1859 2063 1928 pul-

232 1952 535 2004 cherrimum
583 1952 780 2004 facinus
822 1951 1107 2004 videretur:
1157 1967 1292 2003 nunc
1330 1967 1506 2005 senem
1542 1953 1855 2020 principem,
1910 1951 2066 2020 longa

229 2043 488 2111 potentia,
543 2043 787 2121 P129<Y.iSiS‚
817 2043 971 2113 etiamr
1016 2043 1276 2119 heredum*
1309 2044 1361 2094 in
1409 2059 1516 2118 rem
1562 2043 1815 2122 publicam
1859 2043 2065 2128 opibus,

321 2192 396 2291 u1.
435 2205 487 2232 ex
518 2192 610 2247 quis
641 2189 1082 2249 qniBezzenberger.

231 2257 300 2293 liet·
321 2264 334 2292 i
366 2283 375 2292 .

1177 2199 1326 2249 portat
1357 2190 1607 2250 triumphali
1620 2192 1676 2236 M.
1739 2192 1782 2235 3.
1815 2188 2069 2249 anteferen-

442 2250 493 2292 L.
527 2251 582 2293 M.
647 2256 689 2294 4.
723 2251 921 2305 messala,
942 2265 1030 2293 non
1056 2251 1276 2306 Messalla,
1291 2251 1346 2294 M.
1411 2253 1452 2295 9.
1486 2254 1638 2309 species
1659 2251 1713 2294 M.

1810 2252 1879 2296 10.
1910 2252 2070 2294 umeris

232 2310 288 2352 M.
417 2310 484 2352 16.
519 2312 776 2367 inprospera
810 2312 1076 2368 repetitaM:
1111 2314 1244 2354 tacite
1279 2314 1470 2354 correxit
1490 2312 1678 2366 Lipsius.
1746 2310 1814 2354 17.
1842 2306 2069 2368 pulcheri-

229 2383 341 2412 mum
369 2370 554 2425 facimus
576 2370 631 2412 M.

232 2512 348 2570 quod
380 2525 530 2556 omnes
554 2511 790 2569 legionarii
812 2515 995 2556 civitate
1017 2514 1109 2556 Ro-

230 2587 359 2615 mana
392 2573 656 2629 gaudebant.
730 2573 994 2615 Particulam
1035 2581 1110 2615 aut

232 2632 396 2675 addidit
421 2633 579 2687 aliquis
595 2633 930 2688 quinominibus
957 2635 1111 2675 civium

233 2694 527 2735 Romanorum
569 2692 909 2746 explicationem
952 2706 1110 2734 vocum

233 2751 485 2807 legionariis
519 2751 762 2793 cohortibus
787 2754 1006 2794 contineri
1027 2765 1110 2794 vo-

232 2811 376 2863 lebat,
437 2813 562 2866 isque
614 2823 692 2865 pro
740 2824 820 2853 suo
862 2811 1109 2854 Latinitatis

214 2872 420 2912 ,scientia
437 2877 510 2911 aut
529 2872 675 2924 posuit
695 2884 773 2924 pro
797 2872 883 2912 sive
910 2877 953 2913 et
979 2872 1110 2913 aber-

232 2931 346 2970 ravit
380 2929 433 2970 ab
467 2942 547 2971 usu
583 2929 863 2971 Corneliano.
919 2930 964 2970 In
1000 2943 1109 2971 con-

233 2990 402 3030 iectura
435 2988 643 3030 Gronovii
679 2996 854 3042 praeter
887 2989 1110 3031 adhibitae

235 3047 479 3090 medicinae
512 3047 772 3089 violentiam
806 3054 850 3089 et
884 3048 1110 3089 andaciam

234 3107 278 3148 id
302 3108 490 3149 maxime
514 3106 733 3160 displicet,
767 3106 883 3162 quod
916 3107 1112 3148 cohortes

233 3167 430 3208 urbanae
464 3166 541 3222 (de
566 3165 633 3207 his
657 3180 699 3208 v.
722 3166 780 3208 IV
808 3167 833 3209 5
858 3171 902 3208 et
934 3171 1109 3222 annot.)

236 3239 464 3280 perperam
488 3226 682 3267 cohortes
713 3227 866 3268 civium
889 3227 1111 3267 Romano-

238 3299 334 3326 rum
375 3286 592 3327 dicuntur.
666 3285 759 3326 Hoc
802 3285 957 3326 saltem
1003 3287 1113 3326 vitat

240 3345 470 3427 SauUppiuS,
507 3345 750 3387 coniiciens
784 3346 827 3385 in
863 3345 965 3412 Var.
991 3345 1111 3413 Lect.

240 3469 381 3503 autem
404 3462 497 3502 coli.
531 3463 684 3503 Autem
715 3465 844 3504 etiam
874 3419 1115 3505 Beroaldus

242 3519 391 3574 dedit,
425 3520 500 3562 alii
534 3521 621 3562 alia
653 3527 946 3564 tentaverunt.

333 3595 386 3622 ex
429 3580 520 3635 quis
561 3581 746 3621 maxime
788 3583 976 3636 insiynes
1007 3583 1113 3623 visi:

245 3638 394 3700 plures
427 3640 669 3683 sententias
701 3639 875 3682 modum
910 3653 1113 3698 egressas

1195 2514 1429 2569 exequitur
1450 2514 1685 2556 Suetonius
1709 2511 1824 2570 Aug.
1842 2513 1939 2557 loo.
1986 2509 2071 2556 Sed

1199 2573 1388 2615 honores
1422 2574 1495 2614 isti
1527 2574 1711 2614 maa-ime
1741 2573 1933 2628 insignes
1965 2573 2071 2628 quin

1196 2633 1476 2675 substiterint
1507 2635 1622 2674 intra
1653 2633 1911 2685 sententias,
1942 2643 2071 2674 com-

1196 2695 1359 2747 paratis
1411 2693 1559 2734 verbis
1604 2692 1802 2735 Suetonii
1844 2690 2071 2746 Tacitique

1193 2751 1396 2793 dubitare
1427 2754 1503 2793 vix
1537 2752 1656 2804 licet,
1691 2760 1950 2807 quamquam
1984 2749 2068 2791 Dio

1197 2818 1241 2852 et
1275 2813 1491 2868 imagines
1531 2812 1727 2868 gentium
1761 2810 1814 2852 ab
1848 2821 1902 2852 eo
1936 2809 2070 2851 suba—

1196 2877 1361 2912 ctarum
1412 2873 1455 2912 in
1506 2870 1662 2913 funere
1715 2869 1934 2924 praelatas
1971 2878 2071 2910 esne

1199 2930 1317 2985 (LVI
1340 2931 1420 2987 34)
1451 2936 1493 2972 et
1519 2931 1650 2971 funus
1670 2927 1923 2984 triumphali
1944 2933 2072 2983 porta

1194 2991 1373 3031 ductum
1410 2993 1471 3044 (c.
1506 2992 1587 3046 42)
1622 2990 1830 3041 narravit,
1865 2987 1942 3030 sed
1974 2989 2070 3042 ipse

1197 3048 1333 3089 Taciti
1357 3049 1646 3103 Suetoniique
1679 3048 1939 3088 relationem
1958 3047 2071 3088 falso

1197 3107 1373 3149 videtur
1396 3108 1636 3160 accepisse.
1701 3106 1935 3148 Suetonius
1960 3105 2071 3146 adn-

1199 3166 1385 3208 latorum
1418 3167 1651 3207 sententiis
1677 3165 1940 3206 enumeratis
1967 3174 2072 3218 per-

1198 3227 1263 3281 git
1283 3240 1293 3266 :
1317 3239 1463 3266 verum
1484 3225 1673 3266 adhibito
1698 3223 1931 3266 honoribus
1949 3224 2072 3265 modo

1199 3286 1405 3339 bifariam
1425 3284 1624 3326 laudatus
1649 3291 1723 3336 est,
1753 3297 1833 3340 pro
1857 3283 1962 3325 aede
1978 3283 2075 3324 dion·

1200 3343 1301 3386 Iulii
1334 3358 1363 3385 a
1391 3343 1553 3385 Tiberio
1588 3351 1628 3385 et
1655 3357 1735 3398 pro
1760 3344 1928 3385 Rostris
1949 3349 2072 3383 eete-

1199 3403 1316 3445 ribus
1349 3417 1378 3444 a
1410 3403 1552 3444 Druso
1592 3403 1748 3444 Tiberii
1774 3402 1878 3455 filio,
1913 3414 1968 3442 ae
1997 3413 2068 3441 se·-

1198 3471 1398 3504 natorum
1418 3462 1604 3504 humeris
1627 3461 1790 3503 delatus
1811 3462 1859 3502 in
1881 3473 2074 3516 campum

1201 3530 1507 3576 crematusque.

1291 3582 1564 3623 conclamant
1600 3586 1775 3635 patres:
1825 3584 1926 3620 ante
1964 3590 2072 3620 sen-

1201 3643 1362 3684 tentias
1395 3640 1671 3698 singulorum
1693 3644 1946 3682 senatorum
1977 3644 2071 3681 ret..
