2280 4004
241 275 348 326 affl.
386 281 485 327 16.1
838 277 1004 324 LIBER
1031 271 1085 323 Π.
1150 277 1255 322 GAr.
1294 276 1479 324 17-19.
1979 271 2070 323 2103

246 433 395 494 atque
434 425 587 478 armis
627 424 925 491 opplevere,
983 423 1195 490 repertis
1249 423 1380 475 inter
1421 423 1582 490 spolia
1635 437 1808 475 eorum
1857 424 2067 489 cateniS,

245 534 370 585 quas
407 519 458 568 in
489 520 743 570 Romanos
781 522 836 566 ut
871 531 974 567 non
1013 515 1164 567 dubio
1205 520 1388 566 eventu
1419 520 1762 581 portaverant.
1835 515 1979 567 Miles
2015 516 2070 566 in

245 611 361 662 loco
386 608 834 676 proelii'l'iberium
862 608 1215 674 imperatorem
1244 607 1493 672 salutavit,
1521 606 1800 673 struxitque
1826 619 2068 674 aggerem
2093 610 2099 665 ,i
2121 607 2124 610 “

246 707 297 755 et
335 702 387 752 in
422 700 622 752 modum
671 704 995 765 tropaeorum
1035 713 1172 750 arma
1223 699 1521 765 subscriptis
1558 698 1803 749 victarum
1844 699 2098 784 gentium,

164 792 528 851 19nominibus
564 790 816 856 imposuit.
891 791 1034 841 Haud
1059 790 1273 856 perinde
1295 791 1576 842 Germanos
1613 789 1842 854 vulnera,
1884 789 2064 854 luctuS,
2085 799 2108 843 '5

243 883 442 939 excidia
483 897 630 948 quam
684 896 752 955 ea
796 882 1010 949 species,
1050 881 1229 933 dolore
1280 886 1330 933 et
1374 882 1450 932 ira
1502 881 1706 933 adfecit.
1782 881 1879 943 Qui
1914 881 2101 932 modo²

243 974 384 1026 abire
414 973 638 1037 sedibuS,
684 957 1033 1023 trans'klbiin
1072 973 1361 1025 concedere
1399 975 1673 1039 parabant,
1713 989 1933 1041 pugnam
1971 988 2072 1024 vo·-

240 1048 371 1129 lunt,
413 1079 551 1116 arma
586 1064 817 1130 rapiunt3
873 1063 1050 1130 plebes
1087 1065 1367 1130 primoreS,
1423 1065 1656 1116 iuventus
1697 1079 1848 1116 senes
1886 1079 2071 1131 agmen

240 1156 517 1229 Romanum
543 1160 752 1220 repente
788 1155 1049 1206 incursant
1078 1155 1294 1206 turbant.
1352 1155 1611 1206 Postremo
1642 1154 1870 1221 deligunt
1904 1154 2071 1205 locum

240 1247 442 1298 flumine
481 1252 531 1298 et
555 1246 697 1298 silvis
729 1246 969 1311 clausum,
1009 1251 1114 1297 arta
1152 1246 1284 1296 intus
1311 1246 1518 1312 planitie
1553 1250 1603 1296 et
1636 1245 1870 1296 humida:
1913 1245 2067 1296 silvas
2089 1250 2135 1296 io

242 1353 441 1405 quoque
478 1338 729 1404 profunda
765 1338 909 1404 palus
948 1338 1197 1402 ambibat„
1227 1338 1325 1389 nisi
1351 1338 1487 1404 quod
1523 1337 1652 1388 latus
1691 1352 1843 1389 unum
1871 1337 2069 1406 Angri-

356 1494 398 1538 4.
430 1491 702 1549 tropheorum
723 1491 787 1534 M:
823 1493 1013 1534 correxit
1048 1491 1309 1535 Gronovius.

243 1662 316 1700 aut
347 1657 653 1712 triumphabat.
706 1657 798 1697 Hoc
832 1656 1012 1698 adulans
1034 1670 1112 1699 suo

241 1717 428 1772 principi
460 1716 665 1758 Horatius
698 1715 841 1757 voluit
874 1714 1114 1771 (Carn1.1V

244 1776 300 1818 14
323 1777 403 1834 33)
440 1808 449 1817 .
487 1807 496 1816 .
531 1807 541 1817 .
603 1774 658 1816 Et
690 1775 742 1817 ab
776 1775 859 1817 hac
889 1789 936 1816 re
968 1778 1112 1818 statim

241 1838 285 1876 in
317 1836 484 1890 tropaei
518 1836 802 1889 inscriptione
836 1834 950 1890 legis
983 1850 1111 1877 escer-

241 1895 368 1936 citum
396 1894 551 1936 Tiberii
579 1895 850 1950 imperatoris
885 1907 937 1934 ea
967 1896 1114 1936 moni-⁴

241 1961 383 1995 menta
422 1955 690 2006 sacravisse,
746 1965 832 1993 non
867 1953 1111 1996 Germanici

243 2014 315 2068 qui
346 2011 564 2055 ducebat'.
618 2013 810 2054 strus,

310 2070 414 2126 Cap.
435 2072 503 2115 19.
533 2079 744 2127 postremo
767 2071 956 2127 deliqunt
975 2071 1113 2113 locum

239 2131 410 2187 flumine
439 2139 477 2172 et
502 2131 619 2173 silvis
641 2130 857 2172 clausum.-
892 2130 1113 2172 celebrata

241 2188 375 2232 Taciti
407 2189 598 2232 brevitas
628 2190 711 2231 hoc
742 2189 840 2231 loco
864 2189 1004 2231 fraudi
1028 2190 1113 2231 fuit

241 2255 285 2291 et
306 2249 614 2303 interpretibus
637 2251 729 2291 cius
749 2255 792 2290 et
813 2249 1008 2291 locorum
1028 2262 1110 2290 ve-

239 2310 342 2350 teris
369 2308 622 2350 Germaniae
656 2311 764 2350 situs
802 2308 1109 2350 scrutantibus,

241 2367 398 2410 Omnes
432 2369 546 2410 enim
580 2368 663 2410 hoc
694 2369 865 2424 {lumine
889 2369 1110 2423 Visurgim

239 2426 476 2484 significari
510 2428 767 2481 opinantur,
803 2427 918 2483 quod
951 2426 1108 2469 salsum

241 2499 337 2528 esse
367 2485 567 2541 liquebit,
591 2486 663 2527 ubi
681 2486 791 2528 haec
815 2486 948 2528 verba
979 2486 1110 2540 paulo

241 2543 483 2587 accuratius
510 2545 948 2587 consideraverimus,
972 2545 1110 2587 Proe-

241 2604 300 2646 lio
332 2607 478 2659 priore
520 2607 661 2646 noctis
701 2606 951 2647 interventu
983 2605 1106 2646 finito

240 2665 445 2718 proximis
489 2663 642 2705 diebus
691 2677 899 2721 aggerem
949 2667 1108 2706 struxit

242 2723 459 2764 exercitus
522 2723 766 2776 Romanus,
831 2737 959 2779 quem
1021 2736 1107 2765 non

240 2793 375 2835 prope
408 2781 460 2822 ad
480 2782 699 2837 Visurgim
733 2789 961 2839 aggestum
995 2795 1107 2836 esse,

241 2840 316 2880 sed
369 2841 413 2880 in
461 2840 560 2881 loco
611 2839 727 2881 edito
776 2847 820 2881 et
859 2854 885 2882 a
933 2841 1110 2883 flumine

245 2898 420 2953 Visurgi
453 2898 627 2951 paulum
660 2906 842 2951 remoto,
876 2899 977 2941 inde
1012 2900 1110 2941 col-

243 2956 382 3012 ligere
415 2955 543 3008 licet,
587 2957 702 3011 qnod
745 2957 954 3000 Cherusci
1007 2966 1109 3001 ante

243 3027 369 3070 quam
403 3014 518 3057 hunc
555 3017 804 3070 aspicerent
823 3024 946 3059 trans
969 3018 1110 3060 Albim

243 3074 486 3116 concedere
519 3079 562 3116 et
594 3087 719 3128 porro
762 3078 982 3133 ingruenti
1016 3078 1107 3119 Ro..

243 3146 463 3175 manorum
515 3134 727 3176 exercitui
771 3149 819 3177 se
863 3135 1107 3178 subducere

243 3192 464 3245 parabant.
527 3193 610 3234 Sed
643 3201 823 3248 aspectu
856 3194 933 3235 illo
982 3209 1106 3236 com-

243 3251 374 3302 moti,
418 3250 568 3304 plebes
612 3254 846 3305 primores,
904 3254 1107 3295 iuventus

243 3321 370 3350 senes
403 3322 554 3364 aymen
565 3311 801 3352 Romanum
827 3313 905 3364 (ex
925 3314 1107 3367 aqminis

243 3369 418 3409 nomine
455 3373 574 3422 patet
616 3368 914 3411 Germanicum
960 3384 1104 3426 pugna

244 3427 297 3467 ad
316 3427 532 3482 Visurgim
567 3433 756 3482 pugnata
789 3440 939 3469 versus
963 3430 1105 3471 Albim

244 3497 519 3541 progressum
544 3491 664 3541 esse)
690 3493 861 3542 repente
882 3488 1108 3528 incursant

244 3544 523 3601 turbantque,
595 3558 645 3587 ac
695 3552 914 3600 postremo
964 3545 1107 3588 locum

246 3603 512 3657 insederunt,
536 3604 650 3647 unde
673 3605 889 3648 Romanos
913 3604 1108 3649 cohiberi

247 3659 299 3703 ab
352 3663 508 3707 itinere
559 3664 671 3707 ultra
730 3663 931 3708 faciendo
983 3675 1111 3721 posse

1379 1493 1446 1536 10.
1476 1491 1690 1548 planitiae
1716 1491 1771 1534 M.
1834 1492 1979 1534 umida
2013 1491 2069 1535 M.

1195 1656 1443 1711 sperabant.
1509 1656 1630 1708 Quae
1673 1658 1819 1697 omnia
1873 1659 2070 1712 quamvis

1195 1718 1346 1770 paucis
1387 1715 1533 1758 verbis
1583 1721 1878 1769 exponantur,
1933 1715 2072 1757 Taciti
2105 1704 2119 1743 ζ’

1196 1781 1340 1817 tamen
1375 1775 1645 1818 consuetudo
1688 1781 1732 1816 et
1765 1776 1861 1829 ipsa
1891 1776 1956 1817 rei
1988 1788 2070 1817 na·
2110 1817 2114 1822 ,

1196 1841 1292 1876 tura
1324 1835 1537 1887 ostendit,
1581 1834 1891 1876 Germanorum
1939 1848 2069 1876 exer-

1197 1896 1344 1947 citum,
1379 1901 1479 1936 ante
1516 1894 1685 1949 aliquot
1721 1894 1815 1935 dies
1844 1895 1888 1934 in
1918 1894 2071 1937 dextra

1197 1955 1398 2011 Visurgis
1440 1955 1534 2008 ripa
1575 1953 1627 1994 ad
1671 1953 1889 1996 excidium
1930 1967 2069 2009 usque

1196 2026 1384 2066 caesum,
1410 2014 1452 2053 in
1476 2025 1681 2069 regressu
1704 2025 1840 2054 novas
1857 2013 2068 2067 paulatim

1196 2073 1343 2126 copias
1403 2073 1715 2125 assumpsisse,
1795 2077 1842 2111 ut
1895 2071 2069 2113 tandem

1194 2133 1445 2188 (postremo)
1482 2130 1781 2187 progredienti
1814 2130 1944 2172 militi
1976 2131 2070 2173 Ro-

1193 2203 1319 2231 mano
1376 2193 1461 2232 iter
1511 2190 1737 2231 obstruere
1792 2197 2068 2232 conarentur.

1192 2249 1342 2304 Itaque
1361 2251 1515 2304 flumen
1530 2249 1640 2291 illud
1656 2261 1744 2290 nou
1768 2256 1834 2290 est
1851 2250 2067 2306 Visurgis,
2136 2248 2142 2306 ζ’

1195 2309 1273 2350 sed
1333 2315 1398 2350 est
1460 2308 1620 2350 flumen
1676 2310 1791 2349 inter
1846 2309 2068 2365 Visurgim
2127 2309 2137 2360 ,f

1194 2367 1429 2411 decurrens
1464 2374 1507 2409 et
1538 2367 1710 2420 Albim,
1752 2369 1875 2409 cuius
1908 2381 2068 2409 nomen

1193 2425 1364 2468 Tacitus
1413 2433 1486 2469 aut
1531 2427 1752 2483 ignoravit
1784 2433 1857 2467 aut
1901 2440 2067 2481 ponere
2119 2432 2131 2491 ‘l

1193 2486 1407 2542 neglexit.
1469 2486 1570 2527 Fuit
1614 2500 1726 2541 quae
1779 2486 1911 2527 Leine
1951 2500 2068 2528 nunc

1194 2544 1312 2586 audit
1333 2552 1406 2586 aut
1421 2545 1558 2597 Aller,
1590 2552 1708 2588 certe
1728 2558 1815 2586 non
1839 2546 2065 2602 Visurgis3

1194 2610 1237 2645 et
1280 2603 1444 2647 Graece
1494 2605 1603 2646 illud
1650 2606 1821 2660 flumine
1866 2617 1953 2646 non
2005 2605 2067 2661 τῷ

1190 2669 1391 2723 ποταμῷ
1440 2664 1782 2706 convertendum
1838 2671 1931 2717 est,
1989 2664 2067 2706 sed

1191 2729 1386 2782 ποταμῷ
1435 2724 1695 2778 simpliciter
1742 2724 1816 2765 vel
1869 2724 2067 2783 ποταμῷ

1191 2799 1297 2826 τινι.
1371 2783 1458 2824 Iam
1519 2783 1642 2825 vides
1697 2783 1869 2823 titulum
1920 2798 1957 2825 c.
2009 2784 2067 2826 22

1192 2848 1501 2895 memoratum,
1550 2842 1770 2883 debellatis
1803 2845 1918 2884 inter
1945 2842 2066 2884 Rhe-

1190 2914 1290 2940 num
1304 2901 1522 2956 Albimque
1554 2902 1798 2943 nationibus
1831 2907 1932 2953 cet.,
1967 2914 2064 2942 esse

1192 2959 1365 3014 quidem
1396 2961 1636 3016 superbum,
1670 2960 1748 3002 sed
1780 2961 1953 3002 inanem
1975 2959 2063 3002 fal-

1191 3031 1371 3074 sumque
1412 3033 1499 3061 non
1540 3032 1661 3071 esse,
1714 3025 1758 3061 et
1811 3033 1916 3061 sane
1965 3019 2062 3061 talis

1191 3077 1317 3120 decet
1331 3077 1630 3120 Germanicum
1656 3079 1874 3120 hominem
1893 3092 1917 3119 a
1938 3078 2062 3119 vanis

1191 3137 1398 3179 alienum.
1486 3138 1626 3179 Etiam
1693 3137 1885 3178 concinit
1947 3137 2062 3190 quod

1156 3195 1377 3250 ‘legimus
1412 3195 1448 3237 ll
1481 3198 1535 3238 41
1571 3195 1861 3249 triumphasse
1882 3194 2061 3235 Germa-

1191 3254 1334 3294 nicum
1368 3254 1421 3294 dc
1455 3253 1622 3295 Chattis
1657 3252 1983 3307 Cheruscisquc
2018 3258 2063 3305 et

1189 3312 1477 3366 Angrivariis,
1512 3326 1698 3366 quaeque
1726 3311 1842 3352 aliae
1865 3313 2063 3353 nationes

1188 3383 1315 3423 usque
1348 3371 1405 3411 ad
1435 3370 1576 3411 Albim
1609 3369 1765 3411 colmie.
1814 3370 1946 3424 Atqui
1980 3369 2062 3411 hac

1189 3441 1272 3468 una
1306 3428 1585 3482 expeditione
1627 3441 1761 3483 prope
1793 3427 1936 3469 Albim
1979 3441 2061 3482 pe..

1190 3489 1403 3528 neti-avit:
1456 3490 1498 3529 in
1541 3490 1700 3530 ceteris
1739 3500 1793 3530 ne
1840 3487 2061 3544 Visurgim

1192 3546 1366 3601 quidem
1397 3553 1692 3602 superaverat.

1277 3605 1535 3664 Angrivarii
1557 3627 1613 3640 —-
1641 3607 1967 3650 dirimerentur:
2001 3606 2057 3649 cf.

1194 3670 1339 3709 annot.
1389 3665 1443 3710 ad
1503 3678 1537 3710 c.
1593 3666 1635 3710 8.
1706 3664 1850 3722 Ipsum
1901 3675 2059 3708 nomen
