2280 4004
223 282 262 323 a..
281 270 329 317 C.
360 272 474 322 56.
775 274 938 320 LIBER
966 272 1076 318 XIII.
1146 272 1250 317 CAP.
1283 270 1473 318 26-28.
1950 261 2042 312 13⁸?

221 414 593 482 relinqueretur
645 414 982 482 paenitentiae
1040 418 1124 466 aut
1170 427 1305 466 novo
1355 411 1604 466 beneficio
1662 409 1823 463 locus.
1898 408 2039 471 Quos

222 506 447 560 vindicta
482 495 724 574 patronus
762 522 866 558 non
907 506 1216 570 liberaverit,
1258 505 1395 557 velut
1429 504 1598 556 vinclo
1626 502 1882 556 servitutis
1923 501 2042 553 atti-

223 599 350 651 neri.
422 599 706 665 Dispiceret
753 599 964 665 quisque
1003 598 1211 663 merita,
1274 597 1518 663 tardeque
1559 595 1869 648 concederet
1903 591 2039 660 quod

225 689 391 754 datum
436 706 539 742 non
594 690 916 742 adimeretur.
1006 691 1144 742 Haec
1193 689 1441 740 sententia
1488 687 1676 753 valuit,
1739 685 2041 753 scripsitque

223 780 414 836 Caesar
446 782 659 847 senatui,
695 782 926 848 privatim
953 766 1297 847 expenderent
1333 794 1536 832 causam
1569 779 1882 843 libertorum,
1910 786 2079 844 quo-5

223 873 354 927 tiens
397 889 425 926 a
460 874 686 941 patronis
739 878 1102 941 arguerentur:
1158 872 1211 922 in
1251 886 1514 924 commune
1550 870 1674 923 nihil
1714 869 2039 938 derogarent.

221 961 508 1019 Nec‘rnulto
539 970 654 1031 post
691 969 892 1031 ereptus
931 964 1114 1016 amitae
1149 963 1359 1015 libertus
1383 962 1523 1014 Paris
1561 961 1705 1028 quasi
1740 961 1849 1012 iure
1885 959 2040 1025 civili,

221 1070 326 1113 non
348 1056 716 1128 -sineinfamia
756 1056 1029 1123 principis,
1084 1055 1225 1108 cuius
1261 1055 1402 1107 iussu
1433 1057 1772 1122 perpetratum
1805 1050 2045 1121 ingenui-

221 1147 338 1198 tatis
378 1147 638 1211 iudieium·
658 1153 782 1199 erat.

360 1239 595 1292 Manebat
630 1239 787 1290 nihilo
823 1238 986 1290 minus
1027 1237 1273 1305 quaedam
1309 1238 1479 1305 imago
1515 1235 1593 1288 rei
1617 1234 1867 1302 publicae.
1918 1235 2044 1287 Nam
2061 1243 2110 1282 io

221 1329 354 1383 inter
388 1322 654 1384 Vibullium
689 1335 977 1399 praetorem
1015 1336 1065 1383 et
1097 1330 1267 1399 plebei
1298 1328 1550 1381 tribunum
1576 1327 1847 1380 Antistium
1883 1330 2046 1379 ortum

137 1242 207 1293 28

345 1501 382 1541 1.
417 1500 682 1556 penitentiae
710 1499 792 1543 Ma.

881 1504 924 1545 4.
959 1500 1038 1543 hec
1067 1499 1148 1543 Ma.
1244 1500 1500 1555 scriptaque,
1535 1500 1581 1540 in
1610 1511 1699 1555 mg.
1729 1496 1915 1553 scripsit,
1948 1494 2046 1538 Ma:

223 1557 471 1614 scripsitque
509 1559 556 1602 G.
654 1562 695 1603 5.

731 1574 863 1602 causa
893 1559 974 1603 Ma.
1096 1560 1136 1604 6.
1167 1559 1303 1602 nichil
1333 1557 1414 1601 Ma.
1537 1558 1796 1614 deroqarent
1831 1557 2047 1598 Muretus:

225 1616 328 1659 GMa
360 1619 520 1661 omissa
546 1618 690 1661 media
720 1619 891 1674 syllaba
928 1620 1144 1677 derogent.
1254 1620 1293 1662 7.
1329 1619 1457 1662 amite
1484 1615 1565 1661 Ma.
1667 1618 1735 1663 10.
1769 1615 1930 1661 nichilo
1962 1613 2046 1660 Ma.

224 1678 348 1734 reip.
382 1676 463 1721 Ma.
558 1680 626 1721 11.
660 1678 877 1723 bibullium
907 1678 988 1724 Ma·

226 1817 242 1860 l
275 1820 320 1871 δ.
357 1817 565 1873 16-24,
599 1819 658 1862 llI
688 1822 732 1873 ὃ.
766 1822 836 1865 56.
902 1821 1092 1877 Epitom.

225 1877 244 1921 1
284 1879 306 1920 1
358 1878 403 1930 §.
440 1878 462 1920 1
497 1885 541 1920 et
572 1882 614 1924 2.
677 1879 850 1935 Ulpiani
894 1883 960 1925 tit.
994 1882 1013 1924 I
1045 1884 1090 1935 δ.

227 1937 388 1983 5—10.
451 1937 747 1982 Paenitentiae
785 1953 944 1984 nomen
978 1943 1093 1998 quod

226 1997 436 2052 sequitur,
471 2010 559 2039 non
590 2005 759 2054 spectat
791 2000 845 2043 ad
876 2001 1092 2044 libertatis

227 2055 564 2111 ademptionem,
599 2073 711 2114 quae
743 2062 936 2114 patronis
962 2063 1092 2102 etiam

227 2117 273 2157 in
304 2114 480 2158 Latinos
511 2117 718 2160 lunianos
751 2126 852 2162 ante
871 2119 1094 2162 Commodi

229 2180 418 2217 aetatem
449 2188 536 2217 non
571 2179 869 2233 competebat,
911 2185 958 2220 ut
989 2193 1095 2222 vere

228 2233 376 2275 docuit
423 2235 676 2290 ErnestiuS‚
733 2238 810 2280 sed
850 2240 994 2293 potius
1042 2239 1096 2281 ad

227 2294 384 2335 iustam
416 2297 799 2340 manumissionem
842 2311 867 2340 a
903 2300 1095 2352 patronis

229 2353 525 2396 omittendam.

315 2425 416 2466 quos
454 2414 646 2456 vindicta
670 2422 881 2470 patronus
912 2429 1000 2457 non
1038 2417 1096 2458 li-

229 2471 469 2514 beraverit:
512 2473 739 2530 vulgarem
772 2474 971 2530 legitime
1001 2489 1097 2517 ma-

230 2530 488 2573 numittendi
505 2532 678 2574 modum
694 2537 977 2575 memoravit:
999 2549 1097 2577 nam

231 2602 283 2631 ea
315 2590 456 2632 iustae
486 2593 837 2635 manumissionis
860 2595 989 2647 ratio,
1022 2608 1098 2636 se·-

231 2649 416 2691 cundum
460 2663 587 2705 quam
632 2651 811 2694 libertas
851 2661 1096 2696 testamento

230 2707 329 2750 data
372 2714 464 2762 est,
509 2710 564 2751 ob
607 2712 671 2753 rei
724 2725 835 2767 quae
886 2713 1099 2769 agebatur

229 2773 424 2810 naturam
456 2771 596 2810 omitti
628 2769 830 2813 debebat.
892 2771 1009 2814 Idem
1045 2773 1099 2814 de

231 2840 360 2867 censu
392 2827 643 2870 dicendum:
697 2843 831 2872 censu
878 2833 993 2872 enim
1027 2831 1098 2872 lu-

231 2885 352 2927 strali
393 2888 467 2941 qui
514 2888 633 2928 iussu
675 2888 945 2930 dominorum
987 2891 1100 2931 inter

233 2946 355 2987 cives
407 2946 626 2988 Romanos
679 2961 857 2989 censum
910 2949 1100 3003 professi

234 3009 377 3056 erant,
423 3005 453 3046 ii
486 3006 530 3048 in
572 3005 708 3048 tribus
743 3007 951 3062 descripti
983 3011 1100 3050 omni

234 3063 431 3118 obsequii
466 3065 643 3107 vinculo
671 3066 844 3108 liberati
865 3073 908 3109 et
924 3081 948 3109 a
972 3068 1099 3109 domo

236 3124 407 3175 patroni
439 3125 626 3178 separati
654 3126 737 3166 iam
771 3132 908 3168 erant.
973 3126 1099 3170 Conf.

238 3179 410 3233 Ulpiani
442 3186 473 3224 t.
506 3181 523 3222 Ι
556 3185 599 3234 §.
623 3183 677 3225 8:
711 3199 839 3226 censu
869 3187 1101 3227 manumit-

237 3238 435 3280 tebantur
482 3240 582 3281 olim
628 3243 699 3296 qui
748 3244 919 3286 lustrali
975 3258 1103 3287 censu

236 3299 351 3339 iussu
398 3297 663 3341 dominorum
703 3303 818 3343 inter
859 3304 970 3344 cives
1009 3304 1102 3345 Ro-

235 3370 385 3399 manos
419 3370 589 3399 censum
615 3361 938 3414 profitebantur.

324 3418 369 3456 in
410 3430 626 3458 commune
665 3418 777 3460 nihil
820 3420 1101 3474 deroyarent:

239 3487 325 3516 non
361 3475 511 3517 eadem
544 3474 712 3518 Claudii
748 3480 945 3533 aequitas
978 3480 1021 3519 in
1044 3478 1102 3520 li-

237 3534 400 3578 bertos.
440 3535 536 3577 Vid.
571 3549 609 3578 c.
643 3537 725 3580 25:
757 3540 951 3592 inqratos
983 3544 1023 3579 et
1053 3538 1103 3579 de

241 3595 385 3649 quibus
408 3596 588 3651 patroni
624 3604 927 3650 quererentur,
976 3611 1103 3639 revo-

242 3655 354 3698 cavit
383 3654 431 3696 in
460 3654 710 3699 servitutem.
772 3656 855 3701 Dio
887 3656 958 3701 LX
995 3656 1062 3701 13.

1269 1828 1436 1879 ereptus
1468 1821 1654 1864 amitae.-
1687 1818 1906 1862 Domitiae
1934 1817 2047 1874 (vid.

1180 1895 1218 1924 c.
1254 1882 1330 1939 19)
1376 1888 1552 1936 ereptus
1593 1886 1683 1933 est,
1727 1878 1886 1921 falsum
1915 1877 2048 1934 inge..

1179 1943 1357 1983 nuitatis
1369 1941 1577 1983 iudicium
1591 1940 1902 1996 pronuntiante
1915 1949 2049 1992 prae-

1179 2007 1274 2043 tore
1306 2001 1499 2043 urbano:
1553 2001 1637 2042 hoc
1686 1999 1802 2041 enim
1842 1996 1953 2039 illud
1983 2001 2050 2038 est

1180 2062 1303 2116 quasi
1333 2061 1427 2102 iure
1464 2060 1595 2102 civili.
1650 2058 1718 2101 Cf.
1752 2057 1782 2099 l.
1815 2058 1844 2100 3
1877 2057 1922 2108 §.
1946 2056 1972 2098 5
1993 2055 2045 2100 Ι).

1181 2121 1231 2162 de
1264 2120 1531 2161 condictione
1564 2133 1680 2161 caus.
1717 2115 1817 2173 (XII
1847 2115 1923 2173 4):
1957 2114 2049 2156 Ne-

1179 2181 1317 2221 ratius
1366 2180 1494 2220 etiam
1539 2178 1646 2220 libro
1699 2175 2051 2219 membranarum

1180 2242 1316 2294 refert
1345 2238 1544 2280 Paridem
1572 2239 1876 2294 pantomimum
1904 2247 1934 2275 a
1955 2233 2049 2275 Do-

1180 2299 1303 2340 mitia
1329 2298 1514 2340 Neronis
1540 2298 1636 2352 filia
1667 2294 1927 2352 (legendum
1953 2306 2050 2335 cum

1181 2358 1327 2412 Lipsio
1356 2358 1541 2400 Neronis
1564 2355 1762 2413 consilio)
1789 2355 1931 2396 decem
1955 2357 2051 2409 (se-

1181 2419 1376 2474 stertia),
1423 2431 1530 2472 quae
1563 2418 1603 2458 ei
1633 2429 1714 2473 pro
1744 2414 1939 2456 libertate
1973 2412 2051 2453 de-

1182 2478 1330 2530 derat,
1363 2477 1581 2532 repetiisse
1607 2490 1690 2532 per
1717 2474 1923 2525 iudicem,
1971 2485 2053 2512 nec

1180 2537 1311 2592 fuisse
1333 2536 1582 2590 quaesitum,
1615 2549 1675 2576 an
1695 2534 1887 2575 Domitia
1913 2532 2052 2572 sciens

1183 2596 1363 2638 liberum
1395 2596 1641 2652 accepisset.
1705 2592 1809 2634 Inde
1846 2591 2052 2633 discimus

1184 2655 1443 2696 calumniam
1510 2655 1618 2696 iuris
1683 2654 1747 2695 sic
1809 2652 2052 2694 institutam

1182 2714 1334 2756 fuisse.
1397 2714 1517 2755 Paris
1555 2718 1800 2768 praetorem
1842 2710 2053 2752 urbanum

1183 2773 1290 2815 adiit
1331 2786 1382 2814 ac
1428 2773 1578 2815 decem
1612 2773 1814 2814 sestertia
1844 2770 2055 2824 repetivit

1184 2846 1296 2887 quae
1348 2832 1451 2873 olim
1496 2833 1739 2883 Domitiae,
1797 2843 1893 2872 cum
1939 2828 2055 2871 bona

1185 2891 1269 2933 fide
1319 2893 1518 2946 quamvis
1569 2893 1787 2947 ingenuus
1850 2888 2052 2941 serviret,

1185 2963 1262 3005 pro
1282 2950 1485 2993 libertate
1499 2950 1706 2993 dedisset.
1740 2949 1918 2991 Praetor
1935 2952 2054 2990 stru..

1186 3016 1287 3052 ente
1333 3009 1508 3052 Nerone
1554 3011 1744 3052 iudicem
1785 3007 1914 3050 dabat
1966 3019 2054 3048 non

1186 3070 1260 3125 qui
1321 3075 1552 3125 quaereret
1605 3071 1883 3125 ingenuusne
1935 3066 2054 3107 Paris

1187 3134 1304 3170 esset
1360 3142 1526 3180 necne,
1580 3127 1657 3169 sed
1716 3128 1790 3182 qui
1841 3125 2055 3166 iudicaret

1185 3193 1327 3227 utrum
1371 3187 1524 3228 decem
1567 3185 1736 3227 dederit
1767 3197 1821 3226 an
1853 3195 1941 3224 non
1973 3183 2053 3225 de-

1187 3246 1312 3286 derit.
1375 3244 1456 3286 lllo
1479 3244 1714 3296 iudicante,
1748 3243 1791 3285 id
1809 3241 1923 3298 quod
1945 3253 2055 3296 opus

1188 3310 1304 3355 erat,
1349 3303 1521 3345 dedisse
1554 3302 1775 3354 Paridem,
1820 3301 2053 3343 Domitiam

1186 3363 1367 3404 reddere
1386 3365 1616 3416 pecuniam
1626 3361 1767 3403 Paridi
1783 3373 1924 3416 eoque
1939 3359 2054 3402 hunc

1188 3424 1426 3477 ingenuum
1460 3434 1556 3463 esse
1587 3427 1762 3475 praetor
1792 3420 2053 3475 pronuntia..

1187 3482 1263 3522 vit.
1319 3481 1510 3522 Similem
1544 3480 1800 3523 calumniam
1835 3481 1940 3520 iuris
1974 3491 2054 3521 co-

1189 3551 1373 3597 gnoscas
1428 3553 1482 3581 cx
1530 3538 1754 3582 Ciceronis
1806 3537 1953 3581 Divin.
2008 3539 2053 3584 in

1189 3597 1352 3642 Caecil.
1391 3599 1457 3643 17.
