2280 4004
138 905 209 954 64

564 263 585 278 ι»
599 251 625 264 ”
638 256 687 283 ἐφ’,
714 258 773 285 s&

219 458 355 510 aliud
406 457 711 525 perfugium.

802 310 967 355 Lmen
995 308 1049 354 n.
1113 308 1220 354 cn.
1254 309 1445 355 62-64.

1948 305 2038 355 14⁵7

808 456 982 509 Pulsus
1032 455 1166 508 haud
1215 455 1369 507 multo
1416 460 1533 522 post
1578 450 2046 507 Hermundurorum

221 549 399 616 opibus
438 554 487 601 et
515 549 702 601 Vibilio
739 549 886 612 duce,
924 553 1262 614 receptusque
1289 549 1470 599 Forum
1494 547 1669 598 Iulium
1697 544 2047 599 Narbonensis

223 640 415 692 Galliae
445 639 694 690 coloniam
734 639 957 690 mittitur.
1019 638 1231 690 Barbari
1254 643 1527 705 utrumque
1561 638 1783 689 comitati
1811 654 1875 690 ne
1904 639 2051 704 quie-

222 737 303 784 tas
330 731 623 798 provincias
652 731 862 781 immixti
889 731 1166 794 turbarent,
1207 730 1488 781 Danuvium
1523 730 1653 781 ultra
1691 730 1824 781 inter
1846 730 2050 780 flumina

222 824 412 876 Marum
450 827 499 873 et
525 822 707 873 Cusum
738 821 986 886 locantur,
1029 822 1147 872 dato
1174 837 1299 888 rege
1320 822 1519 873 Vannio
1543 823 1711 889 gentis
1740 821 2048 883 Quadorum.
2068 833 2090 869 s

335 913 518 966 -Simul
563 912 790 963 nuntiato
845 926 1022 979 regem
1075 912 1323 963 Artaxian
1360 913 1618 964 Armeniis
1665 929 1692 963 a
1748 912 2050 964 Germanico

226 1005 411 1075 datum,
448 1004 728 1055 decrevere
764 1007 935 1069 patres
972 1008 1026 1054 ut
1052 1003 1384 1055 Germanicus
1426 1009 1574 1070 atque
1605 1005 1800 1056 Drusus
1840 1009 2052 1055 ovantes

222 1095 396 1147 urbem
430 1094 711 1145 introirent.
785 1094 968 1147 Structi
1006 1099 1054 1145 et
1085 1108 1233 1145 arcus
1271 1095 1461 1144 circum
1489 1094 1649 1145 latera
1685 1094 1855 1160 templi
1878 1095 2053 1147 Martis

223 1186 409 1238 Ultoris
449 1201 560 1237 cum
599 1185 770 1252 effigie
808 1185 1111 1250 Caesarum,
1171 1184 1386 1236 laetiore
1423 1185 1655 1249 'l'iberi0,

1724 1185 1839 1251 quia
1875 1199 2054 1251 pacem

222 1277 469 1344 sapientia
508 1277 822 1341 firmaverat,
884 1291 1032 1343 quam
1085 1276 1128 1327 si
1177 1275 1362 1328 bellum
1413 1291 1505 1342 per
1545 1276 1683 1327 acies
1723 1275 2112 1326 confecisset.1o

222 1369 381 1436 Igitur
417 1369 782 1434 Rhescuporim
823 1382 1039 1434 quoque,
1079 1367 1325 1418 Thraciae
1357 1381 1551 1434 regem,
1592 1372 1703 1418 astu
1740 1365 2052 1434 adgreditur.

226 1460 434 1512 Omnem
477 1476 586 1511 eam
627 1460 884 1510 nationem
923 1458 1308 1512 Rhoemetalces
1346 1463 1578 1510 tenuerat
1590 1476 1604 1522 3
1664 1473 1763 1524 quo
1815 1457 2054 1509 defuncto

225 1548 483 1618 Augustus
528 1555 721 1616 partem
757 1550 1004 1601 Thracum
1043 1549 1416 1616 Rhescuporidi
1467 1550 1611 1601 fratri
1665 1550 1804 1613 eius,
1862 1552 2057 1615 partem

226 1642 328 1693 filio
366 1641 510 1708 Cotyi
548 1641 791 1708 permisit.
865 1642 920 1692 In
967 1648 1026 1692 ea
1066 1640 1322 1693 divisione
1358 1656 1480 1692 arva
1525 1646 1574 1692 et
1610 1640 1763 1691 urbes
1802 1645 1851 1691 et
1884 1640 2056 1691 vicina

228 1733 437 1784 Graecis
495 1733 669 1799 Cotyi,
749 1732 882 1798 quod
941 1732 1181 1783 incultum
1245 1733 1420 1797 ferox,
1491 1732 1742 1783 adnexum
1805 1730 2054 1796 hostibus,
2074 1742 2121 1782 ts

225 1823 596 1890 Rhescuporidi
634 1823 788 1874 cessit
801 1841 814 1886 3
864 1823 1188 1890 ipsorumque
1223 1839 1400 1891 regum
1451 1824 1687 1891 ingenia,
1746 1823 1817 1874 illi
1852 1824 1971 1874 mite
2009 1828 2059 1874 et

228 1929 518 1979 amoenum,
575 1914 693 1965 huic
745 1919 892 1966 atrox
944 1915 1146 1966 avidum
1199 1920 1248 1967 et
1304 1916 1565 1967 societatis
1614 1915 1882 1981 impatiens
1932 1919 2056 1966 erat.

229 2005 328 2059 Sed
363 2005 526 2071 primo
564 2004 777 2056 subdola
816 2006 1095 2056 concordia
1133 2021 1318 2072 egere:
1355 2021 1474 2057 mox
1500 2006 1843 2072 Rhescuporis
1881 2004 2060 2072 egredi

230 2094 384 2160 fineS,
437 2096 745 2147 verterein
797 2110 854 2147 se
894 2096 1039 2163 Cotyi
1091 2096 1233 2161 data,

1316 2102 1365 2148 et
1413 2098 1670 2149 resistenti
1714 2097 1814 2148 vim
1865 2097 2056 2161 facere,

235 2190 534 2261 cunctanter
548 2187 655 2261 ..⁵9¹³
696 2187 958 2254 AugustO,
1009 2198 1155 2252 quem
1195 2193 1455 2239 auctorem
1493 2188 1753 2254 utriusque
1787 2188 1965 2256 regni,
2014 2187 2126 2239 sizo

235 2281 585 2343 sperneretur,
635 2262 888 2329 vindicem
925 2277 1193 2329 metuebat.
1266 2279 1540 2330 Enimvero
1577 2280 1747 2331 audita
1782 2279 2061 2330 mutatione

357 2429 393 2470 1.
427 2426 534 2470 aliut
558 2428 607 2471 M.
670 2431 712 2473 2.
746 2428 786 2472 M
814 2429 980 2482 Vibilio,
1013 2430 1079 2472 Ma
1115 2431 1168 2475 12
1199 2431 1256 2475 29
1291 2429 1495 2474 Vibillius.
1558 2432 1681 2474 claice
1704 2432 1758 2475 M.
1823 2433 1865 2475 3.
1898 2446 2060 2487 neque-

235 2493 300 2529 tas
318 2487 372 2530 M.
421 2489 486 2530 1¹.
520 2489 769 2530 chaeaeciae
787 2489 841 2532 M.
904 2504 1048 2545 regem
1078 2504 1219 2545 reyem
1240 2492 1295 2533 M.
1362 2493 1429 2535 12.
1468 2505 1519 2532 ea
1540 2491 1594 2533 M.
1649 2493 1716 2534 17.
1748 2493 1972 2548 inpaciens
2002 2492 2057 2534 M.

239 2546 306 2589 19.
339 2549 622 2590 resistentium
651 2550 800 2604 facere
833 2549 897 2591 M:
933 2551 1124 2591 correxit
1146 2550 1385 2593 Rhenanus
1419 2553 1529 2607 (non
1547 2550 1804 2605 Beroaldus,
1839 2557 1885 2593 ut
1917 2551 2063 2594 nan-at·

236 2603 460 2662 Orellius).

235 2748 321 2789 sive
356 2748 496 2790 Duria
535 2756 593 2791 est
633 2763 661 2791 a
703 2751 853 2792 Suavis
891 2763 1104 2807 regnoque

246 2807 471 2849 Vareniana
519 2809 722 2850 dirimens
773 2824 867 2862 eos,
923 2810 1106 2852 adversa

236 2866 479 2908 Bastarnae
511 2875 654 2910 tenent
684 2868 842 2923 aliique
871 2869 971 2910 inde
994 2870 1105 2912 Ger-

236 2939 367 2967 mani.

326 2983 429 3037 Cap.
448 2981 519 3026 64.
564 2983 899 3040 Rhescuporim.-
927 2987 1027 3028 ‘non
1063 2988 1106 3028 in

239 3042 327 3085 alio
358 3042 533 3084 nomine
564 3042 702 3099 magis
731 3045 958 3088 variatum.
1022 3046 1106 3089 Dio

239 3101 334 3144 le
365 3100 438 3154 34,
467 3101 542 3143 LV
572 3101 644 3145 30’
675 3103 755 3158 (cf.
788 3103 942 3147 van
975 3106 1032 3149 25
1065 3110 1110 3146 et

238 3161 320 3219 48)
347 3159 684 3216 “Ρασκύποριν,
720 3161 917 3205 Velleius
954 3163 991 3205 11
1025 3164 1109 3207 129

242 3218 543 3274 Rhascupolin’
584 3221 712 3274 (item
742 3221 930 3276 Appian.
972 3222 1023 3265 Β.
1059 3221 1106 3264 C.

241 3274 369 3319 1v87
391 3283 434 3319 et
450 3278 531 3320 103
548 3283 654 3334 sq.)‚
686 3279 897 3322 ‘Suetonii
921 3282 1108 3335 optimus

241 3338 286 3377 in
335 3335 545 3378 Vaticano
593 3337 732 3378 codex
774 3340 818 3379 in
869 3338 1010 3381 Tiber.
1054 3340 1109 3382 37

249 3391 550 3451 Dan-ypoliti,
584 3395 799 3449 quomodo
833 3403 876 3438 et
909 3398 953 3438 in
985 3398 1110 3439 Livio

243 3454 450 3508 scriptum
512 3451 651 3508 leges,
724 3453 923 3497 Lucanus
983 3462 1112 3498 vocat

245 3513 308 3568 (V
342 3512 421 3570 55)
454 3510 621 3567 gelidae
636 3511 1135 3571 dominumRascipolin·

246 3571 376 3615 orae‘.
430 3570 623 3613 Lipsius.
687 3571 918 3614 oben-linus
950 3573 1114 3615 addidit

248 3642 302 3672 ex
331 3642 503 3690 nummo
545 3643 614 3685 ap.
659 3629 772 3686 Cary
814 3632 1006 3676 Histoire
1036 3632 1112 3677 des

247 3689 335 3731 tois
388 3684 442 3732 de
490 3687 655 3734 Thrace
692 3690 767 3749 pl.
821 3693 850 3740 2
901 3694 1113 3752 βασιλέος

1192 2752 1586 2811 ῥασκουπόριδος,
1613 2767 1666 2795 ex
1684 2751 1771 2795 alio
1791 2766 1859 2807 ap.
1874 2752 2060 2795 Eckhel.

1190 2818 1219 2854 t.
1244 2811 1282 2853 ll
1313 2824 1354 2866 p.
1384 2812 1440 2855 59
1474 2812 1908 2871 ῥαισκουηόριδος,
1934 2808 2060 2853 Conf-

1190 2870 1386 2913 Boeckh.
1401 2870 1528 2926 Corp.
1549 2872 1747 2927 inscript.
1772 2871 1921 2915 Graec.
1943 2884 2060 2914 num.

1190 2930 1278 2974 359
1306 2935 1410 2972 tom.
1445 2928 1462 2972 1
1492 2944 1533 2985 p.
1567 2931 1670 2975 430.

1287 3017 1495 3060 Thraciae
1528 3032 1696 3074 reyem:
1740 3019 1797 3061 cf.
1832 3024 1979 3060 annot.
2011 3017 2065 3059 ad

1193 3075 1230 3118 11
1272 3076 1342 3118 54.
1465 3091 1628 3120 ommm
1670 3091 1765 3119 eam
1812 3078 2064 3119 nationem.-

1190 3147 1328 3189 pauca
1359 3142 1560 3190 repetere
1595 3150 1726 3191 supra
1755 3137 1923 3189 incipit.

1279 3222 1345 3263 illi
1397 3224 1494 3264 mite
1541 3229 1581 3263 et
1637 3234 1893 3263 anioenum:
1962 3218 2066 3259 hinc

1192 3281 1374 3323 Ovidius
1417 3283 1461 3321 in
1502 3282 1670 3322 vicinia
1706 3280 1833 3334 regni
1879 3277 2066 3331 Cotyani

1197 3339 1386 3394 (Tomis)
1436 3339 1615 3381 exulans
1669 3340 1713 3380 in
1773 3336 1960 3391 epistola
2012 3335 2067 3377 ad

1197 3397 1312 3439 hunc
1343 3411 1493 3452 regem
1526 3399 1656 3439 missa
1689 3400 1769 3452 (ex
1792 3397 1928 3437 Ponto
1950 3394 1989 3436 11
2012 3394 2064 3451 9)

1196 3469 1238 3497 v.
1262 3458 1288 3498 5
1302 3455 1432 3498 dicit:
1464 3456 1664 3512 supplic-is
1682 3455 1851 3508 exaudi,
1867 3457 2067 3497 iuvenum

1194 3515 1424 3567 mitissime,
1457 3529 1615 3568 vocem,
1647 3521 1747 3558 etv.
1768 3514 1848 3558 64.-
1882 3514 2068 3556 eiusdem

1194 3574 1314 3615 sacri
1359 3574 1497 3616 cultor
1549 3581 1724 3629 uterque
1769 3589 1924 3617 sumus,
1997 3572 2070 3616 Ad

1194 3640 1333 3676 vatem
1361 3641 1478 3676 vates
1509 3636 1685 3679 orantia
1716 3634 1898 3678 brachia
1924 3633 2066 3678 tendo.
2156 3688 2158 3692 Ι

1196 3691 1264 3739 Cf.
1295 3705 1338 3739 v.
1377 3692 1571 3741 48--54.
