2280 4004
183 316 209 348 a
243 301 291 348 C.
323 303 396 348 48.
789 303 954 348 LIBER
985 301 1076 348 XII.
1141 300 1247 347 CAP.
1285 305 1412 349 1—2.
1949 304 2008 348 45

188 445 397 498 caelibis
437 443 572 497 vitae
602 443 893 497 intoleranti
933 451 981 498 et
1020 446 1290 513 coniugum
1325 444 1549 512 imperiis
1587 445 1827 497 obnoxio,
1901 445 2008 497 Nec

187 537 386 589 minore
410 537 595 588 ambitu
634 537 854 589 feminae
885 542 1212 590 exarserant:
1256 553 1397 589 suam
1430 552 1660 604 quaeque
1696 536 2009 589 nobilitatem

189 628 402 681 sormam
441 642 564 693 opes
599 628 910 680 contendere
944 644 1004 679 ac
1032 628 1187 695 digna
1219 632 1361 679 tanto
1386 629 1704 682 matrimonio
1733 633 2009 680 ostentare.

189 718 290 772 Sed
324 719 543 770 maxime
578 719 929 786 ambigebatur
966 720 1099 771 inter
1134 719 1345 771 Lolliam
1380 719 1638 772 Paulinam
1672 719 1831 772 Marci
1867 715 2013 772 Lollii

192 809 505 874 consulariS,
567 815 617 861 et
667 810 840 862 Iuliam
881 810 1212 878 Agrippinam
1254 811 1556 863 Germanico
1604 812 1851 880 genitam:
1895 808 2052 862 h'uic‘s

188 899 380 964 PallaS,
435 899 508 950 illi
550 899 783 951 Callistus
835 901 1061 952 fautores
1115 901 1341 952 aderant.
1434 902 1501 953 At
1547 902 1694 954 Aelia
1731 901 1935 954 Paetina
1985 914 2014 954 e

191 983 380 1043 familia
407 990 725 1042 Tuberonum
746 991 989 1043 Narcisso
1031 992 1313 1043 fovebatur.
1388 994 1500 1059 Ipse
1537 993 1635 1044 huc
1670 992 2013 1044 modomodo

190 1081 326 1146 illuc,
359 1086 414 1132 ut
446 1096 692 1148 quemque
729 1083 1045 1134 suadentium
1074 1083 1320 1148 audierat,
1352 1088 1623 1150 promthS,
1661 1084 2015 1135 discordantes

191 1172 243 1223 in
279 1171 546 1223 consilium
579 1177 746 1239 vocat,
779 1189 840 1225 ac
872 1188 1107 1240 promere
1138 1174 1437 1225 sententiam
1470 1179 1519 1225 et
1549 1174 1756 1226 adicere
1789 1175 2016 1226 rationes

143 1262 350 1315 2iubet.
439 1263 713 1316 Narcissus
759 1270 903 1316 vetus
949 1264 1354 1331 matrimonium,
1414 1265 1653 1317 familiam
1705 1275 2077 1319 communemw

315 1415 353 1456 1.
388 1413 563 1456 caelibis
594 1413 674 1467 Ma,
709 1414 864 1456 caelibi
895 1414 942 1457 G.

190 1473 426 1529 peratoriis
457 1471 545 1515 Ma:
581 1473 616 1516 G
645 1475 850 1530 imperiis.

196 1537 361 1574 rectum
394 1534 509 1575 inest
541 1532 589 1577 G.

195 1593 354 1634 novius
385 1592 552 1648 dignas.

195 1650 238 1694 6.
273 1650 448 1694 calistus
476 1649 558 1694 Ma.

703 1600 935 1635 ostentaret
965 1592 1047 1635 Ma.

199 1784 460 1828 undecimus
500 1788 788 1841 concluditur,
824 1788 1066 1843 incipitque

193 1843 481 1887 'duodecimus
513 1860 538 1888 a
569 1849 732 1902 nuptiis
764 1845 935 1889 Claudii
970 1860 1066 1888 cum

196 1903 442 1960 Agrippina
460 1907 628 1960 coeptis
653 1907 916 1963 iunctisque.
950 1906 1068 1948 Idem

201 1963 246 2003 in
288 1964 478 2006 confinio
533 1965 633 2007 libri
683 1966 983 2021 quintidecimi
1029 1970 1071 2006 et

202 2022 477 2065 sextidecimi
520 2024 755 2067 Annalium
791 2024 1070 2067 animadver-

202 2086 297 2122 tere
342 2081 462 2126 licet.
538 2083 646 2125 Nam
695 2084 1070 2140 quintusdecimus

203 2140 378 2194 desinit,
411 2147 638 2198 postquam
667 2144 979 2185 coniurationis
996 2141 1071 2185 Pi-

199 2201 414 2242 ‘sonianae
446 2201 603 2244 infelix
651 2203 794 2244 exitus
827 2215 1071 2259 magnaque

203 2260 395 2300 virorum
428 2259 662 2303 illustrium
695 2267 863 2318 strages
901 2267 1074 2303 narrata

206 2323 298 2360 est:
345 2319 423 2360 sed
464 2331 517 2362 eo
558 2319 658 2363 loco
702 2334 799 2362 cum
842 2326 885 2362 et
929 2333 1072 2362 rerum

207 2383 430 2419 enarrator
467 2385 511 2421 et
556 2379 746 2422 lectores
788 2380 965 2435 paulum
997 2393 1072 2421 re-

206 2438 371 2492 spirare
389 2438 581 2492 cupiant,
604 2439 717 2481 liber
739 2439 900 2492 finitur,
919 2452 1074 2494 qnam-

208 2507 336 2552 quam
399 2509 542 2539 annuo
606 2498 823 2540 curriculo
884 2498 1074 2539 nondum

208 2555 426 2598 absoluto.
486 2556 588 2599 Alia
630 2571 760 2600 causa
792 2559 931 2599 movit
962 2557 1074 2599 scri-

206 2614 382 2659 bentem
403 2621 450 2656 ut
467 2614 624 2658 librum
659 2617 1074 2673 quartumdecimum

208 2679 309 2721 ante
355 2673 485 2717 finem
526 2678 659 2718 annui
699 2677 828 2730 spatii
871 2677 1075 2718 desinere

214 2734 479 2787 institueret,
513 2734 567 2777 de
601 2749 687 2791 qua
717 2735 878 2777 dictum
905 2735 958 2777 ad
976 2734 1076 2776 XIV

209 2791 301 2835 65.·
343 2792 575 2836 Praeterea
607 2809 662 2836 ex
698 2794 936 2848 deperditis
966 2794 1078 2835 liber

210 2850 445 2905 septimus,
478 2865 533 2894 ex
560 2853 866 2908 superstitibus
898 2853 1079 2894 tertius-

212 2907 407 2951 decimus
457 2924 483 2952 a
520 2923 637 2953 novo
682 2925 795 2954 anno
853 2911 1078 2953 exordium

211 2978 298 3008 non
331 2976 620 3023 sumpserunt.
682 2970 787 3013 Nam
821 2984 917 3012 cum
945 2970 1079 3011 Tibe-

212 3027 302 3067 rius
334 3041 448 3069 anno
479 3035 577 3083 post
609 3027 827 3071 Christum
848 3031 919 3082 37,
945 3028 1080 3071 Clau-

215 3085 310 3126 dius
363 3086 422 3130 54
475 3089 664 3130 nondum
711 3088 832 3130 finito
880 3088 934 3130 de
990 3089 1080 3130 vita

215 3145 474 3199 cessissent,
515 3160 541 3189 a
572 3148 676 3190 novi
707 3148 917 3202 principis
951 3147 1080 3189 rebus

215 3215 375 3245 novum
417 3204 575 3248 librum
616 3208 812 3261 incipere
845 3212 1080 3248 consenta-

215 3274 345 3303 ncum
377 3262 621 3306 videbatur.
664 3264 781 3306 Idem
814 3264 928 3307 haud
949 3264 1080 3306 dubie

216 3332 297 3361 usu
339 3322 461 3363 venit
499 3324 543 3364 in
584 3324 801 3378 principio
845 3323 945 3364 libri
976 3323 1082 3363 noni

216 3385 316 3433 post
375 3382 569 3424 occisum
627 3381 776 3424 Gaium
834 3380 1079 3423 Caesarem.

218 3438 421 3480 Ceterum
445 3446 617 3482 veteres
639 3440 830 3482 editores
856 3441 960 3480 novi
981 3440 1081 3480 anni

217 3509 442 3541 numerum
480 3500 561 3555 (49
579 3505 621 3541 et
641 3498 751 3555 802)
789 3500 834 3539 in
866 3499 1081 3552 principio

218 3554 318 3598 libri
354 3557 601 3600 duodecimi
644 3569 870 3612 perperam
918 3569 1083 3611 posue-

217 3621 340 3667 runt,
388 3616 503 3659 unde
540 3617 585 3657 in
628 3618 797 3658 ratione
843 3622 1083 3670 temporum

219 3673 373 3719 turbae
401 3687 489 3723 non
521 3688 688 3738 paucae
719 3681 849 3721 natae
879 3681 995 3721 sunt.

1042 1416 1259 1457 intonanti
1289 1412 1384 1456 Ma:
1420 1416 1610 1464 correxit
1639 1413 1844 1457 Pichena.

970 1476 1011 1518 2.
1047 1489 1204 1530 queque
1237 1472 1316 1516 Ma.

681 1534 813 1589 digna
844 1533 934 1587 Ma,
969 1535 1104 1589 diyna
1136 1533 1194 1576 G:
1229 1534 1362 1589 diqna
1386 1533 1454 1575 ed.
1489 1535 1721 1589 Spirensis,
1754 1536 1785 1576 1.
1809 1534 1880 1576 Fr.
1909 1533 2020 1577 Gro..

679 1651 862 1695 Paetina
894 1651 972 1707 Ma,
1007 1664 1094 1694 non
1130 1652 1295 1695 Petina.

1412 1475 1454 1517 3.
1490 1476 1763 1516 contenderet
1796 1473 1883 1517 Ma:
1918 1428 2019 1516 ⁰²3:

1198 1596 1240 1636 4.
1278 1593 1338 1635 M.
1374 1591 1456 1635 Ma.
1597 1595 1638 1636 5.
1671 1595 1907 1650 perminico
1939 1591 2019 1637 Ma.

1416 1651 1459 1694 8.
1495 1665 1682 1708 quenque
1714 1652 1795 1696 Ma.

1239 1788 1442 1829 convulsa
1476 1796 1561 1830 est:
1604 1795 1730 1830 tenor
1761 1789 2021 1830 narrationis

1154 1853 1197 1888 et
1236 1849 1515 1902 participium
1558 1855 1648 1889 orto
1695 1874 1750 1880 -
1782 1848 2016 1889 certamine

1154 1907 1306 1961 utique
1338 1906 1563 1960 postulant
1595 1907 1797 1949 voculam
1831 1914 1905 1961 est,
1938 1919 2022 1949 ne-

1154 1966 1344 2021 glectam
1376 1968 1421 2007 in
1458 1967 1637 2021 antiqua
1667 1969 1881 2021 scriptura
1916 1980 2024 2008 con-

1152 2024 1326 2067 vulsast.
1449 2039 1503 2066 ac
1550 2026 1715 2080 digna:
1772 2027 1809 2067 si
1859 2025 2024 2068 lineola

1154 2084 1450 2138 superscripta
1492 2097 1534 2126 v.
1581 2085 1712 2139 diyna
1753 2086 1796 2125 in
1838 2083 1904 2126 ltla
1934 2096 2024 2125 non

1156 2149 1319 2185 temere
1375 2142 1520 2184 addita
1574 2150 1661 2197 est,
1728 2149 1775 2184 ut
1823 2157 1928 2185 sane
1978 2145 2024 2185 in

1155 2203 1302 2244 multis
1337 2202 1534 2244 eiusdem
1565 2202 1664 2258 libri
1696 2202 1806 2244 locis
1839 2216 1920 2245 usu
1940 2216 2024 2244 ve-

1155 2261 1244 2315 nit,
1289 2261 1425 2303 fuisse
1459 2261 1633 2316 dignam
1663 2276 1707 2303 sc
1741 2263 2022 2304 coniecerim.

1246 2320 1308 2362 M.
1326 2319 1458 2362 Lollii
1480 2322 1742 2363 consularis:
1772 2328 1896 2376 pater
1909 2321 2025 2363 Pau-

1155 2377 1274 2421 linae
1321 2379 1376 2421 M.
1421 2379 1588 2422 Lollius
1638 2380 1870 2434 Paulinus,
1920 2381 2024 2423 olim

1159 2437 1260 2493 (sed
1300 2451 1384 2493 quo
1426 2452 1539 2480 anno
1582 2441 1819 2497 incertum)
1869 2439 2023 2482 consul

1157 2498 1391 2550 suffectus,
1439 2497 1554 2540 filius
1611 2505 1703 2541 erat
1744 2501 1839 2542 eius
1893 2498 2026 2552 Lollii

1158 2558 1231 2611 qui
1276 2558 1320 2598 in
1373 2556 1601 2599 Germania
1640 2559 1815 2614 fugatus
1864 2560 2027 2614 quique

1160 2615 1264 2658 Gaio
1299 2614 1475 2658 Caesari
1519 2618 1563 2657 in
1610 2617 1859 2658 Armeniam
1893 2617 2029 2672 profi-

1161 2676 1344 2717 ciscenti
1385 2688 1532 2718 comes
1575 2675 1625 2731 (1
1661 2676 1739 2728 10,
1772 2676 1830 2718 111
1859 2675 1951 2734 48)
1986 2681 2030 2718 et

1157 2741 1328 2776 rector:
1370 2733 1499 2776 huius
1543 2737 1659 2777 enim
1705 2736 1841 2791 neptis
1888 2735 2032 2777 Lollia

1160 2794 1340 2835 Paulina
1376 2807 1400 2834 a
1432 2793 1574 2836 Plinio
1607 2800 1789 2836 vocatur
1816 2794 1867 2836 N.
1898 2795 1948 2838 H.
1973 2794 2032 2835 IX

1161 2852 1232 2895 58.
1274 2852 1372 2906 Ipsa
1390 2853 1590 2894 Memmio
1624 2853 1837 2908 quondam
1857 2853 2029 2909 Regulo

1160 2917 1308 2965 nupta,
1341 2910 1443 2953 dein
1456 2911 1562 2953 Gaio
1581 2911 1756 2954 Caesari
1778 2911 2029 2968 Caligulae:

1162 2969 1237 3011 XII
1278 2972 1349 3014 22.
1390 2969 1501 3012 Plin.
1546 2971 1575 3012 l.
1623 2985 1659 3014 c.
1706 2972 1788 3014 Dio
1831 2971 1924 3013 LIX
1962 2973 2029 3013 12.

1164 3030 1344 3072 Sueton.
1381 3028 1522 3085 Calig.
1542 3031 1613 3074 25.
1652 3031 1747 3071 Vox
1775 3031 1911 3084 filiam
1932 3035 2031 3084 post

1163 3087 1404 3130 consularis
1449 3095 1670 3142 comparet
1716 3090 1760 3129 in
1794 3089 1946 3130 codice
1977 3089 2030 3139 A,

1163 3147 1241 3190 sed
1271 3146 1395 3189 abest
1427 3159 1452 3187 a
1482 3146 1644 3198 ssGMa,
1689 3152 1732 3187 et
1771 3147 1926 3188 abesse
1957 3146 2031 3188 vel

1164 3207 1309 3259 potius
1351 3203 1620 3259 cogitatione
1663 3205 1858 3258 suppleri
1899 3203 2031 3246 facile

1164 3269 1309 3317 potest
1350 3262 1405 3303 ob
1445 3263 1784 3318 subsequentem
1828 3264 2031 3320 qenitam.

1166 3321 1293 3364 Conf.
1328 3328 1476 3365 annot.
1510 3321 1563 3362 ad
1595 3322 1655 3362 IV
1692 3324 1759 3363 11.

1267 3378 1372 3433 Cap.
1417 3382 1459 3423 2.
1521 3387 1638 3421 vetus
1689 3381 2036 3422 matrimonium:

1166 3451 1209 3480 v.
1251 3439 1484 3481 Suetonius
1527 3438 1708 3479 Claudio
1749 3439 1830 3482 26:
1879 3453 2035 3480 uxores

1167 3497 1319 3538 deinde
1341 3497 1461 3538 duxit
1484 3496 1697 3539 Plautiam
1720 3497 2035 3552 Ury-utanittam

1168 3555 1430 3611 triumphali,
1466 3562 1504 3596 et
1521 3570 1619 3597 ἠοω
1630 3556 1801 3598 Aeliam
1812 3557 2035 3599 Paetinam

1169 3614 1390 3656 consulari
1418 3621 1558 3671 patre.
1615 3615 1719 3657 Cum
1748 3623 1929 3671 utraque
1965 3616 2036 3658 di.-

1167 3675 1350 3719 vortium
1377 3675 1502 3735 fecit,
1538 3673 1613 3719 sed
1644 3689 1737 3720 cum
1769 3674 1952 3725 Paetina
1983 3689 2036 3723 ex
