2222 4022
989 256 1136 301 CArvr
1166 258 1239 301 34.
1904 255 1996 300 LXI

170 413 198 449 a
229 398 466 449 sordibus
501 404 550 451 et
581 399 731 451 multa
764 414 892 466 quae
924 404 1039 451 ante
1075 404 1219 450 erant
1246 398 1462 449 obscura
1493 396 1706 449 reclusis
1733 397 1996 450 doctrinae

170 503 293 540 suae
344 489 595 542 thesauris
646 490 759 542 luce
821 483 1159 542 collustravit:
1219 478 1352 540 hanc
1407 489 1539 541 enim
1585 489 1900 554 provinciam
1949 493 1997 540 et

169 579 440 631 Rhenanus
480 585 530 632 et
579 580 734 631 ceteri
786 573 1008 632 editores
1044 580 1356 645 reliquerant
1404 580 1512 631 fere
1556 579 1821 646 integram.
1898 578 1998 632 Sed

171 669 387 736 insignis
424 670 520 720 viri
555 671 731 721 merita
770 672 884 723 dum
926 672 1036 728 iure
1087 672 1418 737 suspicimuS,
1471 670 1750 722 cavendum
1788 675 1892 735 est,
1933 685 1998 722 ne

170 764 361 811 temere
398 761 450 810 in
491 776 695 813 errores
741 762 984 827 plurimos
1028 763 1089 813 ab
1140 762 1250 828 ipso
1291 777 1395 813 non
1450 764 1634 814 vitatos
1660 797 1662 803 .
1689 761 1992 827 incidamUS,

170 851 222 902 id
268 852 400 918 quod
454 867 784 905 successores
841 870 995 920 saepe
1040 870 1214 920 parum
1251 854 1597 920 providerunt.
1672 853 1868 919 Lipsius
1904 867 1997 919 per

168 942 303 994 vitae
342 959 465 994 suae
497 943 766 995 decursum
796 944 972 1010 'plures
1014 945 1174 996 Taciti
1211 945 1462 996 editiones
1506 945 1804 1009 adornavit,
1841 945 1892 993 in
1932 943 1994 995 iis

168 1033 378 1112 primam
418 1035 728 1100 Antverpiae
782 1052 845 1087 ex
897 1035 1099 1086 officina
1140 1035 1489 1101 Christophori
1523 1035 1735 1085 Plantini
1779 1051 1823 1085 a.
1866 1033 2000 1086 1574

168 1124 214 1175 8
244 1124 478 1175 emissam
518 1129 568 1176 et
614 1125 689 1175 sic
727 1125 1048 1190 inscriptam:
1106 1124 1158 1174 P.
1201 1124 1422 1175 Cornelii
1465 1123 1625 1174 Taciti
1659 1123 2000 1174 Historiarum

169 1219 217 1263 et
242 1213 514 1264 Annalium
550 1214 682 1279 libri,
726 1213 811 1279 qui
850 1219 1066 1278 exstant,
1107 1214 1236 1264 Iusti
1281 1213 1442 1278 Lipsii
1476 1214 1640 1264 studio
1677 1213 1922 1264 emendati
1955 1219 2002 1264 et

169 1303 435 1354 illustrati.-
494 1303 587 1353 Ad.
644 1303 769 1368 Imp.
806 1303 1210 1354 Maoeimilianum
1249 1294 1317 1354 Π.
1358 1304 1481 1370 Auq.
1518 1303 1570 1354 P.
1615 1303 1668 1356 F.
1763 1304 2000 1354 Eiusdem

173 1393 333 1444 Taciti
385 1393 511 1444 liber
564 1394 624 1444 de
679 1394 903 1449 moribus
942 1396 1323 1446 Germanorum.
1400 1395 1518 1445 Iulii
1557 1393 1826 1462 Ayricolae
1877 1396 2000 1446 vita.

168 1485 356 1536 Incerti
391 1485 661 1550 scriptoris
713 1486 941 1552 dialoyus
997 1487 1056 1537 de
1112 1486 1403 1537 oratoribus
1454 1487 1536 1537 sui
1594 1488 1847 1552 temporis.
1921 1487 2004 1538 Ad

168 1575 223 1626 C.
257 1574 304 1626 V.
346 1574 588 1626 Ioannem
625 1574 941 1626 sambucum.
1018 1577 1332 1643 Sequuntur:
1378 1576 1553 1642 Notae,
1593 1578 1772 1643 quibus
1822 1579 2000 1628 lectio-

167 1682 285 1716 num
321 1666 549 1717 varietas
595 1672 644 1717 et
683 1667 1081 1718 emendationum
1118 1669 1252 1718 ratio
1302 1669 1604 1733 explicatur.
1682 1670 1803 1720 Cum
1839 1670 1998 1720 Taciti

167 1757 352 1823 scripta
396 1757 596 1808 tertium
638 1758 824 1809 ibidem
867 1759 1153 1824 recensuit,
1214 1775 1258 1809 a.
1303 1760 1434 1811 1585
1491 1760 1543 1809 in
1581 1760 1899 1826 praefatione
1935 1760 1998 1810 ad

165 1847 407 1900 lectorem
464 1848 528 1900 de
580 1849 822 1901 subsidiis
874 1850 978 1901 suis
1033 1851 1163 1901 haec
1215 1851 1432 1901 rettulit:
1479 1846 1575 1901 ‘En
1632 1852 1753 1915 tibi,
1817 1852 1996 1917 lector,

163 1939 363 1991 tertiam
418 1940 690 1991 editionem
729 1941 886 1991 Taciti
924 1942 1115 2006 nostri,
1177 1946 1226 1992 et
1275 1943 1376 1992 nisi
1433 1942 1612 2007 fallor,
1674 1948 1995 2008 postremam.

165 2031 220 2081 In
265 2046 360 2097 qua
397 2036 452 2081 ut
490 2030 607 2082 fidei
648 2036 696 2082 et
730 2031 1010 2082 industriae
1048 2038 1254 2083 nostrae
1287 2033 1417 2083 ratio
1456 2033 1545 2083 tibi
1589 2038 1801 2097 constet,
1837 2048 1998 2098 pauca

165 2122 527 2187 praemonebO.
602 2122 911 2188 Scriptorem
949 2123 1082 2173 hunc
1122 2124 1436 2175 correximus
1478 2124 1539 2174 ab
1580 2124 1789 2190 ingenio
1834 2125 1997 2174 inter—

166 2212 310 2276 dum,
374 2211 668 2278 plerumque
730 2229 757 2263 a
811 2213 972 2263 libris.
1082 2214 1219 2264 Libri
1273 2214 1453 2279 quibus
1509 2214 1589 2265 usi
1643 2229 1842 2278 sumuS,
1897 2214 1996 2265 isti.

163 2303 403 2354 Vaticana
460 2302 766 2368 exemplaria
826 2303 956 2368 du0,
1018 2320 1046 2354 e
1091 2305 1269 2370 quibus
1323 2304 1545 2356 alterum
1586 2320 1710 2357 sane
1748 2310 1892 2356 vetus
1949 2309 1997 2356 et

162 2393 378 2458 bonum,
461 2410 525 2445 ex
591 2393 898 2444 bibliotheca
960 2395 1124 2462 magis
1192 2410 1376 2446 arcana
1435 2396 1555 2446 mihi
1631 2396 1993 2462 depromptum.

163 2484 502 2536 Farnesianus
559 2485 754 2550 codex,
815 2499 962 2551 quem
1016 2486 1352 2551 suppeditavit
1398 2487 1547 2537 nobis
1602 2486 1994 2538 humanissimus

162 2575 364 2626 Fulvius
385 2576 613 2627 Ursinus
687 2576 758 2626 Ea
802 2575 921 2626 olim
944 2578 1135 2628 Romae
1173 2577 1267 2642 ipsi
1304 2577 1522 2627 vidimus
1564 2581 1613 2628 et
1639 2593 1749 2628 cum
1785 2577 1991 2642 iudiciO,

162 2671 216 2716 ut
256 2671 428 2732 captus
465 2666 666 2732 quidem
706 2650 883 2734 no‘ster
911 2668 1019 2731 fuit,
1061 2667 1295 2734 legimus,
1338 2668 1668 2732 contulimus3
1711 2673 1847 2719 certe
1885 2683 1996 2718 cum

164 2756 278 2808 fide.
355 2757 532 2808 Codex
575 2757 693 2808 item
734 2759 958 2809 Venetus
1013 2759 1251 2810 editionis
1306 2759 1558 2824 antiquae.
1650 2759 1816 2824 Atque
1866 2758 1994 2809 haec

163 2847 285 2897 mihi
340 2847 624 2898 adiumenta
673 2848 724 2897 in
767 2849 926 2914 prima
969 2849 1208 2900 editione.
1283 2849 1572 2900 Accessere
1608 2864 1742 2899 nunc
1787 2848 1884 2899 alia
1928 2848 1990 2899 ab

164 2937 356 2988 amicis.
442 2938 832 3003 Mauuscriptum
882 2940 1139 3005 exemplar
1189 2954 1302 2991 meo
1362 2940 1568 2991 nomine
1630 2944 1679 2990 et
1728 2940 1890 3006 gratia
1941 2940 1993 2989 in

161 3027 416 3093 Hispaniis
470 3028 630 3079 Toleti
690 3028 815 3096 legit
870 3034 919 3081 et
975 3045 1087 3080 cum
1142 3030 1360 3098 vulgatis
1422 3030 1703 3096 composuit
1753 3030 1990 3081 Andreas

162 3119 430 3183 SchottuS,
483 3119 697 3185 optimus
751 3119 1176 3187 doctissimusque
1226 3122 1334 3186 vir,
1383 3122 1467 3187 qui
1521 3127 1759 3186 excerpta
1812 3121 1874 3171 ad
1913 3137 1993 3171 me

162 3209 296 3259 misit
334 3213 384 3259 et
418 3214 582 3260 notas.
656 3210 710 3260 Id
754 3211 1011 3276 exemplar
1061 3216 1137 3262 est
1185 3212 1237 3261 in
1287 3211 1594 3262 bibliotheca
1646 3210 1741 3260 viri
1783 3210 1990 3260 illustris

160 3298 367 3348 Antonii
398 3299 740 3351 Covarruviae
762 3301 934 3365 Leiva,
975 3302 1116 3369 cujus
1152 3302 1342 3368 insigni
1382 3301 1646 3351 doctrinae
1685 3303 1733 3349 et
1771 3299 1993 3350 disertae

160 3388 212 3438 in
264 3388 538 3439 scribendo
591 3387 875 3454 elegantiae
927 3406 1102 3440 verum
1157 3396 1214 3441 et..
1255 3390 1367 3440 sine
1423 3389 1601 3439 fraude
1649 3387 1989 3439 testimonium

164 3478 343 3530 reddo.
420 3478 472 3529 Id
512 3477 768 3544 exemplar
804 3478 854 3527 in
897 3479 1099 3530 citando
1155 3480 1279 3531 alias
1317 3481 1589 3546 Hispanum
1625 3478 1750 3530 alias
1792 3479 1990 3530 Covar-

162 3569 339 3620 ruviae
376 3568 603 3635 nomino,
644 3568 808 3620 minus
844 3573 1011 3621 tamen
1049 3584 1203 3638 saepe
1242 3569 1429 3623 auxilio
1467 3570 1574 3623 eius
1608 3583 1748 3636 uSUS,
1787 3568 1901 3636 quia
1940 3573 1990 3622 et
