2280 4004
219 252 249 289 a
277 241 326 289 C·
359 243 432 290 59.
800 242 964 289 LIBER
994 244 1109 291 XIV.
1171 244 1278 291 GAP.
1312 245 1475 290 8-10.

1954 248 2043 293 183

220 388 367 453 gesta
409 387 494 436 aut
546 382 716 436 clausa
771 383 968 436 humuS.
1073 385 1193 436 Mox
1240 384 1636 439 domesticorum
1700 401 1822 441 cura
1884 387 2048 442 levem

220 475 459 529 tumulum
493 478 718 543 accepit,
768 476 902 527 viam
936 475 1118 529 Miseni
1155 481 1363 543 propter
1400 482 1451 529 et
1485 477 1655 531 villam
1693 478 1928 533 Caesaris
1966 480 2049 531 di-

223 568 448 633 ctatoriS,
486 583 615 635 quae
650 567 909 621 subiectos
947 568 1088 621 sinus
1117 568 1395 620 editissima
1429 575 1734 636 prospectat.
1806 572 2045 624 Accenso

220 673 352 727 rogo
381 658 589 711 libertus
614 659 723 711 eius
753 648 1094 728 cognomento
1119 659 1343 711 Mnester
1376 660 1486 726 ipse
1521 675 1579 713 se
1611 660 1749 713 ferro
1779 663 2044 730 transegit,

219 749 467 802 incertum
493 750 703 802 caritate
739 750 791 801 in
816 755 1080 817 patronam
1117 765 1182 803 an
1215 755 1350 802 metu
1375 751 1532 802 exitii.
1605 753 1750 804 Hunc
1784 754 1864 805 sui
1894 753 2083 807 finems

219 841 402 894 multos
461 846 577 894 ante
632 855 793 893 annos
852 841 1144 894 crediderat
1201 841 1484 910 Agrippina
1547 848 2040 913 contempseratque.

218 934 357 987 Nam*
382 932 664 986 consulenti
711 947 863 999 super
896 932 1101 985 Nerone
1146 933 1521 1000 responderunt
1556 933 1803 987 Chaldaei
1843 936 1955 988 fore
1992 942 2047 988 ut

217 1023 489 1091 imperaret
536 1029 846 1091 matremque
899 1023 1162 1077 occideret
1173 1041 1188 1088 3
1241 1028 1390 1091 atque
1440 1024 1526 1076 illa
1565 1019 1813 1077 ‘occidat‘
1866 1027 2043 1094 inquit,

210 1111 349 1167 ‘dum
388 1114 638 1182 imperet?

132 1210 202 1259 10
353 1205 453 1261 Sed
492 1221 522 1259 a
558 1206 778 1259 Caesare
826 1205 1056 1272 perfecto
1101 1204 1300 1258 demum
1338 1205 1539 1258 scelere
1586 1206 1884 1274 magnitudo
1931 1206 2042 1259 eius
2063 1224 2111 1261 ιο

214 1296 470 1350 intellecta
521 1301 613 1349 est.
706 1296 919 1363 Reliquo
959 1295 1125 1348 noctis
1176 1296 1328 1347 modo
1380 1311 1472 1363 per
1522 1296 1777 1348 silentium
1830 1296 2041 1361 defixus,

215 1388 419 1455 saepius
459 1402 650 1455 pavore
689 1402 944 1456 exurgens
986 1392 1036 1439 et
1073 1387 1254 1439 mentis
1287 1387 1452 1454 inopS,
1485 1386 1650 1440 lucem
1686 1387 2043 1453 opperiebatur

215 1485 466 1547 tamquam
501 1479 707 1532 exitium
742 1479 1036 1531 adlaturam.
1108 1480 1276 1547 Atque
1304 1491 1417 1531 eum
1455 1483 1665 1531 auctore
1686 1479 1848 1531 Burro
1883 1478 2043 1545 prima

217 1571 569 1625 centurionum
604 1571 1020 1637 tribunorumque
1053 1570 1278 1622 adulatio
1318 1570 1383 1622 ad
1425 1583 1567 1636 spem
1603 1570 1847 1635 firmavit,
1885 1585 2044 1636 pren-

215 1663 431 1715 santium
467 1677 668 1714 manum
703 1662 1108 1730 gratantiumque
1158 1661 1294 1728 quod
1334 1660 1610 1713 discrimen
1645 1660 1958 1727 inprovisum
1995 1666 2108 1716 etit

214 1753 387 1807 matris
446 1752 644 1805 facinus
702 1753 967 1806 evasisset.
1055 1752 1223 1804 Amici
1282 1752 1468 1805 dehinc
1522 1752 1667 1804 adire
1722 1751 1934 1818 templa,
1997 1756 2047 1803 et

216 1850 399 1912 coepto
450 1845 679 1912 exemplo
739 1845 970 1912 proxima
1027 1844 1331 1912 Campaniae
1386 1842 1659 1910 municipia
1715 1843 1935 1895 victimis
1996 1849 2047 1895 et

335 1999 378 2043 2.
413 1999 574 2041 cesaris
603 1996 684 2043 Ma.
774 1999 818 2043 4.
850 2000 939 2055 ipse
969 2013 1014 2041 se
1033 1998 1284 2042 Ernestius:
1316 1996 1383 2040 Ma
1414 1998 1518 2054 ipse.
1566 1997 1657 2054 ipse
1687 2000 1807 2054 ferro
1839 2011 1884 2039 se
1908 1995 1981 2038 BG
2002 2002 2046 2038 et

220 2054 508 2101 oxonienses.
603 2060 643 2101 7.
679 2057 850 2100 chaldei
878 2054 959 2101 Ma.
1037 2054 1104 2102 10.
1140 2072 1289 2101 cesare
1320 2054 1400 2099 Ma·
1499 2058 1567 2101 12.
1601 2071 1811 2112 exurqens
1843 2055 1924 2108 Ma,
1957 2068 2044 2097 non

218 2131 307 2159 exs.
407 2118 475 2160 13.
509 2124 623 2173 tanq.
657 2116 737 2160 Ma.
828 2116 903 2160 all.
938 2117 1011 2160 Or.
1108 2119 1176 2161 14.
1207 2116 1507 2173 prensantium
1536 2114 1789 2161 Ernestius:
1824 2113 1892 2158 Ma
1917 2129 2046 2171 pres-

215 2176 401 2219 santium
442 2182 486 2219 et
524 2177 589 2218 sic
619 2176 756 2230 BCR,
799 2177 1157 2234 prehensantium
1200 2177 1233 2219 G
1274 2182 1318 2219 et
1349 2175 1640 2218 Oxonienses.
1770 2176 1838 2218 15.
1873 2188 2047 2217 manum

217 2234 335 2290 Gna,
365 2244 498 2278 manu
525 2232 653 2279 AGR.
750 2236 817 2278 17.
852 2239 970 2293 cepto
1003 2234 1085 2280 Ma.

213 2385 409 2436 generat,
430 2377 610 2420 Iturium
629 2384 669 2420 et
691 2377 924 2420 Cabvisium
942 2388 1086 2434 poena

215 2436 395 2482 exolvit:
443 2451 546 2479 nam
597 2436 756 2479 Silana
796 2440 889 2493 fato
931 2440 1086 2493 functa

216 2504 335 2553 erat,
379 2491 422 2539 h.
468 2510 509 2539 e.
549 2509 648 2538 nam
699 2496 890 2540 Silanum
942 2509 1086 2551 poena

216 2555 432 2600 liberandi
489 2557 665 2598 occasio
706 2567 794 2596 non
837 2555 948 2609 fuit,
993 2556 1084 2600 fato

213 2616 422 2660 functam.
444 2613 478 2657 F
481 2616 601 2656 aerni
625 2616 879 2657 coniectura
894 2621 938 2656 et
951 2614 1086 2658 Gros..

215 2669 314 2718 lotii
344 2675 434 2717 iam
463 2686 540 2728 pro
567 2687 670 2716 nam
690 2674 1085 2716 commendantium

215 2746 304 2777 non
348 2739 414 2776 est
457 2745 583 2788 opus.
647 2733 702 2775 In
742 2740 922 2776 mortem
969 2733 1084 2776 idem

216 2798 284 2836 est
313 2798 443 2849 atque
473 2799 520 2834 ut
549 2806 663 2835 mors
694 2795 1038 2847 consequeretur.

308 2851 412 2906 Cap.
459 2851 502 2894 9.
562 2857 660 2892 sunt
695 2852 766 2906 qui
797 2851 1083 2893 tradiderint}

215 2912 358 2954 secuti
391 2909 470 2951 hos
502 2915 604 2951 sunt
634 2911 749 2952 iusto
795 2909 1084 2953 confidentius

217 2966 451 3013 Suetonius
493 2968 594 3011 Ner.
636 2970 721 3022 34,
770 2969 856 3012 Dio
909 2967 1084 3011 Cassius

217 3027 332 3084 apud
363 3027 528 3083 xiphil.
561 3027 653 3071 LXI
687 3030 769 3082 14,
803 3030 933 3071 etiam
965 3028 1084 3071 Boe-

217 3087 334 3129 thius
357 3085 583 3130 Consolat.
615 3085 655 3130 11
686 3100 816 3130 carm.
849 3089 899 3132 6:
933 3099 1086 3144 corpus

219 3152 259 3187 et
288 3146 382 3187 visu
436 3145 592 3189 otidum
617 3158 856 3203 pererrans
888 3160 969 3189 ora
998 3161 1087 3189 nort

219 3204 345 3246 tinxit
416 3204 615 3258 aen-imis,
665 3206 739 3247 aad
797 3219 886 3249 esse
935 3216 1087 3248 censor

219 3263 395 3303 extincti
421 3263 558 3317 potuit
588 3264 769 3307 decoris.

306 3320 514 3363 subiectos
549 3322 667 3363 sinus
705 3322 937 3364 editissima
977 3333 1086 3378 pro-

217 3386 406 3436 spectat.-
450 3379 566 3422 conf.
604 3380 800 3423 Senecae
832 3380 970 3434 Epist.
1005 3381 1086 3422 512

221 3439 270 3482 C.
326 3438 495 3480 Marius
548 3445 587 3481 et
643 3439 723 3484 Cn.
778 3439 999 3495 Pompeius
1050 3447 1088 3481 et

224 3499 390 3540 Caesar
432 3504 714 3540 exemerunt
753 3499 918 3554 quidem
962 3498 1088 3540 villas

219 3558 268 3601 in
305 3557 479 3613 regione
519 3557 719 3612 Baiana,
763 3558 838 3601 sed
875 3557 975 3600 itta,
1004 3558 1088 3599 im-

219 3622 461 3676 posuerunt,
493 3616 664 3662 nammis
712 3616 822 3674 inagis
870 3615 1086 3663 montium.

1179 2377 1410 2421 Videbatur
1446 2377 1527 2419 hoc
1557 2378 1695 2432 mayis
1734 2377 1948 2430 militare,
1994 2391 2048 2419 ecc

1170 2437 1282 2480 edito
1324 2436 1542 2493 speculari
1584 2436 1672 2477 late
1709 2435 1913 2492 lonqeque
1944 2435 2046 2477 sub-

1169 2497 1295 2538 iecta.
1370 2496 1554 2552 Adspice
1611 2508 1737 2550 quam
1792 2495 2047 2551 positionem

1169 2555 1402 2612 elapso-int,
1437 2555 1583 2610 quibus
1626 2555 1827 2608 aedificia
1874 2555 2043 2596 excita-

1170 2616 1311 2656 verint
1342 2614 1471 2668 locis,
1511 2621 1551 2656 et
1593 2613 1764 2668 qualia.-
1805 2614 1915 2655 scies
1956 2627 2045 2654 non

1168 2674 1297 2717 villas
1329 2688 1418 2716 esse
1449 2674 1525 2716 sed
1546 2680 1708 2716 castra.
1805 2672 2018 2715 Chaldaei

1172 2733 1229 2777 ef.
1263 2739 1413 2776 annot.
1447 2733 1500 2775 ad
1536 2731 1592 2774 VI
1623 2734 1694 2775 22.

1260 2791 1365 2846 Cap.
1397 2794 1464 2836 10.
1508 2790 1808 2847 prensantium
1837 2804 2035 2833 manum.-

1170 2851 1355 2893 medicei
1385 2851 1674 2907 prensantium
1717 2863 1771 2891 ex
1802 2859 1937 2904 prava
1968 2863 2043 2891 as-

1169 2910 1438 2953 similatione
1462 2914 1764 2965 procreatum:
1797 2922 1895 2953 nam
1915 2923 2043 2965 pres-

1168 2979 1270 3011 sare
1321 2979 1495 3012 manum
1547 2969 1734 3011 alicuius
1791 2974 1859 3011 est
1910 2982 2044 3022 saepe

1170 3041 1371 3083 premere
1402 3029 1476 3071 vel
1513 3028 1816 3082 comprimere,
1849 3027 1965 3083 quod
1990 3026 2043 3068 de

1170 3087 1343 3130 medico
1376 3088 1463 3130 dici
1498 3093 1659 3141 potest,
1692 3096 1780 3126 non
1813 3086 1867 3127 de
1892 3098 1944 3127 eo
1969 3086 2042 3140 qui

1170 3147 1329 3189 amoris
1380 3147 1584 3188 affectum
1644 3150 1897 3186 ostensurus
1961 3149 2041 3184 est.

1172 3203 1299 3245 Conf.
1344 3203 1492 3246 Horat.
1526 3204 1614 3245 Sat.
1651 3202 1669 3243 Ι
1701 3203 1728 3245 9
1760 3202 1841 3245 64:
1885 3201 2043 3243 vellere

1172 3263 1293 3318 coepi
1325 3269 1363 3304 et
1390 3275 1601 3318 prensare
1645 3274 1777 3303 manu
1809 3261 2043 3302 lentissima

1172 3321 1367 3362 brachia.
1498 3321 1630 3362 amici
1682 3319 1866 3361 dehinc.-
1924 3320 2039 3359 conf.

1172 3379 1254 3421 Dio
1287 3379 1378 3420 LXI
1415 3382 1483 3422 14.
1548 3378 1730 3430 Quintil.
1768 3377 1864 3419 VlIl
1899 3379 1924 3420 5
1962 3379 2039 3420 15:

1169 3439 1397 3494 insiqniter
1427 3438 1665 3492 Africanus
1697 3437 1812 3493 apud
1830 3437 2042 3479 Neronem

1174 3499 1225 3539 de
1253 3504 1386 3538 morte
1417 3499 1567 3538 matris
1588 3498 1762 3552 ‘royant
1788 3503 1841 3548 te,
1860 3496 2039 3547 Caesar,

1176 3556 1346 3599 Galliae
1387 3563 1511 3609 tuae,
1550 3563 1595 3598 ut
1634 3556 1884 3612 felicitatem
1927 3561 2042 3599 tuam

1173 3615 1345 3672 fortiter
1378 3613 1527 3673 feras?
