2280 4004
292 280 355 330 βο
914 281 916 283 ’
1063 274 1361 327 ΑΝΝΑιινΜ
1863 299 1904 332 a.
1930 275 1981 332 ὶιζ
2012 273 2121 332 ren

291 429 520 496 separari
556 425 866 494 nequirent,
902 426 995 478 sed
1032 431 1088 479 ut
1123 443 1215 480 sua
1256 419 1596 482 confessione
1623 424 1935 498 argueretur-⁶
1962 421 2117 486 unum

289 522 406 574 esse
444 521 540 573 'rei
607 520 840 587 publicae
911 533 1095 585 corpus
1161 525 1310 586 atque
1374 520 1524 572 unius
1590 521 1759 574 animo
1816 519 2115 592 regendum.

286 612 502 665 Addidit
536 611 737 663 laudem
779 611 843 662 de
880 609 1143 678 Augusto,
1191 611 1546 679 Tiberiumque
1590 613 1752 681 ipsum
1788 607 2119 669 victoriarum

288 718 511 770 suarum,
554 717 783 770 quaeque
818 701 871 751 in
908 699 1160 774 toga'per
1194 707 1269 753 tot
1303 718 1463 756 annos
1499 705 1711 773 egregie
1748 705 1983 773 fecisset,
2024 706 2122 776 ad-

250 794 498 847 smonui't.
571 794 679 846 Nec
714 793 833 845 ideo
870 794 997 844 iram
1025 793 1133 844 eius
1157 792 1349 859 lenivit,
1388 794 1585 860 pridem
1620 796 1832 864 invisus,
1867 802 2119 865 tamquam

290 888 441 940 ducta
490 888 544 938 in
581 887 965 939 matrimonium
1012 886 1255 952 Vipsania
1300 887 1460 939 Marci
1496 887 1757 955 Agrippae
1804 889 1964 955 filia‚·
1990 904 2121 956 quae

289 977 554 1046 quondam*
591 978 778 1030 Tiberii
835 992 967 1031 uxor
1030 976 1222 1043 fuerat,
1296 976 1408 1043 plus
1466 992 1613 1044 quam
1679 979 1849 1032 civilia
1888 980 2122 1048 agitaret

286 1071 629 1157 Pollionisque
664 1070 832 1122 Asinii
869 1070 1024 1136 patris
1069 1069 1316 1121 ferociam
1364 1070 1623 1123 retineret.
1696 1071 1813 1123 Post
1851 1087 1981 1139 quae
2018 1073 2123 1126 Lu-
2138 1065 2207 1136 13

290 1164 398 1216 cius
421 1163 695 1216 Arruntius
721 1154 855 1214 haud
885 1149 1091 1213 multum
1120 1161 1416 1228 discrepans
1443 1178 1471 1214 a
1492 1162 1620 1214 Galli
1657 1163 1890 1216 oratione
1907 1164 2123 1231 perinde

224 1264 274 1303 ιο
289 1253 517 1320 offendit,
559 1268 858 1321 quamquam
888 1252 1090 1304 Tiberio
1130 1252 1264 1303 nulla
1302 1258 1446 1305 vetus
1483 1253 1535 1303 in
1553 1253 1848 1306 Arruntium
1882 1254 1988 1307 irat
2028 1254 2123 1308 sed

287 1347 494 1399 divitem
540 1350 851 1413 promptum,
919 1344 1110 1396 artibus
1167 1345 1392 1412 egregiis
1447 1349 1497 1397 et
1547 1346 1658 1412 pari
1717 1346 1851 1399 fama
1901 1346 2120 1415 publice,

285 1438 627 1506 suspectabat.
703 1437 898 1503 Quippe
920 1437 1180 1504 Augustus
1218 1436 1466 1502 supremis
1503 1437 1825 1489 sermonibus
1865 1453 1979 1490 cum
2012 1440 2124 1490 tra—

287 1535 478 1596 ctaret,
527 1529 730 1596 quinam
772 1528 986 1594 adipisci
1021 1527 1300 1594 principem
1337 1526 1506 1579 locum
1545 1528 1806 1600 suffecturi
1841 1529 2123 1582 abnuerent

286 1626 374 1673 aut
406 1616 627 1687 impares
662 1619 852 1671 vellent
889 1618 972 1670 vel
1010 1618 1165 1670 iidem
1214 1623 1426 1685 possent
1476 1602 1846 1687 cuperentque,
1896 1616 2121 1674 Marcum

221 1710 529 1779 ²⁵Lepidum
568 1712 766 1764 dixerat
803 1725 1042 1778 capacem
1086 1709 1178 1761 sed
1214 1715 1597 1777 aspernantem,
1655 1710 1850 1763 Gallum
1887 1712 2120 1765 Asinium

285 1803 487 1856 avidum
529 1807 578 1855 et
613 1803 888 1867 minorem,
940 1801 1147 1852 Lucium
1183 1799 1479 1852 Arruntium
1518 1816 1622 1853 non
1655 1801 1919 1870 indignum
1961 1806 2040 1868 et,
2076 1802 2121 1855 si

286 1910 435 1948 casus
462 1895 686 1959 daretur,
713 1908 965 1946 ausurum.
1021 1892 1097 1944 De
1119 1892 1375 1959 prioribus
1402 1893 1732 1959 consentitur,
1755 1908 1849 1960 pro
1876 1894 2121 1946 Arruntio

199 1999 203 2002 ·
285 1988 489 2055 quidam
509 1987 733 2039 Gnaeum
759 1986 994 2037 Pisonem
1020 1984 1311 2048 tradidere3
1348 1999 1625 2051 omnesque
1651 1990 1856 2052 praeter
1878 1986 2122 2053 Lepidum

284 2079 447 2130 variis
514 2092 634 2130 mox
696 2076 989 2128 criminibus
1055 2080 1282 2127 struente
1340 2075 1553 2143 Tiberio¹
1603 2076 1933 2138 circumventi
1987 2081 2120 2129 sunt.

218 2170 449 2225 20Etiam
499 2169 712 2232 Quintus
775 2168 1010 2220 Haterius
1090 2173 1139 2219 et
1188 2168 1471 2220 Mamercus
1528 2167 1752 2234 Scaurusv
1804 2168 2122 2235 suspicacem

285 2244 504 2313 animum
539 2260 903 2327 perstrinxere,
933 2259 1168 2311 Haterius
1209 2273 1321 2309 cum
1349 2258 1861 2325 dixisset‘quousque
1894 2259 2120 2326 patieriS,

171 1563 206 1606 sl

406 2403 444 2444 1.
477 2399 552 2443 sed
584 2408 624 2442 et
654 2400 718 2442 M:
753 2400 946 2442 correxit
975 2399 1165 2454 Lipsius.
1228 2398 1270 2441 6.
1303 2398 1523 2455 uipstania
1540 2397 1605 2439 M:
1640 2398 1831 2440 correxit
1861 2397 2118 2442 Beroaldus.

282 2461 347 2505 M.
379 2462 435 2504 M.
498 2459 541 2502 8.
570 2459 838 2516 polionisque
869 2460 924 2502 M.
1000 2460 1051 2501 L.
1085 2459 1140 2502 M.
1218 2457 1395 2501 onnam
1425 2458 1480 2500 M.
1546 2458 1615 2500 10.
1650 2470 1903 2512 quamquam
1933 2457 2120 2501 Beroal-

283 2520 391 2563 dus':
422 2520 622 2575 Mquam.
691 2521 759 2564 14.
791 2521 968 2577 inpares
999 2519 1055 2563 Μ.
1116 2517 1227 2561 idem
1243 2517 1298 2560 Μ.
1364 2517 1426 2560 M.
1445 2517 1500 2560 M.
1538 2515 1608 2560 14.
1642 2516 1694 2560 1..
1719 2518 1774 2560 M.
1854 2517 1923 2561 18.
1959 2517 2119 2562 CN.M.

282 2582 354 2625 20.
382 2580 432 2633 Q.
456 2580 511 2623 M.

342 2724 624 2767 victoriarum
664 2736 841 2766 suarum
884 2736 1073 2779 quaeque
1115 2723 1162 2764 in
1245 2721 1439 2763 Arruntii
1493 2726 1607 2763 artes
1656 2720 1865 2790 egregiae
1914 2717 2119 2761 facundia

284 2791 385 2841 toqa
407 2810 463 2818 --
493 2784 661 2840 e9re9ie
693 2783 878 2838 fecisset,
912 2783 1159 2824 admonuit.-
1246 2781 1330 2823 fuit
1364 2788 1406 2823 et
1438 2781 1545 2823 iuris
1565 2781 1765 2823 scientia.
1830 2777 1956 2820 Conf.
1984 2776 2118 2820 v17:

286 2844 520 2887 ostendere
555 2843 855 2885 admonitione
897 2855 976 2884 sua
1018 2841 1161 2884 voluit
1246 2842 1317 2895 qui
1365 2840 1540 2898 (Cotta)
1595 2838 1874 2882 sanctissimis
1914 2836 2121 2880 Arruntii

283 2903 501 2945 Tiberium
527 2902 725 2944 omnibus
752 2901 1035 2955 reipublicae
1057 2914 1160 2955 par·
1246 2901 1409 2942 artibus
1441 2926 1498 2932 —-
1530 2899 1810 2954 aequabatur.
1852 2895 1910 2939 XI
1939 2896 1994 2939 6:
2025 2909 2118 2938 me-

284 2963 403 3004 tibus
436 2974 522 3003 non
568 2963 709 3002 minus
753 2973 881 3015 quam
914 2961 1158 3016 Augustum
1243 2961 1538 3001 minissent—
1555 2958 1758 3001 Arruntii
1790 2963 1830 2999 et
1857 2955 2117 2999 Aesernini:

283 3035 435 3091 parem
470 3034 583 3063 esse.
707 3019 991 3074 Pollionisque
1017 3018 1162 3060 Asinii
1245 3019 1303 3059 ad
1332 3032 1495 3059 summa
1511 3025 1735 3074 provectos
1756 3018 2011 3072 incorrupta
2029 3015 2120 3056 vita

279 3082 421 3139 patris
452 3080 689 3136 ferociam:
723 3091 765 3120 v.
795 3078 994 3120 Velleius
1018 3076 1157 3120 1186:
1245 3084 1285 3118 et
1315 3077 1540 3131 facundia.
1681 3089 1905 3129 omnesque
1936 3098 1993 3106 —-
2025 3074 2118 3115 cir-

282 3148 466 3198 roqante
491 3140 681 3182 Caesare
703 3145 750 3180 ut
769 3152 909 3179 secum
929 3137 987 3179 ad
1010 3136 1161 3179 bellum
1246 3137 1455 3177 cumventi
1491 3142 1618 3176 sunt.-
1673 3133 1727 3176 de
1767 3132 1846 3175 Cn.
1880 3132 2040 3174 Pisone
2071 3144 2115 3174 v.

277 3201 628 3258 proficisceretur
657 3197 898 3250 Actiacum,
927 3197 1054 3239 ‘’mea
1084 3197 1158 3237 in-
1242 3194 1298 3236 Ill
1326 3195 1392 3246 15,
1426 3194 1479 3236 de
1499 3193 1622 3236 Gallo
1645 3193 1702 3235 Vl
1728 3194 1800 3247 23,
1833 3191 1888 3234 de
1907 3191 2116 3234 Arruntio

284 3262 374 3318 quit
416 3259 477 3301 ‘in
517 3258 754 3302 Antonium
793 3258 964 3298 maiora
1004 3256 1160 3297 merita
1246 3253 1304 3296 Vl
1335 3254 1407 3297 48.

284 3327 395 3372 sunt,
428 3318 544 3360 illius
575 3318 622 3359 in
643 3331 708 3358 me
732 3317 937 3371 beneficia
958 3317 1160 3368 notior-,w
1330 3316 1547 3368 fessusque
1594 3313 1782 3354 clamore
1832 3311 2018 3353 omnium
2061 3333 2117 3342 -

283 3380 426 3432 itaque
461 3377 699 3419 discrimini
719 3383 857 3420 vestro
889 3391 953 3418 me
984 3375 1101 3418 subto
1104 3389 1158 3416 a-
1244 3374 1396 3429 royari
1428 3372 1662 3414 desineret.-
1697 3371 1897 3413 adulator
1919 3368 2116 3411 Velleius

284 3437 385 3478 ham
407 3444 444 3478 et
470 3451 541 3477 ero
562 3437 731 3492 praeda
754 3435 958 3478 victoris?
991 3436 1160 3479 Seneca
1242 3431 1280 3473 11
1308 3434 1393 3476 124
1416 3431 1469 3474 de
1492 3431 1560 3473 his
1582 3433 1646 3473 sic
1678 3430 1834 3472 tradit:
1864 3441 1955 3470 una
1974 3434 2116 3469 tamen

286 3494 340 3537 de
372 3494 440 3536 Ira
470 3495 528 3535 111
558 3497 629 3537 23.
1242 3491 1547 3534 velutluctatio
1565 3491 1748 3532 civitatis
1763 3489 1859 3544 suit,
1882 3487 2116 3544 pugnantis

378 3553 482 3607 Cap.
534 3554 601 3595 13.
697 3555 867 3596 divitem
902 3559 1157 3610 promptum,
1245 3565 1339 3593 eum
1363 3551 1553 3593 Caesare
1584 3555 1755 3591 senatus
1769 3544 1997 3603 populique
2021 3545 2115 3587 Ro-

286 3613 450 3655 artibus
470 3612 653 3667 egregiis
671 3620 709 3653 et
721 3614 824 3667 pari
839 3615 959 3666 fama
970 3611 1157 3667 publice.-
1242 3611 1375 3662 mani,
1407 3617 1454 3651 ut
1475 3608 1652 3651 stationi
1676 3611 1888 3663 paternae
1910 3604 2114 3646 suecede-

289 3671 344 3715 de
385 3671 726 3728 interpungendi
771 3671 899 3712 modo
943 3670 996 3711 ad
1028 3670 1084 3712 XI
1115 3669 1157 3712 6.
1242 3676 1323 3722 ret,
1356 3667 1472 3710 illius
1501 3674 1548 3710 ut
1577 3666 1714 3723 potius
1739 3663 1960 3721 aequalem
1983 3664 2116 3707 civem
