2280 4004
831 286 995 328 LIBER
1025 286 1120 330 XV.
1184 284 1290 328 CAP.
1325 285 1514 331 62—64.
1998 288 2084 330 301

263 302 290 332 a
320 287 369 332 Ο.
401 289 474 332 65.

265 433 444 485 dolore
481 447 573 485 suo
616 431 832 484 animum
869 432 1044 484 uxoris
1078 433 1382 499 infringeret
1419 436 1568 497 atque
1596 430 1706 497 ipse
1730 429 1947 481 visendo
1978 430 2086 481 eius

263 529 510 576 tormenta
553 524 617 575 ad
658 524 1015 589 impatientiam
1055 523 1404 588 delaberetur,
1459 522 1638 574 suadet
1673 522 1724 571 in
1763 521 1896 572 aliud
1941 521 2088 571 cubi-

265 616 428 667 culum
464 615 762 667 abscedere.
821 615 883 667 Et
916 615 1196 666 novissimo
1232 630 1431 680 quoque
1455 618 1707 665 momento
1739 612 2088 679 suppeditante

263 707 582 773 eloquentia,
633 707 896 758 advocatis
936 706 1269 773 scriptoribus
1311 706 1554 772 pleraque
1590 705 1830 768 tradidit,
1872 719 2000 769 quae
2036 703 2088 753 in

177 797 441 865 64vulgus
484 797 618 849 edita
655 798 764 848 eius
801 798 972 849 verbis
1014 798 1271 849 invertere
1309 796 1637 862 supersedeo.
1693 795 1760 846 At
1781 795 1916 845 Nero
1949 793 2122 845 nullos

258 889 311 939 in
333 889 587 940 Paulinam
623 889 828 955 proprio
855 890 1005 954 odic,
1049 906 1108 940 ac
1149 905 1212 940 ne
1250 889 1494 956 glisceret
1530 887 1719 939 invidia
1755 887 2084 951 crudelitatiS,

258 979 491 1032 inhibere
527 985 756 1031 mortem.
818 981 1144 1031 Hortantibus
1184 980 1424 1031 militibus
1464 978 1602 1030 servi
1643 978 1912 1044 libertique
1951 978 2087 1028 obli-

259 1076 384 1139 gant
417 1072 643 1135 brachia,
684 1076 912 1137 premunt
949 1071 1264 1138 sanguinem,
1304 1071 1551 1121 incertum
1587 1085 1649 1120 an
1675 1070 1902 1137 ignarae.
1962 1069 2086 1120 Nam

258 1167 314 1213 ut
348 1167 426 1214 est
459 1162 641 1229 vulgus
680 1162 742 1212 ad
784 1162 1039 1212 deteriora
1079 1166 1388 1227 promptum,
1447 1175 1551 1211 non
1601 1160 1811 1211 defuere
1849 1160 1931 1225 qui
1970 1175 2086 1211 cre-

261 1253 454 1318 derent,
500 1253 664 1303 donec
701 1252 1052 1318 inplacabilem
1075 1253 1328 1302 Neronem
1365 1251 1602 1315 timuerit,
1640 1251 1822 1302 famam
1859 1251 2085 1301 sociatae
2104 1260 2149 1293 ¹⁰

259 1359 371 1395 cum
410 1343 592 1394 marito
630 1343 804 1394 mortis
841 1342 1101 1408 petivisse,
1144 1342 1329 1393 deinde
1369 1341 1538 1392 oblata
1576 1341 1776 1391 mitiore
1816 1355 1906 1406 spe
1938 1340 2087 1390 blan-

258 1434 493 1486 dimentis
543 1434 678 1486 vitae
730 1434 976 1496 evictam3
1039 1433 1118 1483 cui
1185 1432 1380 1483 addidit
1427 1446 1618 1498 paucos
1665 1436 1843 1497 postea
1905 1445 2083 1494 annOS‚

254 1507 495 1576 laudabili
531 1525 583 1575 in
625 1525 855 1575 maritum
894 1524 1163 1587 memoria,
1222 1529 1272 1574 et
1321 1538 1412 1574 ore
1461 1539 1522 1574 ac
1574 1522 1813 1573 membris
1871 1521 1923 1570 in
1974 1536 2086 1572 eum

253 1616 498 1683 pallorem
533 1616 847 1680 albentibus,
909 1619 963 1665 ut
1001 1614 1220 1665 ostentui
1259 1619 1396 1665 esset
1434 1613 1637 1664 multum
1673 1612 1840 1663 vitalis
1879 1612 2085 1677 spiritus

256 1712 500 1774 egestum.
575 1707 770 1759 Seneca
811 1706 1030 1770 interim,
1073 1706 1285 1758 durante
1322 1710 1489 1755 tractu
1531 1709 1580 1756 et
1612 1703 1910 1755 lentitudine
1945 1718 2149 1759 mor-15

253 1798 348 1863 tis,
400 1797 609 1851 Statium
646 1796 941 1862 Annaeum,
999 1796 1085 1846 diu
1125 1796 1221 1847 sibi
1263 1794 1515 1846 amicitiae
1553 1794 1652 1845 fide
1698 1798 1747 1845 et
1780 1799 1886 1845 arte
1921 1793 2087 1844 medi-

256 1885 403 1940 cinae
439 1888 732 1955 probatum,
787 1892 927 1952 orat,
978 1886 1237 1952 provisum
1273 1886 1468 1951 pridem
1501 1899 1780 1949 venenum,
1839 1899 1936 1950 quo
1983 1883 2078 1935 da-

253 1980 408 2031 mnati
443 1979 646 2046 publico
674 1978 1061 2030 Atheniensium
1099 1978 1288 2028 iudicio
1326 1978 1757 2044 extinguerentur,
1800 1980 2086 2041 promeret3

254 2071 572 2137 adlatumque
613 2070 779 2121 hausit
816 2069 1034 2134 frustra,
1090 2069 1308 2135 frigidus
1347 2069 1446 2119 iam
1484 2073 1649 2132 artus,
1689 2073 1738 2118 et
1778 2067 1916 2117 cluso
1964 2082 2087 2117 cor-

253 2177 376 2227 pore
405 2161 675 2213 adversum
711 2161 813 2211 vim
853 2160 1053 2212 veneni.
1128 2160 1387 2210 Postremo
1424 2163 1656 2226 stagnum
1689 2158 1885 2209 calidae
1921 2172 2081 2223 aquae
2101 2178 2151 2213 20

251 2253 474 2316 introiit,
515 2267 823 2318 respergens
861 2251 1121 2317 proximos
1159 2265 1454 2314 servorum,
1496 2249 1666 2301 addita
1707 2264 1864 2313 voce,
1920 2248 2081 2299 libare

252 2358 309 2395 se
355 2343 602 2409 liquorem
650 2342 788 2393 illum
842 2342 949 2393 lovi
1004 2342 1283 2393 liberatori.
1355 2341 1486 2392 Exin
1532 2340 1717 2392 balneo
1768 2339 1976 2405 inlatus,
2037 2343 2087 2390 et

369 2515 412 2557 2.
446 2515 536 2571 inp.
569 2513 647 2556 Ma.
770 2515 811 2557 5.
839 2514 1083 2571 supersideo
1117 2512 1197 2556 Ma.
1293 2514 1333 2556 7.
1371 2513 1563 2555 inhibere
1596 2513 1856 2555 Rhenanus:
1889 2510 1955 2553 Ma
1987 2525 2083 2553 cum

253 2574 411 2616 ceteris
442 2574 646 2616 inhiberi.
693 2572 966 2616 Oxonienses
1000 2580 1043 2616 et
1075 2573 1109 2615 G
1140 2573 1328 2614 inhiberi
1358 2580 1534 2614 mortem
1565 2574 1762 2629 imperat.
1853 2571 1896 2613 8.
1933 2571 2085 2626 y-vmunt

252 2632 332 2676 Ma.
442 2633 484 2676 9.
513 2634 732 2689 promptus
763 2631 842 2674 Ma.
941 2634 1009 2676 10.
1041 2636 1162 2688 fama
1193 2633 1437 2673 societatem
1470 2631 1558 2685 Ma,
1593 2634 1756 2686 famam
1787 2631 1989 2672 societate
2022 2629 2081 2671 G:

254 2691 528 2734 emendatum
561 2694 604 2734 in
629 2692 697 2734 ed.
731 2691 974 2734 Puteolani.
1068 2693 1134 2734 15.
1169 2691 1420 2733 lentitudine
1452 2691 1519 2733 Ma
1551 2705 1646 2733 cum
1678 2691 1929 2745 plerisque:
1968 2689 2084 2730 leni-

252 2751 397 2793 tudine
428 2752 478 2794 R.
634 2751 700 2795 16.
747 2765 933 2793 anneum
975 2749 1056 2794 Ma.
1210 2751 1277 2793 17.
1331 2751 1384 2805 qd
1414 2751 1478 2807 (h.
1514 2766 1552 2793 e.
1579 2751 1713 2806 quod)
1747 2751 1840 2790 anti
1872 2748 1960 2790 Ma.-
2004 2761 2082 2802 quo

253 2810 447 2852 damnali
475 2809 522 2853 G.
603 2810 678 2853 19-
702 2811 887 2866 frigidus
918 2812 1007 2852 iam
1041 2817 1160 2852 artus
1191 2808 1306 2861 GMa,
1338 2810 1512 2865 frigidis
1540 2811 1629 2851 iam
1659 2809 1833 2850 arcubus
1850 2808 1902 2849 A.
1967 2807 2082 2849 cluso

251 2869 333 2923 Ma,
366 2869 514 2911 clauso
549 2868 596 2912 G.
687 2871 758 2913 22.
793 2871 904 2911 emim
936 2868 1014 2911 Ma.

252 3003 355 3046 hinc
385 3003 519 3045 Taciti
550 3005 765 3047 rationem
808 3011 852 3047 et
884 3011 1124 3047 consuetu-

252 3063 397 3105 dinem
422 3065 467 3104 in
487 3063 633 3105 verbis
659 3064 842 3106 aliorum
862 3064 1121 3107 referendis.

251 3122 356 3164 Nam
390 3124 592 3178 quotiens
612 3136 699 3164 non
724 3123 918 3165 disertim
941 3127 1122 3176 monuit,

252 3194 301 3223 se
332 3182 427 3235 ipsa
460 3182 648 3224 alicuius
669 3183 804 3224 verba
830 3183 1012 3236 referre,
1046 3197 1123 3224 sua

252 3241 422 3294 posuit,
455 3254 544 3282 non
576 3241 736 3284 aliena.

342 3297 447 3354 Cap.
470 3299 542 3342 64.
595 3301 790 3342 inhibere
821 3308 1027 3343 mortem:
1052 3301 1123 3340 in-

253 3356 444 3399 finitivus
466 3357 701 3401 historicus
733 3373 863 3412 nunc,
897 3366 944 3399 ut
974 3372 1123 3412 saepe,

251 3429 412 3458 novum
448 3423 491 3459 et
532 3419 857 3472 inexpectatum
901 3418 1123 3460 describit.

254 3476 418 3518 Vitium
452 3476 639 3518 inhiberi
686 3479 729 3518 in
770 3478 834 3519 Ma
868 3483 911 3518 et
943 3476 1044 3518 inde
1080 3478 1121 3517 in

251 3535 388 3592 vulgo
438 3534 643 3577 librorum
687 3535 954 3577 assimilandi
1000 3535 1123 3590 lapsu

251 3601 400 3636 natum
435 3600 515 3637 cst.
562 3595 606 3638 Si
640 3594 741 3650 quid
775 3594 1014 3636 addendum
1050 3607 1123 3635 es-

253 3660 334 3709 set,
365 3654 540 3697 mallem
559 3667 655 3697 cum
672 3660 875 3711 quattuor
899 3653 1122 3696 codicibus

1209 3004 1403 3047 scribere
1429 3012 1605 3046 mortem
1630 3004 1812 3059 imperat
1835 3016 1960 3058 quam
1986 3016 2080 3044 cum

1211 3064 1375 3107 Orellio
1409 3064 1522 3104 iubet
1552 3063 1766 3104 inhiberi:
1814 3075 1910 3103 nam
1957 3062 2079 3102 verbi

1208 3126 1390 3179 imperat
1436 3123 1553 3175 prior
1610 3134 1707 3175 pars
1761 3127 1858 3175 post
1906 3128 2082 3161 mortem

1210 3184 1391 3223 interire
1433 3194 1518 3221 non
1561 3182 1702 3220 minus
1748 3180 1881 3221 facile
1924 3181 2080 3232 potuit,

1210 3255 1334 3296 quam
1368 3240 1479 3281 duae
1512 3239 1684 3280 litterae
1715 3239 1826 3279 iubet
1866 3244 1966 3279 ante
2007 3238 2081 3278 in-

1210 3300 1360 3341 hiberi.
1425 3298 1508 3339 Sed
1546 3299 1682 3339 tutius
1721 3311 1836 3338 nunc
1876 3303 1942 3338 est
1984 3310 2080 3337 cum

1210 3359 1421 3400 Rhenano
1445 3356 1681 3398 litterulam
1707 3358 1932 3398 immutare
1953 3368 2080 3410 quam

1209 3417 1390 3459 verbum
1422 3417 1719 3471 interponere.

1297 3475 1433 3516 libare
1486 3489 1529 3516 se
1576 3475 1781 3529 liquorem
1827 3474 1945 3515 illum
1988 3473 2082 3516 Iovi

1208 3535 1455 3576 liberatori:
1494 3535 1572 3575 ‘ita
1603 3533 1812 3575 Thraseas
1847 3534 2079 3574 moriturus

1212 3594 1264 3636 16
1298 3594 1354 3636 35
1396 3593 1592 3646 libemus,
1635 3594 1800 3647 inquit,
1846 3593 1937 3634 Iovi
1968 3592 2079 3634 libe-

1206 3653 1360 3695 ratori.
1417 3650 1580 3695 Caussa
1611 3654 1717 3696 viris
1749 3653 1919 3709 magnis
1948 3651 2078 3694 huius
