2280 4004
124 1639 194 1686 32

207 304 424 356 rto-63.

786 306 951 349 LIBER
982 306 1074 350 XV.
1139 305 1246 350 CAP.
1281 307 1469 352 29—32.

1946 305 2036 348 26⁴7

209 447 512 512 adverterat,
548 452 603 498 ut
634 447 774 499 initia
808 448 1095 514 vigiliarum
1133 462 1224 513 per
1259 447 1602 499 centurionem
1631 448 1867 514 nuntiari,
1911 462 2039 500 con-

206 537 395 596 vivium
431 538 614 591 bucina
652 539 829 589 dimitti
865 544 915 590 et
949 543 1190 591 structam
1228 544 1344 590 ante
1381 538 1623 607 augurale
1661 554 1798 590 aram
1835 538 2037 591 subdita

209 629 323 687 face
382 629 625 694 accendi,
678 635 858 681 cuncta
904 631 955 682 in
1003 629 1162 681 maius
1215 629 1448 681 attollens
1499 629 1832 680 admiratione
1882 629 2038 696 prisci

207 719 364 772 moris
399 720 601 773 adfecit.
659 721 868 773 Postero
911 721 994 772 die
1033 720 1245 786 spatium
1283 721 1465 785 oravit,
1503 735 1601 786 quo
1632 726 1820 771 tantum
1841 720 2038 772 itineris

208 810 433 862 aditurus
470 812 652 863 fratres
674 817 789 863 ante
812 817 1120 878 matremque
1143 812 1354 863 viseret:
1395 812 1624 863 obsidem
1662 813 1854 863 interea
1883 811 2033 863 filiam
2058 833 2079 869 5

124 902 190 953 31
208 901 362 952 tradit
397 901 691 968 litterasque
726 902 978 969 supplices
1016 902 1078 953 ad
1101 903 1371 954 Neronem.
1420 903 1481 954 Et
1515 902 1776 968 digressus
1796 902 2039 953 Pacorum

210 991 347 1058 apud
375 992 580 1058 Medos,
633 993 928 1060 Vologesen
964 992 1235 1045 Ecbatanis
1275 993 1529 1059 repperit,
1589 1007 1690 1043 non
1729 993 2040 1044 incuriosum

209 1082 408 1136 fratris:
461 1085 642 1148 quippe
692 1088 742 1134 et
795 1083 1014 1148 propriis
1051 1083 1238 1133 nuntiis
1277 1099 1305 1134 a
1344 1082 1632 1134 Corbulone
1671 1084 1915 1148 petierat,
1949 1099 2040 1134 -ne

211 1187 356 1237 quam
386 1173 662 1239 imaginem
697 1173 889 1224 servitii
917 1173 1165 1223 Tiridates
1204 1172 1474 1238 perferret,
1506 1187 1604 1224 neu
1644 1174 1831 1224 ferrum
1869 1173 2042 1224 trade-

207 1268 314 1326 ret,
355 1267 439 1317 aut
475 1263 741 1329 complexu
779 1263 1068 1329 provincias
1105 1263 1435 1314 obtinentium
1474 1268 1734 1314 arceretur
1775 1264 2037 1316 foribusve
2063 1283 2109 1319 io

209 1368 384 1409 eorum
432 1354 703 1407 adsisteret
717 1372 731 1418 3
782 1360 1050 1420 tantusque
1097 1355 1145 1406 ei
1194 1356 1415 1418 Romae,
1477 1359 1688 1420 quantus
1731 1355 2040 1419 consulibus,

209 1445 376 1497 honor
428 1451 579 1497 esset.

652 1446 860 1499 Scilicet
910 1451 1151 1497 externae
1201 1445 1471 1511 superbiae
1525 1450 1669 1496 sueto
1728 1460 1832 1496 non
1881 1446 2044 1496 inerat

208 1536 384 1588 notitia
410 1537 588 1600 nostri,
630 1536 759 1602 apud
785 1550 911 1602 quos
945 1537 1024 1588 vis
1051 1536 1248 1603 imperii
1285 1535 1436 1600 valet,
1475 1536 1644 1586 inania
1683 1536 2038 1586 tramittuntur.

347 1627 541 1680 Eodem
584 1642 716 1678 anno
758 1628 949 1679 Caesar
979 1628 1213 1679 nationes
1251 1626 1451 1692 Alpium
1487 1626 1847 1677 maritimarum
1883 1627 1934 1677 in
1963 1627 2040 1678 ius

207 1717 332 1772 Latii
378 1717 646 1771 transtulit.

327 1877 368 1920 2.
404 1871 622 1930 augurale
653 1871 777 1915 GMa:
811 1872 1022 1928 auqurale
1055 1871 1226 1925 Lipsius
1260 1875 1304 1912 et
1335 1870 1400 1913 sic
1431 1869 1483 1912 A.

973 1932 1041 1975 10.
1077 1937 1159 1990 opt.
1197 1928 1276 1972 Ma.

209 1933 285 1989 aff.
320 1932 391 1979 Or.
483 1933 525 1976 6.
559 1946 764 1990 pacarem
795 1930 874 1974 Ma.

209 1990 289 2045 Ma,
321 1992 388 2034 ius
420 1990 468 2045 G.

211 2135 325 2191 quod
369 2134 484 2177 dicat
526 2135 735 2179 Pacorum
781 2138 895 2193 apud
934 2138 1082 2180 Medos

209 2201 454 2250 repertum,
518 2196 771 2252 Vologesen
819 2197 1078 2251 Ecbatanis,

210 2255 333 2312 quasi
351 2254 587 2307 Ecbatana,
607 2269 718 2310 quae
741 2256 911 2299 Mediae
936 2263 1080 2311 caput,

210 2315 254 2362 iu
309 2314 445 2358 Medis
496 2327 584 2357 non
631 2314 801 2368 fuerit3'
851 2314 904 2358 ad
951 2330 1120 2371 quam,

211 2374 320 2418 mire
350 2374 574 2427 respondit
596 2373 810 2418 Orellius:
833 2374 934 2417 ‘hoc
957 2375 1080 2427 dicit,

211 2432 333 2475 illum
384 2434 429 2476 in
484 2445 618 2487 parvo
670 2433 816 2490 aliquo
869 2433 1079 2487 oppidulo

209 2491 378 2537 Mediae
437 2491 511 2537 vel
559 2492 690 2536 etiam
742 2493 788 2533 in
836 2494 986 2535 castris
1036 2495 1080 2535 in

211 2549 354 2593 Media
385 2551 563 2604 positis,
607 2550 724 2597 hunc
755 2564 861 2594 vero
894 2553 939 2595 in
984 2553 1079 2595 eius

210 2611 304 2664 ipso
339 2610 482 2663 capite
514 2616 734 2665 repertum
767 2611 895 2653 esse?

315 2669 466 2724 quippe
511 2676 551 2711 ct
595 2671 784 2726 propriis
832 2671 995 2715 nuntiis
1051 2683 1081 2711 a

209 2726 452 2776 Corbulone
485 2730 695 2784 petierat:
752 2730 934 2783 opponit
971 2742 1080 2785 pro-

203 2787 324 2842 prios
346 2787 580 2843 Vologesis
598 2789 774 2830 nuntios
807 2789 870 2831 eis
903 2789 1077 2844 legatis,

209 2858 317 2900 qnos
372 2846 618 2902 Vologeses
671 2853 714 2887 et
770 2846 980 2889 Tiridates
1025 2847 1078 2889 de

210 2905 427 2949 communi
474 2911 516 2945 et
562 2905 739 2959 publico
797 2907 978 2961 negotio
1026 2907 1080 2947 ad

210 2961 503 3007 Corbulonem
545 2965 781 3016 miserant3
835 2977 878 3006 v.
924 2979 963 3006 c.
1006 2965 1077 3007 27.

210 3021 423 3067 Similiter
451 3036 488 3065 c.
503 3022 590 3066 49:
625 3022 849 3069 Lucanum
874 3024 1081 3079 propriae

211 3094 368 3126 causac
399 3081 706 3125 accendebant.

299 3138 404 3193 Cap.
449 3142 521 3184 32.
582 3142 630 3184 in
670 3142 736 3182 ius
770 3141 897 3183 ‚Latii
928 3148 1077 3183 trans-

210 3198 328 3243 tulit.-
379 3198 496 3253 quod
527 3200 634 3243 iuris
672 3199 838 3242 Galliae
872 3199 1078 3242 Comatae

212 3256 386 3311 populis
430 3263 530 3303 aute
571 3270 826 3301 concessum
876 3265 968 3301 erat
1011 3262 1076 3313 (v.

213 3315 267 3358 XI
301 3316 357 3358 23
391 3322 435 3356 et
469 3317 523 3359 25
557 3316 705 3371 ibique
738 3322 930 3373 annot.),
964 3317 1077 3359 idem

210 3375 324 3417 Nero
349 3386 464 3416 nunc
496 3376 746 3418 nationibus
774 3375 950 3428 Alpium
983 3389 1078 3418 ma-

210 3435 447 3475 ritimarum
480 3433 625 3476 donat.
691 3435 785 3485 Quo
829 3436 923 3475 iure
966 3447 1078 3488 quae

211 3493 434 3547 praeditae
479 3499 601 3534 erant
646 3493 876 3544 civitates,
930 3505 1077 3534 earum

210 3564 442 3607 precenta,
494 3551 534 3595 h.
581 3566 620 3594 e.
665 3554 738 3607 qui
780 3552 1078 3607 magistratum

210 3610 282 3656 vel
317 3610 526 3656 honorem
559 3610 674 3665 apud
704 3622 806 3652 suos
834 3615 1075 3666 gesserant,

212 3669 433 3716 civitatem
456 3669 691 3715 Romanam
725 3668 1076 3725 adipiscebantur

719 1718 952 1787 Equitum
1002 1720 1345 1770 Romanorum
1399 1717 1543 1769 locos
1597 1717 1841 1768 sedilibus
1879 1716 2108 1782 plebisis

1566 1870 1608 1912 3.
1646 1869 1812 1911 animir.
1842 1868 1907 1911 Ma
1999 1874 2029 1914 4

1379 1931 1447 1974 12.
1486 1927 1659 1972 inberat
1689 1927 1770 1978 Ma.
1882 1929 1948 1978 13.
1983 1901 2046 1976 vis

1167 2144 1211 2180 et
1265 2137 1385 2179 aditu
1431 2137 1485 2179 ad
1536 2137 1727 2179 honores
1779 2136 2041 2194 gaudebant.

1168 2197 1266 2239 vid.
1317 2199 1478 2240 Ascon.
1520 2198 1564 2238 in
1608 2196 1697 2239 Cic.
1742 2196 1885 2238 Pis‘on.
1942 2211 1984 2252 p.
2019 2199 2046 2241 3

1166 2257 1234 2298 ed.
1271 2255 1407 2299 Orell.
1471 2255 1547 2297 Gai
1584 2256 1826 2298 Comment.
1862 2257 1946 2307 1§.
1972 2257 2043 2299 96.

1165 2315 1318 2358 Strabo
1354 2315 1414 2358 IV
1455 2317 1475 2358 1
1511 2317 1555 2366 ὃ.
1595 2317 1669 2367 12,
1718 2316 1752 2356 V
1787 2317 1808 2357 1
1843 2315 1885 2357 6.
1949 2316 2044 2357 Pli-

1163 2377 1261 2417 nius
1293 2374 1342 2416 N.
1377 2375 1428 2416 H.
1465 2374 1521 2417 111
1553 2376 1595 2427 3,
1632 2375 1668 2415 V
1702 2375 1740 2416 1.
1803 2374 1929 2416 Alter
1952 2374 2044 2415 Pli-

1163 2435 1261 2475 nius
1294 2433 1457 2489 Paneg.
1490 2434 1561 2476 37.
1627 2432 1692 2475 Cf.
1732 2431 1824 2475 Cic.
1861 2433 1914 2474 ad
1942 2433 2032 2476 Att.

1167 2494 1201 2535 V
1239 2493 1289 2534 11
1326 2495 1376 2544 2,
1412 2491 1465 2534 ad
1497 2492 1652 2534 Famil.
1691 2491 1894 2544 X11135‚
1933 2492 2040 2536 Phi-

1162 2552 1269 2606 lipp.
1315 2551 1412 2594 XIV
1456 2553 1540 2604 12,
1591 2551 1772 2594 Sueten.
1814 2551 1929 2607 Aug.
1963 2552 2039 2606 47,

1161 2611 1295 2653 Tacit.
1331 2611 1382 2653 H.
1417 2611 1434 2654 l
1467 2610 1495 2652 8
1529 2614 1572 2652 et
1604 2610 1675 2663 78,
1709 2610 1766 2651 ΙΙΙ
1797 2611 1869 2653 55.

1251 2670 1432 2724 equitum
1482 2671 1777 2712 Romanorum
1820 2669 1934 2715 locos
1985 2696 2039 2704 -

1162 2729 1276 2784 apud
1307 2730 1495 2774 circum:
1552 2729 1680 2771 ludos
1714 2730 1935 2771 circenses
1967 2731 2041 2771 in-

1162 2787 1339 2830 discreti
1360 2793 1560 2841 spectare
1581 2788 1701 2829 soliti
1729 2793 1829 2829 sunt
1853 2789 2038 2831 Romani

1162 2859 1301 2901 usque
1348 2847 1402 2887 ad
1441 2860 1478 2888 a.
1523 2847 1640 2899 758,
1684 2860 1769 2902 quo
1817 2854 1963 2901 patres
1996 2854 2040 2889 et

1163 2908 1335 2960 equites
1369 2906 1547 2947 discreti
1594 2905 1693 2947 loca
1742 2919 1820 2948 sua
1852 2907 2037 2959 inibant,

1161 2971 1362 3008 narrante
1393 2965 1534 3007 Dione
1567 2964 1642 3006 LV
1670 2967 1744 3018 22,
1778 2978 2037 3021 quamquam

1162 3023 1272 3065 illud
1307 3030 1429 3067 extra
1461 3023 1659 3066 ordinem
1702 3030 1744 3065 et
1776 3024 1897 3066 nulla
1933 3025 2036 3080 lege

1162 3082 1249 3125 lata
1282 3084 1445 3134 evenit,
1482 3083 1613 3136 idque
1641 3095 1725 3123 usu
1750 3084 1927 3125 venisse
1949 3083 2032 3124 Dio

1162 3142 1291 3182 tradit
1323 3143 1367 3182 in
1394 3141 1539 3183 verbis
1567 3143 1710 3182 statim
1738 3143 2034 3182 transcriben-

1162 3200 1242 3241 dis.
1291 3200 1396 3243 Nam
1433 3205 1680 3241 senatorum
1710 3199 1806 3240 loca
1826 3199 2035 3241 Claudius

1162 3258 1332 3300 demum
1353 3259 1584 3310 discrevit3
1610 3258 1789 3300 Sueton.
1811 3259 1858 3302 21
1883 3273 1891 3299 z
1919 3261 2035 3300 circo

1160 3331 1260 3358 vcro
1292 3318 1478 3359 maximo
1510 3319 1761 3359 marmoreis
1786 3318 2034 3360 carceribus

1160 3377 1407 3430 auratisque
1439 3377 1586 3428 metis,
1630 3390 1736 3430 quac
1783 3383 1963 3431 utraque
1997 3385 2035 3418 et

1161 3434 1338 3489 tophina
1379 3449 1432 3475 ac
1473 3436 1618 3489 liynea
1658 3443 1788 3476 antea
1841 3438 2032 3490 fuerant,

1161 3494 1350 3544 exculto,
1400 3495 1581 3549 propria
1623 3494 1891 3536 senatoribus
1924 3508 2030 3535 con..

1161 3553 1293 3594 stituit
1325 3553 1423 3594 loca
1452 3554 1691 3607 promiscue
1730 3561 1924 3609 spectare
1957 3568 2028 3595 so-

1161 3610 1261 3653 litis.
1324 3611 1406 3653 Dio
1441 3610 1509 3654 Lx
1541 3613 1591 3653 7:
1626 3613 1791 3668 ἑώρων
1816 3616 1905 3670 μέν
1938 3629 2028 3658 που

1160 3668 1397 3728 πρότερον
1430 3671 1481 3715 ἐν
1511 3667 1636 3727 αὐτῷ
1667 3670 1732 3730 (in
1764 3670 1902 3728 circo)
1935 3671 2028 3729 ἰδίᾳ
