2280 4004
122 1319 126 1338 ·'
194 1320 466 1381 serantque
507 1316 694 1382 apertis
739 1316 886 1367 odiis.

209 279 240 310 a>
266 264 314 311 Ο.
351 267 419 313 18.

773 267 937 312 LIBER
966 266 1018 312 11.
1065 266 1188 313 CAP.
1222 267 1410 313 56-57.

1935 268 2022 312 141

201 407 296 460 sita
352 423 454 460 non
499 409 616 461 ideo
666 408 849 461 laetum
890 409 1242 462 Germanicum
1280 393 1564 474 habebant,
1626 406 1690 459 ob
1734 409 2022 475 superbiam

199 500 430 565 Pisonis,
490 502 599 567 qui„
624 502 789 553 iussus
825 505 1018 567 partem
1074 501 1331 568 legionum
1371 501 1479 567 ipse
1519 505 1602 551 aut
1653 515 1745 567 per
1777 499 1932 551 filium
1970 501 2023 551 in

198 592 490 644 Armeniam
545 593 734 644 ducere
783 598 1048 659 utrumque
1084 593 1396 660 neglexerat.

1472 591 1623 663 ergi,
1661 591 1859 643 demum
1888 591 2020 658 apud

198 681 410 733 hiberna
449 681 693 734 decumae
729 683 948 750 legionis
986 699 1303 748 convenere,
1338 683 1534 734 firmato
1572 682 1735 746 vultU,
1774 681 1888 732 Piso
1926 681 2025 732 ad-

197 867 252 914 ut
285 862 479 928 rettuli,
540 863 851 914 clementior.

116 798 122 827 .·
198 787 377 824 versus
416 777 629 837 metum,
689 773 1049 839 Germanicus,
1109 789 1172 825 ne
1210 774 1389 824 minari
1426 773 1752 836 crederetur;
1807 777 1856 824 et
1894 776 2061 837 erat,s

925 864 1025 917 Sed
1064 865 1213 915 amici
1269 864 1612 916 accendendis
1652 863 2020 915 offensionibus

199 953 369 1004 callidi
407 951 672 1004 intendere
710 967 850 1017 vera,
890 968 1142 1020 aggerere
1179 953 1322 1017 falsa,
1362 953 1624 1019 ipsumque
1661 957 1710 1004 et
1735 952 2023 1004 Plancinam

143 1067 148 1108 J
196 1047 246 1093 et
275 1030 411 1094 ‘filios
446 1042 603 1094 variis
639 1042 803 1093 modis
841 1042 1114 1093 criminari.

1190 1043 1449 1093 Postremo
1487 1043 1663 1107 paucis
1702 1043 2024 1095 familiarium

197 1133 434 1184 adhibitis
459 1148 629 1186 sermo
670 1136 878 1199 coeptus
921 1148 948 1184 a
975 1133 1212 1197 Caesare,
1251 1132 1449 1209 qualem
1487 1133 1563 1206 ira
1600 1138 1649 1184 et
1685 1133 2020 1204 dissimulatio

194 1223 384 1297 gignit,
442 1238 742 1290 responsum
791 1240 819 1274 a
855 1223 1037 1275 Pisone
1074 1223 1313 1299 precibus
1357 1223 1773 1289 contumacibus3
1820 1225 2088 1311 disces-io

961 1315 1177 1381 Postque
1225 1330 1370 1366 rarus
1423 1316 1476 1365 in
1510 1315 1745 1366 tribunali
1785 1316 2022 1370 Caesaris

192 1405 331 1470 Piso,
375 1411 423 1458 et
458 1407 501 1457 si
530 1406 748 1472 -quando
786 1405 1070 1471 adsideret,
1112 1411 1258 1458 atrox
1297 1421 1358 1457 ac
1398 1406 1667 1459 dissentire
1708 1409 2021 1461 manifestus.

198 1498 311 1549 Vox
349 1512 550 1564 quoque
592 1499 700 1549 eius
741 1497 909 1549 audita
959 1502 1036 1548 est
1085 1498 1136 1547 in
1180 1498 1447 1563 convivio,
1507 1514 1617 1550 cum
1670 1499 1800 1566 apud
1847 1514 2024 1567 regem

310 1663 353 1706 3.
391 1661 550 1717 Cyrrhi
582 1661 821 1704 BroteriuS.

192 1720 441 1763 Rhenanus.
539 1721 606 1764 10.
641 1721 870 1777 praecibus
905 1720 959 1763 M.

193 1787 295 1837 aput
326 1779 381 1823 M.

197 1927 263 1971 Cf.
300 1927 379 1970 XII
408 1928 489 1971 49:
523 1934 616 1968 erat
635 1927 937 1984 Cappadociae
959 1943 1067 1985 pro-

198 1995 374 2029 curator
396 1986 531 2028 Iulius
552 1986 749 2042 Peliynus
778 2000 870 2042 sqq.
885 1988 962 2029 XV
985 1990 1065 2031 25:

196 2047 396 2088 scribitur
426 2071 481 2078 —
510 2047 892 2101 procuratoribus,
926 2055 966 2088 et
999 2050 1069 2101 qui

189 2112 439 2162 praetorum
475 2105 681 2158 finitimas
722 2105 924 2162 (Syriae)
959 2121 1068 2162 pro-

193 2166 359 2207 vincias
375 2164 593 2218 regebant.
627 2164 738 2205 Hinc
759 2165 931 2222 corrigo
953 2165 1067 2220 quod

192 2224 400 2280 ‘legatum
425 2221 701 2276 praetorium’
736 2221 1066 2278 Cappadocibus

195 2284 239 2324 in
275 2288 423 2324 annot.
462 2281 514 2323 ad
564 2283 582 2323 1
630 2282 686 2324 14
728 2295 769 2336 p.
813 2286 871 2327 22
918 2283 1063 2326 tribui.

195 2341 373 2384 Sueten.
424 2340 605 2394 Vespas.
655 2340 708 2383 8:
763 2341 1065 2398 Cappadociae

188 2407 366 2458 propter
418 2400 610 2441 assiduos
662 2400 945 2444 barbarorum
990 2404 1064 2443 in-

195 2474 342 2502 cursus
373 2457 561 2514 legiones
578 2459 743 2501 addidit
769 2461 1063 2503 consularem-

193 2532 271 2574 que
310 2525 518 2560 rectorem
562 2519 758 2575 imposuit
798 2534 879 2576 pro
928 2522 1062 2576 equite

192 2578 401 2621 Romano.

279 2665 337 2706 ad
365 2665 431 2707 ius
458 2665 704 2721 praetoris.-
738 2663 827 2707 vid.
862 2663 977 2707 dicta
1008 2665 1062 2706 ad

191 2722 311 2768 174.
369 2724 522 2767 Strabo
566 2724 665 2765 XVI
708 2725 737 2767 2
772 2724 800 2765 3
848 2726 915 2778 (p.
951 2724 1058 2780 749)

191 2783 216 2837 ἧ
260 2779 556 2845 Κομμαγηνὴ
603 2781 746 2842 μικρά
799 2799 870 2832 τις
917 2786 1058 2836 ἐστίν,

190 2843 284 2899 ἔχει
315 2845 363 2886 δὲ
386 2836 591 2902 ἐρυμνὴν
615 2843 759 2886 πόλιν
781 2844 1059 2902 Σαμόσατα,

190 2903 242 2943 ἐν
286 2891 314 2958 ᾗ
352 2896 404 2946 τὸ
432 2905 670 2957 βασίλειον
715 2901 926 2957 ὑπῆρχε·
976 2904 1061 2946 νῦν

192 2958 241 3003 δὲ
283 2962 486 3017 ἐπαρχία
537 2964 715 3018 γέγονε.
779 2958 980 3016 Caligula
1019 2966 1061 3001 et

192 3016 398 3060 Claudius
432 3015 770 3074 Commagenem
806 3025 849 3061 et
877 3018 1060 3061 Ciliciae

190 3083 355 3132 partem
392 3077 636 3130 Antioch0,
679 3078 732 3118 de
769 3090 853 3133 quo
898 3078 1059 3120 dictum

190 3134 243 3177 ad
282 3135 361 3178 xll
406 3137 486 3189 55,
520 3136 824 3191 donaverunt3
862 3149 946 3192 quo
979 3137 1059 3179 de-

191 3193 341 3235 functo
363 3195 657 3249 Vespasianus
688 3197 844 3238 iterum
876 3197 1059 3251 imperio

191 3251 385 3294 Romano
418 3253 628 3296 adiunxit.
693 3255 927 3297 Suetonius
968 3256 1059 3297 Vc-

189 3323 304 3364 spas.
335 3310 389 3352 8:
425 3311 622 3352 Ciliciam
655 3320 691 3354 et
722 3315 1058 3369 Commagenem‚

191 3370 361 3411 ditionis
394 3371 539 3424 regiae
571 3385 698 3425 usque
729 3372 786 3412 acl
814 3373 860 3413 id
887 3380 1059 3428 tempus,

188 3429 235 3470 in
251 3430 578 3485 provinciarum
608 3432 792 3484 sormam
823 3431 999 3486 redegit.

278 3514 382 3569 Cap.
405 3515 475 3558 57.
521 3515 652 3571 Cyrri
671 3516 833 3557 demum
852 3531 866 3557 .·
901 3516 1061 3570 Cyrrus

191 3572 343 3628 Syriae
378 3574 609 3629 oppidum,
641 3581 770 3630 caput
799 3575 1061 3618 tetrarchiae

192 3629 483 3691 Cyrresticae.
542 3633 709 3684 Plinius
753 3635 789 3680 V
835 3634 890 3681 19
937 3636 1059 3697 (23).

917 1669 1019 1717 aput
1054 1662 1107 1704 M.

1055 1723 1122 1764 11.
1163 1723 1319 1777 opertis
1360 1722 1423 1764 M:

1200 1664 1242 1705 4.
1278 1664 1507 1704 convenire
1544 1664 1613 1705 M:
1661 1664 1793 1705 tacite
1833 1666 2022 1706 correxit
2073 1709 2086 1718 ‚

1477 1724 1666 1765 correxit
1696 1723 1881 1778 Lipsius.
1949 1725 2016 1768 ¹3.
2080 1719 2083 1724 ’

1152 1928 1474 1982 Aspirationem
1509 1928 1744 1984 (Cyrrhus)
1786 1944 1810 1971 a
1849 1930 2024 1972 Graecis

1152 1986 1249 2027 addi
1293 1987 1466 2028 solitam
1519 1990 1563 2028 in
1606 1990 1782 2029 nomine
1832 1988 2024 2032 Orientis

1152 2045 1324 2087 Tacitus
1357 2046 1516 2098 omisit,
1552 2048 1588 2087 si
1616 2047 1717 2102 quid
1749 2049 2024 2091 tribuendum

1154 2110 1218 2145 est
1240 2104 1321 2146 hac
1345 2108 1390 2146 in
1418 2118 1466 2146 re
1499 2105 1611 2146 libro
1647 2106 1699 2148 M.
1818 2116 1856 2148 et
1883 2107 2022 2161 filios.-

1153 2163 1335 2205 haerent
1373 2165 1636 2218 interpretes
1680 2166 1896 2220 quomodo
1945 2167 2024 2210 filii

1151 2222 1321 2264 Pisonis
1353 2226 1583 2265 memorari
1616 2226 1804 2278 possint,
1839 2239 1935 2267 cum
1970 2240 2025 2268 ex

1152 2281 1320 2323 duobus
1354 2284 1448 2323 eius
1490 2283 1591 2324 filiis
1625 2282 1796 2326 Gnaeus
1834 2287 1878 2326 in
1915 2285 2023 2328 urbe

1152 2340 1337 2397 degerit,
1369 2341 1537 2383 Marcus
1568 2349 1733 2397 patrem
1767 2346 1810 2384 in
1840 2347 2023 2399 provin-

1152 2401 1260 2441 ciam
1293 2413 1404 2441 unus
1437 2408 1614 2443 secutus
1645 2403 1724 2443 sit:
1759 2403 1818 2444 ΙΙΙ
1849 2404 1902 2447 16
1926 2404 2023 2446 col-

1150 2459 1250 2500 latis
1280 2460 1318 2501 11
1352 2460 1407 2502 76
1440 2466 1483 2502 ct
1516 2461 1584 2503 78.
1632 2461 1718 2503 Nos
1750 2475 1898 2504 veram
1935 2463 2022 2506 loci

1151 2518 1489 2572 explicationem
1521 2533 1650 2574 supra
1682 2521 1734 2562 ad
1755 2521 1767 2562 1
1788 2522 1843 2563 55
1879 2523 2023 2578 signi-

1149 2577 1373 2619 ficavimus
1391 2594 1402 2631 ς
1418 2578 1588 2620 scilicet
1604 2587 1807 2634 parentes
1820 2580 2022 2624 Pisonem

1150 2643 1192 2678 et
1222 2636 1470 2679 Plancinam
1519 2645 1692 2693 praeter
1724 2639 1859 2681 filium
1892 2642 2023 2683 etiam

1148 2696 1262 2749 filia,
1302 2698 1498 2752 quamvis
1542 2698 1718 2740 aliunde
1750 2699 1876 2740 nobis
1908 2700 2023 2742 haud

1149 2756 1339 2811 cognita,
1363 2757 1568 2798 comitata
1594 2764 1673 2800 est.
1708 2758 1770 2799 Ea
1794 2765 1836 2799 et
1855 2760 2021 2802 Marcus

1147 2815 1245 2855 l'iso
1277 2815 1360 2868 filii
1391 2822 1615 2859 vocantur.

1255 2874 1617 2930 discesseruntque
1668 2877 1828 2931 apertis
1885 2877 2019 2918 odiis:

1148 2932 1258 2974 haec
1287 2933 1482 2976 scribens
1514 2937 1694 2989 respicit
1725 2948 1836 2990 quae
1862 2935 2020 2978 subse·-

1148 2997 1339 3046 quuntur
1388 2993 1442 3035 de
1496 2994 1654 3036 Pisone
1709 2996 1753 3035 in
1814 2994 2019 3036 tribunali

1149 3049 1348 3093 Caesaris
1401 3053 1620 3095 assidente
1677 3059 1720 3094 ct
1776 3067 2018 3095 mansuram

1147 3109 1462 3152 discessionem
1522 3116 1651 3154 etiam
1697 3119 1783 3152 tum
1836 3115 2017 3154 vitante.

1146 3167 1412 3211 'theodisca
1441 3171 1546 3211 ‘und
1581 3183 1666 3212 von
1702 3170 1910 3212 einander
1935 3184 2019 3225 ge-

1148 3240 1321 3282 gangen
1340 3241 1490 3269 waren
1522 3232 1587 3270 sic
1612 3230 1688 3269 mit
1716 3228 2019 3270 unverhohle-

1147 3298 1244 3326 nem
1280 3286 1442 3327 llasse‘.
1496 3287 1698 3328 Ceterum
1721 3287 1832 3328 hanc
1854 3287 2018 3329 codicis

1147 3345 1402 3396 scripturam
1422 3346 1581 3397 primus
1599 3347 1729 3387 tacite
1747 3348 1930 3387 mutavit
1944 3346 2018 3387 l'i-

1148 3401 1287 3442 chena
1305 3404 1348 3443 in
1367 3403 1729 3458 discesseruntque
1750 3418 1774 3446 a
1796 3405 2018 3460 plerisque

1147 3466 1399 3514 acceptum,
1455 3464 1583 3504 etiam
1635 3476 1659 3503 a
1717 3463 1921 3506 Bekkero
1976 3469 2019 3505 et

1148 3518 1341 3561 Orellio:
1363 3523 1528 3576 antiqui
1553 3521 1742 3564 editores
1760 3535 1785 3564 a
1803 3522 2016 3565 Beroaldo

1148 3591 1285 3634 usque
1316 3579 1370 3622 ad
1402 3579 1594 3636 Lipsium
1628 3588 1779 3624 tenent
1811 3582 2018 3627 discesse-

1147 3645 1342 3696 rare-tque.
