2280 4004
4 65 227 164 {joam
306 95 375 135 κ
356 102 444 129 ιι,
429 67 516 135 a?
520 64 741 134 ΖΞ(
746 104 808 132 2
880 79 967 133 af—
939 58 1141 126 ffvssc
1158 58 1373 121 st‘

209 327 243 359 a
267 312 315 358 G.
352 314 420 358 18.
799 307 961 352 LIBER
989 306 1042 351 ΙΙ.
1106 306 1211 350 CAr.
1246 303 1434 350 52-54.
1943 296 2034 342 13¹7

209 456 438 510 Achaiae
471 453 785 520 Nicopolim,
842 466 940 518 quo
992 453 1203 501 venerat
1255 461 1346 513 per
1391 444 1641 512 Illyricam
1689 457 1859 506 oram,
1920 440 2032 513 yiso

213 548 367 600 fratre
396 547 573 619 Druso
627 545 679 594 in
717 542 963 594 Delmatia
983 543 1223 613 agente,
1284 535 1564 587 Hadriatici
1622 549 1683 585 ac
1734 547 1854 584 mox
1906 529 2036 583 Ionii

215 640 368 689 maris
374 611 671 688 adversam
713 633 1090 700 navigationem
1139 642 1429 696 perpessus.
1506 625 1664 693 Igitur
1695 637 1886 690 paucos
1926 621 2036 673 dies

217 727 481 795 insumpsit
513 724 821 778 reficiendae
860 723 1040 786 classi3
1099 721 1245 773 simul
1280 720 1421 771 sinus
1454 717 1664 769 Actiaca
1699 714 1918 766 victoria
1955 713 2041 763 in·-

218 822 378 875 clutos
429 823 478 870 et
525 821 751 868 sacratas
807 815 868 867 ab
917 815 1149 881 Augusto
1206 810 1468 863 manubias
1524 813 1792 873 castraque
1828 803 2077 856 Antoniis

218 927 352 963 cum‘
381 907 741 960 recordatione
794 907 1041 958 maiorum
1098 915 1308 956 *suorum
1365 900 1503 952 adiit.
1590 899 1816 963 Namque
1851 897 1928 960 ei,
1987 899 2041 946 ut

217 1000 510 1064 memoravi,
551 997 828 1049 avunculus
864 995 1142 1062 Augustus,
1186 1007 1308 1045 avus
1336 990 1586 1042 Antonius
1628 993 1787 1052 erant,
1826 1001 2044 1054 magna-

218 1108 314 1159 que
346 1091 449 1142 illic
484 1090 653 1156 imago
690 1088 904 1138 tristium
943 1086 1306 1150 laetorumque.
1381 1084 1510 1133 Hinc
1553 1085 1755 1131 ventum
1795 1078 2039 1141 Athenas,

219 1182 519 1247 foederique
565 1179 743 1232 sociae
801 1183 850 1229 et
902 1181 1133 1228 vetustae
1181 1174 1323 1225 urbis
1385 1172 1554 1223 datum
1598 1175 1652 1220 ut
1708 1183 1809 1220 uno
1862 1167 2043 1219 lictore

216 1278 455 1325 uteretur.
527 1272 789 1336 Excepere
835 1268 1017 1319 Graeci
1070 1263 1457 1333 quaesitissimis
1506 1261 1815 1325 honoribUS,
1871 1263 2110 1311 veteram

216 1379 421 1417 suorum
476 1362 608 1414 facta
673 1361 906 1426 dictaque
962 1358 1340 1426 praeferenteS,
1403 1368 1502 1420 quo
1559 1352 1670 1419 plus
1735 1349 2045 1419 dignationis

134 1455 439 1508 54adulatio
480 1454 706 1505 haberet.
796 1452 954 1503 Petita
1003 1450 1122 1501 inde
1164 1448 1373 1501 Euboea
1412 1445 1626 1497 tramisit
1663 1443 1905 1507 Lesbum,
1960 1440 2048 1492 ubi

218 1545 497 1614 Agrippina
536 1543 816 1595 novissimo
839 1547 986 1609 partu
1010 1540 1184 1592 Iuliam
1217 1538 1391 1590 edidit.
1465 1537 1586 1588 Tum
1623 1541 1846 1588 extrema
1871 1533 2044 1597 Asiae,

218 1636 605 1702 Perinthumque
646 1651 706 1687 ac
739 1634 1033 1701 Byzantium
1069 1631 1309 1682 Thracias
1343 1630 1524 1694 urbes,
1574 1642 1693 1680 mox
1728 1623 2048 1692 Propontidis

221 1728 483 1797 angustias
536 1731 586 1778 et
631 1740 690 1777 os
726 1724 986 1776 Ponticum
1033 1724 1210 1786 intrat,
1271 1721 1506 1787 cupidine
1554 1722 1754 1770 veteres
1805 1716 1950 1768 locos
2001 1719 2112 1767 etis

223 1822 355 1873 fama
415 1819 702 1870 celebratos
768 1816 1048 1878 noscendi3
1128 1814 1419 1880 pariterque
1480 1809 1773 1877 provincias
1837 1806 2049 1859 internis

225 1910 582 1963 certaminibus
663 1912 747 1959 aut
816 1908 1195 1975 magistratuum
1261 1902 1459 1954 iniuriis
1532 1901 1695 1953 fessas
1766 1897 2048 1951 refovebat.

347 2073 385 2113 1.
418 2070 656 2126 nicopolem
677 2069 731 2111 M.
810 2070 852 2112 2.
887 2067 1105 2109 Delmatia
1138 2067 1190 2119 M,
1223 2078 1310 2107 non
1343 2064 1580 2107 Dalmatia.

1679 2062 1747 2107 ¹0.
1782 2061 1978 2118 excipere
2009 2064 2052 2102 et

231 2132 297 2174 14.
331 2131 563 2186 hyiantium
593 2129 654 2170 M:
701 2128 891 2169 correxit
921 2126 1178 2168 Beroaldus.

204 2273 408 2315 <Graecia
438 2271 595 2323 solum,
628 2270 705 2312 sed
737 2283 814 2325 pro
835 2269 985 2324 Epiro,
1020 2269 1092 2310 ubi

227 2345 331 2374 sane
370 2330 479 2372 haec
521 2330 620 2371 urbs
662 2335 752 2381 est,
797 2329 849 2370 ab
892 2330 1093 2386 Augusto

225 2396 388 2432 structa
418 2389 471 2431 ad
502 2388 776 2430 Ambracium
808 2389 964 2441 sinum,
998 2400 1095 2428 mo..

1186 2269 1390 2311 Threcum
1429 2267 1488 2309 1v
1528 2267 1610 2323 48)
1662 2270 1705 2308 et
1752 2263 1815 2305 Ma
1876 2262 2053 2304 Threcio

1179 2328 1255 2370 XII
1285 2328 1356 2381 63,
1391 2328 1565 2381 saepius
1597 2331 1764 2376 autem,
1810 2328 1853 2364 et
1885 2327 2053 2376 septem

1181 2387 1355 2443 quidem
1395 2386 1532 2438 locis,
1569 2386 1613 2425 in
1647 2395 1829 2440 quorum
1860 2382 2053 2437 quinque

228 2455 477 2491 numentum
510 2448 682 2490 scilicet
710 2449 925 2490 victoriae
943 2448 1096 2489 Actia-

230 2523 323 2551 cae.
386 2507 526 2550 Credo
566 2506 693 2560 ideo,
738 2508 839 2562 quia
872 2506 950 2548 illo
985 2519 1095 2548 aevo

229 2574 319 2610 tota
355 2568 466 2609 haec
495 2567 620 2622 regio
651 2567 726 2607 uni
765 2566 953 2621 praesidi
994 2579 1099 2619 per-

231 2629 387 2679 missa,
439 2624 628 2680 ideoque
685 2631 729 2667 et
785 2626 960 2667 nomine
1010 2637 1096 2665 uno

232 2685 372 2728 dicta'.
432 2684 621 2726 Limnos,

320 2752 366 2786 vt
396 2744 649 2786 memoravi:
692 2743 730 2784 11
760 2743 832 2787 43.

320 2816 522 2858 excepere
542 2803 700 2844 Graeci
713 2828 764 2835 -—
775 2803 1074 2858 praeferentes
1085 2816 1098 2842 .-

234 2874 390 2903 nomen
411 2862 569 2902 Graeci
597 2862 902 2915 interpositum
936 2866 1016 2912 est,
1045 2874 1100 2902 ne

233 2920 526 2961 Athenienses
567 2919 685 2960 solos
731 2919 966 2961 indulsisse
998 2924 1101 2959 tunc

235 2978 474 3026 adulationi
517 2977 697 3020 diceret.
758 2979 806 3019 ln
848 2977 1101 3020 honorando

237 3036 492 3079 Germanico
548 3042 698 3079 vetera
751 3048 926 3078 suorum
986 3037 1102 3079 facta

236 3095 381 3138 verbis
399 3095 551 3137 Graeci
578 3096 899 3150 praeferebant,
934 3101 981 3136 ut
998 3108 1103 3146 ssese

238 3155 524 3207 extollerent,
566 3154 680 3197 dicta
722 3162 865 3198 autem
904 3161 1103 3197 veterum

238 3213 524 3266 adhibebant,
570 3220 617 3255 ut
669 3215 951 3257 Germanicus
991 3220 1104 3255 tam-

240 3284 366 3326 quam
409 3284 548 3312 novus
591 3272 784 3314 Theseus
834 3273 907 3314 vel
951 3272 1103 3314 Cimon

239 3330 369 3371 altius
400 3330 638 3373 efferretur.

332 3387 436 3442 Gap.
470 3388 540 3431 54.
594 3388 797 3430 Thracias
826 3389 976 3430 urbes:
1014 3389 1107 3429 for-

242 3458 350 3487 mam
414 3446 619 3488 Thracias
677 3447 773 3489 sine
822 3447 1107 3500 discrepantis

242 3506 482 3559 scripturae
534 3506 944 3548 commemoratione
987 3504 1030 3547 h.
1077 3505 1106 3546 l.

242 3576 392 3606 omnes
442 3565 631 3607 editores
679 3564 932 3606 exhibuere.
994 3563 1109 3604 Infra

245 3623 384 3667 codex
414 3623 454 3666 Μ
484 3624 553 3668 bis
584 3625 772 3668 litteram
805 3638 833 3666 a
860 3623 1111 3680 (Thraciam

243 3680 280 3732 11
301 3679 359 3733 66
386 3682 534 3742 et67),
566 3683 633 3731 bis
664 3698 686 3726 e
707 3683 934 3742 (Threciae
964 3680 1109 3748 11138,

1181 2447 1266 2488 fido
1319 2446 1496 2487 silentio
1560 2443 1827 2486 conferentis
1890 2440 2055 2483 Baiteri

1182 2504 1549 2561 acquiescendum
1583 2509 1664 2556 est,
1699 2502 1736 2543 M
1771 2515 1822 2542 ae
1847 2499 2055 2554 scriptum

1183 2565 1302 2606 dedit
1335 2563 1396 2619 (ΙΙ
1427 2562 1486 2607 64
1518 2568 1561 2604 et
1592 2562 1648 2605 65
1683 2568 1725 2603 et
1765 2557 1945 2613 67,111
1982 2559 2054 2610 38,

1182 2624 1299 2666 lV5
1352 2629 1395 2665 et
1426 2622 1514 2675 46,
1582 2621 1639 2662 VI
1683 2622 1786 2676 10),
1849 2617 1893 2659 id
1940 2618 2057 2673 quod

1184 2684 1313 2726 etiam
1366 2684 1411 2723 in
1461 2682 1612 2750 paucis
1670 2679 1861 2734 lapidum
1919 2675 2057 2718 titulis

1186 2748 1420 2796 compalfflet
1484 2739 1538 2783 Ut
1583 2742 1629 2782 in
1672 2738 1847 2781 Graecis
1881 2737 2056 2795 Θρᾶκες

1186 2808 1229 2844 et
1262 2802 1433 2859 Θρῇκες
1462 2800 1536 2842 vel
1577 2799 1768 2853 Θοῆὶκες
1797 2802 1919 2848 sunt,
1971 2807 2058 2836 non

1188 2863 1412 2917 Θραῖκες,
1456 2860 1520 2901 sic
1566 2858 1717 2900 Latine
1763 2861 1837 2897 aut
1874 2855 2059 2896 Thraces

1186 2925 1260 2961 aut
1308 2918 1486 2960 Threces
1525 2918 1631 2974 (hac
1684 2917 1871 2957 nominis
1920 2914 2059 2955 forma

1187 2978 1452 3034 gladiatores
1465 2976 1674 3019 Thraciae
1697 2980 1937 3016 armaturae
1960 2973 2060 3027 ple-

1185 3050 1368 3092 rumque
1402 3037 1755 3093 consignantur),
1790 3035 1921 3075 unice
1954 3045 2060 3086 pro-

1187 3096 1316 3138 bandi
1358 3102 1482 3148 sunt,
1529 3095 1737 3137 Thraeces
1776 3093 2059 3134 sciibentium

1188 3155 1490 3212 negligentiae
1522 3153 1760 3208 imputandi
1803 3158 1876 3192 aut
1910 3151 2059 3190 curio-

1189 3215 1306 3255 sitati
1338 3226 1486 3255 eorum
1519 3213 1593 3267 qui
1629 3211 1804 3267 Θρᾷκες
1833 3221 2059 3263 perpeiam

1190 3273 1304 3313 idem
1352 3272 1500 3313 valere
1555 3284 1606 3311 ac
1650 3273 1843 3323 Θοαῑκες
1894 3267 2060 3319 opinati

1190 3336 1304 3372 sunt.
1374 3330 1557 3370 Thraces
1601 3334 1744 3370 autem
1788 3339 1890 3380 prae
1928 3325 2061 3366 Thre-

1192 3389 1308 3429 cibus
1370 3388 1571 3442 placent,
1634 3388 1734 3441 quia
1790 3384 2060 3425 consuetudo

1191 3447 1342 3487 Latina
1392 3458 1478 3486 non
1526 3445 1654 3486 lones
1717 3445 1930 3495 imitatur,
1986 3443 2063 3484 sed

1193 3505 1330 3547 Dores
1394 3511 1437 3545 et
1485 3504 1675 3560 ,Aeolus
1740 3503 1856 3544 Haec
1912 3514 2063 3544 norma

1195 3567 1324 3606 etiam
1358 3564 1471 3618 apud
1495 3563 1717 3606 Horatium
1740 3561 1858 3604 valet
1889 3567 1932 3603 et
1959 3561 2062 3602 Vir-

1195 3623 1374 3680 gilium,
1420 3624 1493 3679 qui
1532 3623 1711 3666 formam
1759 3624 1802 3664 in
1836 3637 1858 3663 e
1889 3622 2061 3663 nonnisi

1196 3684 1240 3726 in
1264 3682 1479 3728 Threicius
1509 3688 1552 3725 et
1580 3681 1792 3726 similibus
1822 3680 2061 3736 adoptavit.
