2280 4004
110 1739 177 1784 22
192 1730 478 1782 hibebitur.²

191 328 218 358 a
248 316 297 359 C.
330 316 402 361 62.-

801 315 967 360 LIBER
996 316 1091 361 XV.
1154 315 1261 361 GAr.
1295 319 1486 365 20-22.

1929 322 2016 364 259

190 457 388 522 bantur,
428 457 510 523 qui
547 457 837 523 provincias
868 457 1094 510 viserent
1130 463 1195 523 et,
1235 458 1354 525 quid
1395 458 1459 511 de
1494 458 1737 527 cuiusque
1771 461 2016 528 obsequio

188 549 474 612 videretur,
523 548 775 601 referrent
790 566 805 612 ;
859 549 1278 614 trepidabantque
1326 555 1506 616 gentes
1555 551 1618 602 de
1668 552 2020 605 aestimatione

189 639 519 706 singulorum.
594 640 661 690 At
697 654 830 690 nunc
873 639 1084 691 colimus
1122 645 1360 692 externos
1393 646 1442 692 et
1479 641 1739 694 adulamur
1751 660 1765 707 3
1805 649 1854 695 et
1890 659 2022 711 quo-

188 729 341 780 modo
381 730 445 780 ad
484 735 655 781 nutum
698 730 908 782 alicuius
946 736 1144 798 grateS,
1201 731 1269 782 ita
1311 731 1587 798 promptius
1627 735 1886 786 accusatio
1926 731 2022 787 de-

189 820 426 871 cernitur.

501 822 914 888 Decernaturque
969 827 1018 873 et
1066 827 1264 873 maneat
1313 823 1711 888 provincialibus
1746 826 2059 891 potentiams

190 926 331 962 suam
369 912 456 963 tali
495 913 647 964 modo
691 913 1004 965 ostentandi:
1044 913 1135 964 sed
1165 913 1273 964 laus
1296 914 1423 966 falsa
1452 919 1501 966 et
1522 915 1758 980 precibus
1781 929 2020 982 expressa

189 1003 400 1069 perinde
429 1004 725 1060 cohibeatur
748 1019 894 1070 quam
918 1004 1121 1069 malitia,
1165 1019 1310 1070 quam
1343 1005 1632 1057 crudelitas.
1693 1006 1835 1058 Plura
1869 1023 2021 1074 saepe

153 1100 481 1159 peccantur,
522 1095 637 1146 dum
676 1095 995 1147 demeremur
1032 1111 1178 1161 quam
1215 1096 1331 1147 dum
1370 1095 1688 1148 offendimus

1765 1098 2022 1159 Quaedam

191 1185 342 1236 immo
382 1186 592 1237 virtutes
632 1186 753 1236 odio
791 1191 931 1250 sunt,
972 1187 1220 1237 severitas
1259 1188 1539 1252 obstinata,
1581 1188 1797 1239 invictus
1836 1189 2025 1240 adver-

190 1291 299 1327 sum
327 1277 542 1344 gratiam
578 1278 789 1327 animus.
846 1277 1129 1328 Indeinitia
1171 1277 1552 1344 magistratuum
1592 1284 1879 1330 nostrorum
1915 1297 2026 1332 me-
2043 1297 2089 1334 ιο

190 1367 318 1419 liora
359 1368 551 1432 ferme,
609 1373 658 1419 et
699 1368 811 1419 finis
859 1368 1097 1432 inclinat,

1153 1369 1267 1419 dum
1308 1369 1360 1419 in
1405 1369 1607 1420 modum
1642 1370 2024 1423 candidatorum

191 1458 434 1525 suffragia
474 1459 817 1524 conquirimus
833 1477 847 1523 3
895 1473 1025 1524 quae
1075 1458 1118 1510 si
1167 1462 1462 1524 arceantur,
1518 1460 1832 1526 aequabilius
1878 1467 2025 1527 atque

195 1550 507 1601 constantius
541 1550 839 1615 provinciae
877 1554 1133 1617 regentur.

1209 1551 1332 1602 Nam
1368 1553 1422 1601 ut
1454 1556 1588 1602 metu
1633 1552 2024 1617 repetundarum

192 1639 407 1691 infracta
445 1641 655 1691 avaritia
696 1646 787 1705 est,
826 1641 895 1692 ita
932 1641 1084 1691 vetita
1123 1641 1400 1707 gratiarum
1442 1642 1645 1692 actione
1685 1642 1891 1692 ambitio
1934 1657 2027 1693 co-

546 1731 732 1797 Magno
784 1730 1003 1782 adsensu
1058 1730 1311 1782 celebrata
1370 1731 1644 1796 sententia,
1700 1746 1802 1782 non
1859 1737 2026 1784 tamen
2044 1738 2091 1780 ¹⁵

194 1827 397 1874 senatus
436 1822 716 1874 consultum
755 1821 928 1888 perlici
954 1822 1130 1888 potuit,
1170 1823 1503 1874 abnuentibus
1544 1823 1836 1874 consulibus
1877 1840 1935 1875 ea
1963 1825 2027 1875 de

195 1927 253 1965 re
291 1913 518 1965 relatum.
594 1913 713 1965 Mox
753 1918 960 1965 auctore
996 1913 1226 1979 principe
1266 1929 1500 1980 sanxere,
1540 1929 1606 1966 ne
1647 1914 1758 1981 quis
1795 1914 1857 1965 ad
1901 1930 2029 1966 con-

311 2075 354 2117 2.
398 2074 694 2116 aestimatione
733 2072 1002 2115 Beroaldus:
1051 2073 1116 2115 Ma
1159 2073 1448 2125 estimatione,
1496 2073 1631 2114 ceteri
1676 2078 1720 2114 et
1759 2072 2024 2115 Puteolanus

197 2133 484 2176 eoetimatione.
570 2133 613 2176 4.
646 2140 751 2174 nutu
782 2130 862 2175 Ma.

195 2192 268 2233 bus
286 2191 364 2234 Ma.
437 2193 478 2235 7.

939 2133 981 2175 6.
1016 2132 1266 2188 optentandi
1301 2130 1390 2174 Ma:
1425 2137 1668 2173 correctum
1700 2134 1743 2173 in
1779 2131 1854 2174 G.-

513 2193 793 2235 cohibeantur
822 2191 912 2234 Ma:
948 2198 1190 2233 correctum
1224 2193 1268 2232 in
1303 2190 1336 2232 G
1367 2204 1392 2232 a
1424 2204 1512 2233 sec.
1548 2204 1603 2234 m.
1642 2197 1685 2232 et
1717 2191 1770 2232 ab
1803 2190 2022 2233 Acidalio.

1919 2133 2024 2188 ’ᾖεί-

202 2253 270 2294 12.
303 2251 551 2306 aequalibus
570 2250 650 2305 Ma,
670 2252 892 2306 aequalius
915 2250 948 2292 G
967 2257 1010 2292 et
1030 2250 1105 2292 alii
1122 2265 1131 2291 :
1153 2250 1401 2292 emendavit
1415 2249 1674 2303 Groslotius,
1699 2251 1822 2292 etsie
1842 2250 1879 2291 A
1900 2251 2024 2292 refe-

197 2316 322 2353 rente
337 2311 535 2354 Heinsio,

202 2460 350 2508 erant,
411 2461 454 2496 et
498 2456 619 2498 nobis
655 2453 891 2509 respondet
937 2467 1069 2509 prae-

199 2526 349 2571 gresso
381 2515 606 2556 sociorum.
701 2514 788 2556 Nos
820 2514 1069 2569 provincias

200 2574 537 2616 administraturi
602 2573 849 2616 desinamus
900 2574 1069 2628 opinari

201 2634 567 2675 existimationem
601 2639 791 2676 nostram
824 2633 922 2675 aliis
942 2632 1071 2674 rebus

201 2693 280 2734 niti
324 2705 451 2748 quam
490 2692 654 2735 iudicio
702 2693 864 2735 civium
907 2692 1070 2734 Roma-

201 2762 369 2793 norum.

291 2810 395 2864 Cap.
419 2810 491 2854 21.
554 2810 906 2866 trepidabantque
927 2815 1072 2866 qentes

204 2870 253 2911 de
283 2869 576 2910 aestimatione
608 2869 898 2924 singulorum:
946 2874 1070 2910 verte

202 2928 445 2970 'l'heodisce
476 2928 566 2968 und
596 2928 652 2968 da
682 2929 878 2970 zitterten
918 2927 1073 2969 Vtiliter

204 2988 253 3028 ob
275 2988 346 3028 des
359 2986 617 3028 Gutachtens
634 2986 884 3029 Einzelner.
915 2985 1071 3028 Forma

205 3045 554 3103 trepidabantque
585 3058 675 3087 rem
708 3058 864 3087 novam
901 3051 945 3087 et
975 3058 1072 3088 me—

204 3105 456 3148 morabilem
492 3105 719 3161 designat3
772 3105 828 3147 cf.
863 3103 917 3146 ad
947 3105 966 3146 1
1000 3105 1070 3147 59.

206 3165 512 3207 Aestimatione
570 3177 677 3206 vere
727 3163 818 3220 legi
883 3164 1074 3205 ostendit

209 3222 323 3279 quod
367 3229 432 3265 est
473 3224 516 3264 in
556 3222 623 3266 Ma
664 3224 949 3275 estimatione,
999 3221 1072 3263 ubi

206 3284 348 3337 prima
371 3294 447 3336 pro
480 3294 506 3337 e,
537 3282 579 3324 h.
604 3295 643 3324 e.
677 3296 743 3324 ae.
806 3282 844 3323 A
876 3281 1072 3323 Mediceo

207 3343 341 3384 ceteri
386 3340 561 3382 codices
603 3353 688 3382 non
720 3354 768 3381 re
808 3340 1073 3394 discrepant,

205 3400 282 3443 sed
315 3401 489 3455 specie:
527 3413 623 3441 nam
658 3400 932 3441 extimatione
963 3397 1074 3440 nihil

208 3467 272 3503 est
325 3461 407 3500 nisi
459 3471 592 3512 prava
652 3459 951 3513 pronuntiatio
1001 3456 1073 3499 vel

209 3520 391 3574 scriptio
425 3518 590 3559 formae
623 3519 903 3559 estimatione.

295 3584 467 3620 maneat
488 3576 825 3634 provincialibus
842 3576 1078 3632 potentiam

211 3651 330 3680 suam
372 3636 451 3679 tali
487 3637 608 3678 modo
651 3636 917 3678 ostentandi:
967 3634 1078 3677 haec

213 3697 267 3739 ad
299 3709 427 3740 unam
473 3697 794 3739 accusationem
840 3695 1075 3750 pertinent,

604 2310 672 2354 14.
689 2311 907 2353 cohibetur
924 2309 1047 2352 GMaz
1073 2309 1322 2352 emendavit
1331 2309 1517 2365 Lipsius.

1586 2310 1653 2353 17.
1676 2323 1852 2351 sansere
1876 2323 1925 2365 pr
1945 2308 2024 2351 Ma.

1156 2453 1272 2510 quod
1305 2465 1389 2508 quo
1428 2453 1566 2510 magis
1601 2453 1646 2494 in
1680 2452 1833 2494 oculos
1867 2452 2028 2509 legen-

1155 2516 1261 2554 tium
1292 2514 1559 2565 incurreret,
1593 2513 1780 2567 scriptor
1815 2513 2028 2554 decerna-

1157 2580 1304 2627 turque
1360 2578 1460 2626 post
1516 2572 1762 2613 decernitur
1820 2573 2027 2613 continuo

1155 2632 1378 2686 repetivit.
1482 2631 1708 2673 Genitivus
1789 2631 2030 2672 ostentandi

1155 2690 1318 2747 pendet
1349 2703 1373 2732 a
1404 2691 1581 2732 nomine
1601 2696 1788 2747 potestas
1811 2691 1854 2730 in
1889 2690 2027 2732 altero

1153 2751 1389 2806 potentiam
1430 2749 1611 2792 latente.
1675 2747 1770 2791 Non
1803 2749 1932 2803 plane
1964 2752 2028 2791 si-

1156 2810 1260 2851 mile
1296 2815 1362 2851 est
1396 2821 1432 2850 c.
1456 2810 1506 2851 5:
1539 2816 1656 2851 vetus
1688 2815 1725 2849 et
1754 2810 1924 2863 penitus
1955 2810 2029 2849 in-

1152 2870 1284 2922 fixum
1325 2874 1421 2909 erat
1461 2881 1586 2908 arma
1617 2868 1818 2910 Romana
1848 2867 2027 2908 vitandi.

1247 2926 1533 2969 cohibebitur:
1584 2926 1698 2968 hanc
1736 2926 1872 2981 Lipsii
1919 2939 2030 2968 con-

1156 2987 1364 3028 iecturam
1396 2987 1508 3027 ratio
1533 2986 1845 3028 contrariorum
1878 2987 2030 3040 utique

1157 3045 1349 3101 postulat
1373 3057 1450 3100 pro
1478 3045 1728 3087 cohibetur.-
1762 3057 1856 3085 nam
1879 3051 1925 3084 ut
1956 3048 2030 3084 in-

1157 3108 1304 3160 fracta
1336 3111 1399 3146 est
1437 3105 1490 3146 de
1533 3110 1729 3158 tempore
1774 3104 2026 3156 praeterito,

1157 3166 1218 3205 ita
1260 3162 1523 3204 cohibebitur
1571 3162 1624 3204 de
1678 3174 1730 3202 eo
1780 3161 1894 3216 quod
1944 3163 2027 3202 iam

1158 3222 1348 3264 futurum
1383 3226 1449 3262 est
1481 3226 1626 3262 orator
1656 3221 1824 3274 posuit.

1251 3279 1356 3334 Cap.
1376 3281 1448 3323 22.
1497 3279 1703 3320 relatum:
1737 3278 1918 3319 somnam
1946 3278 2031 3318 mi-

1158 3352 1240 3381 nus
1275 3341 1477 3380 usitatam
1511 3338 1684 3380 admisit
1706 3350 1782 3392 pro
1805 3337 2030 3378 relatione.

1159 3398 1280 3440 Idem
1326 3396 1468 3439 relatu
1506 3398 1704 3439 virtutum
1746 3396 1795 3438 H.
1837 3395 1854 3437 1
1896 3396 1954 3439 30
1991 3400 2034 3436 et

1163 3458 1363 3498 carmina
1394 3469 1570 3510 quorum
1590 3455 1731 3496 relatu
1756 3454 1804 3496 G.
1824 3456 1866 3497 3.
1914 3453 2034 3494 Con-

1163 3516 1283 3557 sules
1318 3516 1371 3558 de
1387 3514 1604 3557 Thraseae
1625 3515 1843 3556 sententia
1867 3513 2033 3555 referre

1162 3574 1387 3627 nolebant,
1414 3575 1514 3629 quia
1530 3573 1747 3615 Neronem
1762 3572 1864 3614 huic
1886 3571 2036 3614 infen-

1163 3647 1255 3676 sum
1283 3634 1326 3675 id
1346 3646 1479 3690 aegre
1501 3633 1686 3675 laturum
1711 3644 1806 3674 csse
1823 3630 2034 3673 sciebant.

1250 3706 1450 3747 sana-ere,
1485 3706 1538 3735 ne
1562 3692 1653 3749 quis
1682 3717 1737 3724 —
1757 3694 2034 3749 [unqereturt
