2280 4004
232 263 322 313 168

955 280 957 282 ·
1007 258 1300 310 ANNALIVM
1380 268 1382 270 ’
1433 268 1436 271 ’

1803 268 1923 311 a·..¹1·.
1956 260 2067 309 773.

231 421 430 472 reruni,
493 420 596 458 non
651 405 829 456 diurna
890 407 1121 455 actorum
1174 401 1423 468 scriptura
1470 401 1676 468 reperio
1720 402 1848 454 ullo'
1876 403 2066 473 insigni

234 499 404 550 officio
445 498 683 560 functam,
717 511 830 546 cum
859 509 1012 560 super
1035 494 1368 562 Agrippinam
1405 498 1454 544 et
1482 493 1699 545 Drusum
1734 498 1784 545 et
1809 493 2068 563 Claudium

236 590 395 641 ceteri
444 603 644 654 quoque
698 585 1069 653 consanguinei
1126 584 1420 636 nominatim
1473 584 1742 650 perscripti
1790 585 1917 650 sint,
1972 601 2070 638 seu

234 680 512 732 valitudine
553 677 1002 745 praepediebatur,
1058 670 1151 727 seii
1194 675 1358 726 victus
1399 675 1535 726 luctu
1585 675 1779 727 animus
1816 676 2072 745 magn-itu—

196 772 404 827 sdinein
440 770 557 822 mali
591 769 822 836 perferre
871 769 985 820 visu
1026 782 1130 819 non
1180 767 1431 819 toleravit.

1506 767 1722 819 Facilius
1763 766 2070 821 crediderim

234 863 438 914 Tiberio
481 866 530 913 et
565 861 858 929 Augustae,
914 860 998 926 qui
1039 859 1190 910 domo
1230 874 1334 910 non
1371 858 1719 924 excedebant,
1777 858 2069 924 cohibitam,

233 958 286 1004 ut
321 969 413 1020 par
462 969 694 1018 maeror,
757 958 805 1005 et
848 952 1022 1004 matris
1065 951 1298 1018 exemplo
1358 951 1470 1003 avia
1521 966 1721 1018 quoque
1768 956 1819 1003 et
1862 955 2070 1018 patruus

235 1045 437 1096 attineri
469 1045 781 1097 viderentur.

855 1044 976 1095 Dies
1005 1058 1104 1109 quo
1136 1043 1383 1110 reliquiae
1412 1042 1600 1094 tumulo
1629 1042 1848 1110 Augusti
1876 1041 2121 1095 iniere-4

235 1137 434 1201 bantur,
474 1135 626 1187 modo
663 1151 755 1201 per
791 1135 1044 1187 silentium
1081 1140 1254 1186 vastus
1278 1173 1291 1199 ,
1330 1134 1483 1185 modo
1524 1133 1805 1200 ploratibus
1842 1133 2071 1201 inquies3

175 1245 221 1281 ω
235 1228 383 1294 plena
434 1228 574 1279 urbis
622 1227 835 1291 itinera,
910 1226 1221 1278 collucentes
1268 1241 1360 1292 per
1412 1241 1638 1292 campum
1685 1225 1860 1278 Martis
1911 1225 2072 1278 faces..

239 1320 350 1370 Illic
384 1319 528 1370 miles
580 1334 693 1369 cum
728 1318 911 1383 armiS,
965 1318 1076 1369 sine
1126 1317 1415 1385 insignibus
1455 1317 1809 1384 magistratus,
1857 1315 2072 1383 populus

235 1426 327 1477 per
373 1411 563 1476 tribus,
627 1410 919 1462 concidisse
972 1425 1081 1461 rem
1126 1409 1411 1476 publicam,
1476 1408 1602 1459 nihil
1661 1407 1770 1475 spei
1822 1407 2072 1474 reliquum

238 1502 579 1567 clamitabant,
606 1501 883 1569 promptius
914 1501 1238 1567 apertiusque
1276 1514 1424 1567 quam
1451 1504 1505 1550 ut
1535 1495 1827 1551 meminisse
1863 1498 2077 1566 imperi--⁸

235 1594 443 1645 tantium
502 1593 760 1645 crederes

852 1592 987 1644 Nihil
1040 1597 1207 1643 tamen
1258 1591 1511 1643 Tiberium
1565 1591 1726 1660 magis
1786 1589 2072 1658 penetravit

174 1700 219 1736 15
237 1701 383 1751 quam
430 1684 598 1737 studia
651 1684 909 1736 hominum
957 1700 1177 1736 aceensa
1229 1684 1281 1734 iu
1332 1683 1694 1751 Agrippinam,
1749 1698 1860 1734 cum
1913 1681 2071 1734 decus

357 1843 394 1883 1.
429 1841 508 1883 ulli
525 1841 578 1883 M.
642 1842 683 1884 6.
709 1840 904 1897 Auqusta
928 1840 989 1883 M:
1021 1839 1238 1897 Auqustae
1271 1810 1783 1895 recepiaDoederlinio.
1853 1839 1921 1884 10.
1956 1837 2071 1883 conl.

236 1900 289 1943 M.
358 1902 425 1943 13.
461 1901 549 1957 inp.
585 1900 637 1943 Μ.

325 2043 429 2100 Cap.
464 2046 506 2087 3.
573 2045 733 2086 diurna
773 2051 968 2087 acto'mm
999 2045 1114 2087 scri-

230 2111 387 2159 ptura.-
419 2103 604 2147 florente
638 2105 778 2147 libero
812 2106 1113 2147 reiRomanae

235 2169 349 2205 statu
397 2164 714 2206 administratio
762 2166 936 2219 imperii
976 2176 1113 2219 penes

235 2229 462 2276 senatum,
528 2226 572 2265 in
622 2224 770 2280 legum
821 2224 1112 2281 rogandarum

235 2282 402 2324 latione
436 2284 588 2338 populi
631 2283 937 2339 contionisque
980 2296 1112 2337 prae-

237 2343 394 2396 cipuae
411 2349 556 2396 partes
575 2343 715 2384 fuere.
747 2342 836 2384 Iam
861 2344 906 2383 in
927 2349 1113 2398 utroque

238 2414 403 2456 genere
458 2415 570 2456 quae
622 2408 859 2458 agerentur
902 2409 950 2443 ut
992 2404 1113 2444 cives

239 2473 511 2517 cognoscere
543 2461 700 2503 melius
734 2467 938 2516 possent,
983 2460 1113 2503 simul

238 2520 281 2560 id
326 2521 414 2560 suis
457 2521 585 2562 rebus
637 2522 819 2576 egregie
867 2521 1114 2562 conducere

238 2578 522 2635 intelligens,
566 2579 700 2620 Iulius
743 2578 902 2622 Caesar
946 2594 984 2621 a.
1028 2580 1112 2622 695

239 2638 347 2678 inito
412 2637 663 2679 consulatus
724 2637 891 2680 honore
949 2639 1113 2694 primus

240 2697 425 2737 omnium
455 2696 851 2752 instituitffiueton.
871 2696 995 2739 Caes.
1014 2698 1112 2754 20),

238 2762 283 2797 ut
314 2763 401 2797 tam
430 2763 603 2797 senatus
626 2770 751 2811 quam
778 2757 927 2813 populi
957 2757 1114 2798 diurna

239 2822 340 2856 acta
402 2817 632 2870 confierent
684 2823 721 2857 ct
768 2816 1110 2873 publicarentur.

240 2873 324 2915 Sed
378 2887 477 2915 mox
528 2875 608 2916 sub
659 2876 859 2931 Augusto
914 2876 1111 2931 principe

240 2933 489 2988 ceterisque
534 2933 793 2976 Caesaribus
833 2948 928 2976 cum
962 2934 1113 2989 populi

239 2998 434 3046 potest-as
456 2993 595 3036 fracta
612 2999 744 3046 esset,
777 3008 864 3035 uon
887 3000 971 3035 tam
1000 3007 1111 3049 quae

239 3051 283 3091 in
306 3052 401 3093 foro
425 3065 450 3093 a
468 3053 656 3094 comitiis
676 3053 847 3094 tributis
872 3053 1114 3109 agebantur

240 3123 366 3166 quam
399 3110 486 3152 alia
517 3118 758 3154 memoratu
790 3113 924 3169 digna
950 3114 994 3154 in
1029 3124 1113 3166 po-

240 3170 331 3224 puli
374 3170 540 3212 diurnis
592 3172 922 3224 referebantur,
974 3171 1111 3213 veluti

240 3229 448 3271 miracula
472 3236 653 3273 naturae
671 3231 902 3286 (Plin.x2
930 3261 941 3283 ‚
967 3231 1114 3273 munia

241 3290 442 3329 censoria
477 3289 632 3344 (Tacit.
661 3290 735 3332 XIl
768 3292 865 3346 24),
897 3290 1112 3345 supplicia

240 3347 368 3402 (Agr.
403 3350 471 3404 2),
505 3349 705 3392 aedificia
736 3349 854 3405 (XIII
885 3350 965 3407 31)
986 3381 997 3402 ,
1031 3362 1112 3390 na-

240 3407 434 3447 tivitates
450 3408 652 3461 (Sueton.
667 3408 809 3451 Tiber.
831 3410 872 3459 5,
890 3406 1111 3463 Calig.8)‚

240 3466 418 3518 nuptiae
454 3465 672 3519 (luvenal.
709 3467 891 3521 11136),
926 3469 1039 3509 dicta
1070 3462 1113 3508 et

239 3533 373 3564 voces
419 3523 639 3565 hominum
689 3526 919 3567 illustrium
954 3526 1111 3581 (Tacit.

245 3580 342 3622 XVI
386 3584 457 3625 22.
519 3583 703 3627 Sueten.
741 3586 855 3642 Aug.
907 3586 1016 3642 64),
1070 3593 1113 3630 et

242 3651 352 3694 quae
385 3647 483 3682 sunt
525 3643 618 3684 eius
651 3644 827 3699 generis
860 3644 968 3691 alia.
1015 3645 1110 3688 Vid.

1196 2044 1314 2099 Lips.
1358 2045 1540 2087 Exeurs.
1583 2043 1637 2086 ad
1678 2043 1715 2086 V
1758 2043 1800 2087 4.
1865 2043 1942 2086 De·
1963 2043 2074 2086 actis

1197 2111 1371 2147 senatus
1403 2104 1457 2145 ad
1493 2105 1528 2146 V
1548 2105 1578 2147 4
1612 2102 1826 2146 nonnulla
1857 2102 2072 2146 dicentur.

1291 2164 1455 2205 Tiberio
1471 2171 1511 2206 et
1522 2163 1741 2219 Auqustae
1751 2187 1806 2196 --
1819 2163 2049 2206 cohibitam
2059 2177 2073 2204 ι

1197 2236 1283 2265 una
1314 2225 1425 2265 ratio
1451 2223 1599 2266 tuendi
1621 2223 1863 2265 ablativum
1881 2221 2078 2279 Augusta

1198 2283 1309 2324 haec
1352 2289 1494 2336 esset,
1539 2288 1586 2322 ut
1617 2282 1801 2324 vocibus
1840 2281 2003 2324 Tiberio
2035 2288 2076 2324 et

1197 2341 1392 2397 Auqusta
1433 2342 1546 2383 idem
1590 2341 1789 2383 denotari
1829 2340 2075 2385 diceremus

1198 2407 1328 2456 atque
1368 2401 1522 2443 Tiberii
1554 2407 1593 2442 et
1610 2399 1828 2456 Augustae
1859 2399 2076 2456 exemplo3

1197 2461 1261 2502 sic
1294 2462 1410 2502 enim
1442 2460 1662 2502 ablativus
1694 2460 1966 2502 instrumenti
1986 2460 2074 2502 vim

1198 2526 1457 2574 accepturus
1491 2525 1582 2560 est:
1617 2519 1751 2561 durch
1781 2518 1968 2562 Tiberius
1987 2519 2077 2561 und

1196 2578 1404 2634 Auqusta.
1452 2580 1613 2619 Verum
1646 2591 1734 2620 non
1765 2578 1895 2620 modo
1921 2591 2075 2621 exem-

1197 2637 1286 2691 plo,
1321 2638 1397 2690 sed
1430 2638 1567 2680 verbis
1589 2646 1628 2680 et
1649 2638 1950 2680 exhortatione
1971 2651 2074 2680 usos

1198 2710 1295 2739 esse
1331 2697 1550 2739 Tiberium
1585 2703 1630 2739 et
1647 2699 1891 2755 Augustam
1921 2702 2075 2740 osteu-

1197 2755 1303 2797 dunt
1345 2756 1423 2799 illa
1462 2765 1507 2800 ut
1543 2771 1630 2813 par
1659 2771 1833 2799 maeror
1864 2782 1920 2791 --
1952 2757 2077 2800 vide-

1197 2823 1362 2859 rentur.
1414 2816 1502 2858 lam
1526 2817 1716 2859 cohiberi
1746 2817 1889 2872 aliquo
1922 2829 1999 2872 pro
2020 2816 2074 2858 ab

1198 2874 1340 2930 aliquo
1375 2875 1462 2918 dici
1495 2875 1649 2919 Latine
1681 2878 1848 2933 nequit,
1883 2875 2075 2918 cohiberi

1198 2941 1342 2976 autem
1374 2935 1509 2977 alicui
1539 2936 1675 2978 Taciti
1706 2936 1927 2979 Latinitati
1958 2935 2074 2978 bene

1198 2996 1419 3036 convenit.
1455 2994 1582 3037 Conr.
1605 2994 1691 3037 }1.l
1713 2998 1791 3038 11:
1825 3008 1934 3050 quae
1957 2993 2073 3036 aliae

1191 3054 1545 3108 procuratoribus
1570 3054 1833 3095 cohibentur.
1883 3052 2072 3096 Orellius

1197 3112 1250 3153 ad
1282 3112 1486 3154 tuendam
1518 3113 1741 3169 vulgatam
1773 3113 1950 3155 sinistre
1967 3124 2071 3153 usus

1198 3177 1264 3213 est
1310 3171 1366 3212 v1
1406 3172 1461 3215 41
1504 3172 1628 3213 urbes
1660 3197 1716 3204 —
1765 3171 2071 3214 Macedonibus

1195 3232 1330 3272 sitae.-
1365 3232 1527 3286 quippe
1560 3231 1755 3273 dativum
1789 3244 1886 3274 esse
1915 3231 2071 3274 Maee-

1197 3289 1373 3331 donibus
1403 3290 1564 3332 oblitus
1599 3297 1679 3333 est.
1732 3290 1830 3333 vid.
1864 3289 2069 3333 ad1150.

1302 3347 1406 3403 Cap.
1454 3353 1495 3391 4.
1561 3349 1716 3391 tumulo
1767 3350 1972 3405 Auyusti:
2025 3348 2070 3388 in

1198 3420 1349 3462 campo
1372 3407 1541 3459 Martis3
1568 3422 1609 3450 v.
1636 3409 1651 3451 1
1679 3409 1722 3451 8.
1811 3421 1891 3463 per
1909 3406 2067 3448 tribus.-

1198 3466 1285 3509 vid.
1320 3480 1432 3523 quae
1473 3467 1560 3508 dixi
1595 3468 1645 3509 ad
1680 3468 1730 3509 n.
1764 3466 1820 3508 111
1851 3466 1923 3508 58.
1988 3463 2070 3506 Per

1197 3527 1330 3567 tribus
1371 3534 1436 3568 est
1469 3532 1762 3583 congregatus
1803 3537 1881 3579 per
1914 3519 2066 3575 tribus,

1198 3586 1241 3628 h.
1277 3599 1316 3632 e.
1350 3586 1503 3642 populi
1527 3598 1625 3641 pars
1644 3584 1828 3628 honesta
1855 3582 2067 3626 erminus

1197 3651 1413 3700 corrupta,
1445 3643 1648 3700 publicae
1680 3643 1995 3688 curae.socia'.·
2074 3667 2076 3674 ·
