2280 4004
241 299 269 331 ιι
301 285 348 330 C.
381 286 453 330 65.

830 286 995 330 LIBER
1026 288 1119 331 XV.
1189 287 1296 331 cn.
1331 287 1521 332 64-68.

1982 292 2069 333 303

243 433 452 486 Subrius
501 432 682 485 Flavus
739 432 970 484 tribunus
1019 433 1351 498 pervertitur,
1399 432 1559 499 primo
1614 431 2067 483 dissimilitudinem

242 538 435 575 morum
473 524 536 575 ad
580 524 930 575 defensionem
970 524 1193 589 trahens,
1221 539 1386 590 neque
1413 540 1470 575 se
1507 528 1749 574 armatum
1792 538 1903 573 cum
1927 524 2069 574 iner-

188 666 193 669 e
241 614 404 665 mibus
466 620 515 666 et
562 614 861 666 effeminatis
918 619 1107 664 tantum
1162 615 1358 666 facinus
1434 614 1875 677 consociaturum3

240 710 505 770 postquam
547 705 855 771 urgebatur,
921 705 1265 755 consessionis
1303 704 1519 770 gloriam
1558 704 1831 769 amplexus.

1945 614 2063 664 dein

1905 704 2070 754 Inter-

241 799 552 862 rogatusque
591 811 618 845 a
647 796 852 847 Nerone
889 795 1067 860 quibus
1111 795 1279 847 causis
1318 796 1381 846 ad
1420 795 1727 846 oblivionem
1762 795 2107 850 sacramenti5

241 886 610 952 processisset,
656 885 887 937 ‘oderam
926 884 1007 949 te,'
1045 886 1235 950 inquit,
1280 884 1402 936 ‘nec
1444 886 1706 951 quisquam
1742 886 1831 935 tibi
1870 886 2069 937 fidelior

242 976 451 1027 militum
492 976 585 1027 fuit
601 1015 615 1040 ,

672 976 787 1026 dum
831 976 988 1027 amari
1027 977 1266 1027 meruisti.

1344 976 1528 1028 Odisse
1566 976 1738 1041 coepi,
1798 981 2061 1042 postquam

241 1067 498 1133 parricida
547 1067 719 1118 matris
759 1072 807 1117 et
843 1067 1045 1131 uxoris,
1105 1067 1281 1134 auriga
1331 1072 1380 1117 et
1418 1066 1595 1117 histrio
1635 1072 1684 1117 et
1726 1067 2069 1118 incendiarius

247 1157 456 1209 extitisti
464 1155 490 1207 .‘

564 1158 675 1223 Ipsa
711 1157 879 1207 rettuli
915 1158 1100 1220 verba,
1142 1157 1257 1222 quia
1296 1172 1427 1221 non,

1480 1162 1534 1207 ut
1568 1158 1796 1209 Senecae
1815 1197 1827 1222 ‚
1864 1158 2068 1225 vulgata

238 1252 415 1310 erant3
465 1263 561 1299 nec
600 1248 763 1298 minus
812 1249 957 1298 nosci
996 1248 1211 1298 decebat
1248 1248 1478 1298 militaris
1515 1249 1613 1298 viri
1652 1264 1832 1299 sensus
1869 1250 2135 1302 incom-io

239 1343 354 1404 ptos
405 1343 455 1390 et
499 1338 716 1390 validos.

810 1339 943 1390 Nihil
980 1339 1031 1388 in
1072 1339 1154 1389 illa
1204 1339 1555 1391 coniuratione
1604 1340 1811 1405 gravius
1865 1340 2068 1391 auribus

242 1429 463 1480 Neronis
501 1429 755 1480 accidisse
796 1430 1034 1493 constitit,
1080 1429 1160 1494 qui
1197 1433 1250 1479 ut
1290 1429 1538 1480 faciendis
1577 1430 1859 1480 sceleribus
1901 1445 2072 1495 prom-

244 1524 390 1584 ptus,
448 1519 515 1570 ita
565 1520 803 1570 audiendi
853 1535 980 1585 quae
1020 1521 1211 1571 faceret
1261 1520 1487 1571 insolens
1527 1525 1649 1571 erat.

243 1610 456 1662 Veianio
482 1611 642 1678 Nigro
679 1611 880 1661 tribuno
908 1611 1188 1662 mandatur.

1723 1521 1889 1571 Poena
1931 1521 2068 1572 Flavi

1267 1612 1313 1662 Is
1341 1612 1573 1677 proximo
1600 1612 1651 1660 in
1682 1627 1807 1678 agro
1835 1612 2070 1663 scrobem

245 1700 402 1753 effodi
436 1701 599 1766 iussit,
643 1716 789 1767 quam
826 1702 1006 1753 Flavus
1039 1708 1094 1752 ut
1130 1702 1365 1753 humilem
1399 1707 1448 1753 et
1477 1707 1740 1768 angustam
1778 1703 2065 1768 increpanS,
2089 1725 2134 1760 ιε,

243 1793 685 1844 circumstantibus
713 1793 971 1858 militibus,
994 1791 1079 1844 ‘ne
1107 1794 1204 1844 hoc
1230 1794 1447 1859 quidem'
1477 1794 1637 1859 inquit
1657 1792 1742 1845 ‘ex
1771 1795 2070 1860 disciplina.³

239 1885 648 1951 Admonitusque
700 1886 898 1937 fortiter
949 1886 1256 1951 protendere
1309 1887 1591 1951 cervicem,
1641 1885 1863 1937 ‘utinam'
1901 1888 1969 1937 ait
1997 1882 2070 1936 ‘tu

239 1980 340 2026 tam
379 1976 579 2027 fortiter
618 1976 772 2027 ferias
789 1974 822 2026 l‘

894 1977 955 2026 Et
990 1977 1074 2027 ille
1101 1977 1303 2026 multum
1338 1982 1577 2040 tremens,
1614 1992 1724 2026 cum
1756 1977 1843 2027 vix
1875 1977 2070 2027 duobus

240 2065 423 2117 ictibus
467 2070 612 2131 caput
651 2067 1010 2132 amputavisset
1037 2105 1050 2130 ,
1092 2067 1352 2117 saevitiam
1391 2067 1519 2132 apud
1560 2066 1813 2118 Neronem
1848 2067 2070 2131 iactavit,

156 2157 565 2224 &sesquiplaga
604 2157 923 2213 interfectum
965 2174 991 2208 a
1030 2173 1086 2209 se
1125 2157 1362 2208 dicendo.

359 2298 401 2340 7.
436 2298 562 2352 caepi
591 2295 671 2338 Ma.
751 2297 792 2339 9.
826 2297 936 2352 voly.
972 2295 1050 2339 Ma.

251 2355 428 2398 Veianio
457 2355 548 2398 Ma:
580 2357 736 2397 miano
764 2355 811 2397 G.

346 2468 452 2523 Cap.
486 2469 557 2512 66.
631 2469 829 2511 redderet
872 2478 958 2511 tam
1007 2471 1114 2512 bono

238 2528 431 2584 principi
460 2529 621 2570 vicem.-
664 2528 707 2570 h.
743 2543 780 2570 e.
813 2530 998 2584 principi
1030 2536 1115 2571 tam

243 2586 360 2628 hono
385 2599 489 2644 erga
515 2586 724 2629 Faenium
753 2594 796 2629 et
820 2590 914 2643 ipse
948 2595 1116 2646 gratum

245 2658 293 2688 se
325 2646 556 2700 praeberet
589 2647 853 2689 confitendo.

329 2706 402 2760 qui
443 2707 493 2748 ob
537 2707 707 2761 insigne
748 2707 943 2762 corporis
986 2707 1119 2748 robur

242 2765 464 2807 adstabat.-
495 2765 662 2807 astabat
682 2766 871 2820 principi
896 2766 950 2807 ob
983 2767 1118 2807 vitam

243 2827 421 2878 paventi
449 2837 499 2865 ac
521 2825 682 2866 misere
714 2826 898 2867 timenti.
951 2825 1015 2866 Ne
1035 2825 1119 2865 hoc

243 2882 417 2939 quidem
440 2882 647 2924 indicium
675 2883 959 2926 abiectissimi
988 2884 1119 2925 animi

243 2948 441 2984 narrator
474 2943 681 2983 omittere
716 2942 886 2995 voluit,
919 2949 1041 2985 recte
1078 2948 1120 2984 et

244 3003 412 3057 perite:
446 3014 543 3043 nam
577 3015 631 3043 ex
661 3008 780 3043 metu
814 3003 999 3057 plurima
1028 3002 1119 3043 Ne-

244 3063 364 3103 ronis
396 3059 568 3102 scelera
599 3066 642 3102 et
666 3059 846 3118 flagitia,
881 3069 924 3104 et
957 3075 1009 3103 eo
1047 3062 1119 3116 qui

247 3126 314 3163 est
352 3120 568 3172 infectus,
616 3132 703 3161 non
756 3121 890 3163 facile
927 3121 1032 3162 boni
1078 3126 1121 3162 et

247 3180 350 3221 iusti
383 3180 466 3220 viri
506 3184 662 3220 statum
695 3182 870 3222 retinet.

339 3236 443 3292 Cap.
474 3237 545 3280 67
605 3239 779 3281 oderam
803 3247 904 3281 ιε-
918 3239 1121 3280 eoetitisti:

251 3296 366 3338 elum
386 3296 453 3338 bis
467 3309 571 3350 prae
594 3296 659 3338 his
673 3297 757 3338 Dio
775 3311 842 3352 ap.
860 3298 986 3351 Xiph.
1011 3296 1121 3338 LXII

249 3358 332 3398 24:
355 3357 672 3412 “καὶέφίλησα
697 3357 780 3410 σέ,
801 3358 917 3408 εἶπε,
926 3350 1119 3402 ‘nanos‘

247 3417 428 3474 μᾶλλον
484 3419 565 3457 καὶ
619 3418 848 3484 ἐμίσησα·
915 3419 976 3472 ἐᾳ
984 3418 1117 3469 ίλησα

247 3475 336 3533 μὲν
355 3476 546 3523 ἐλπίσας
578 3468 766 3528 ἀγαθὸν
794 3474 1118 3546 αὐτοκράτορα

250 3535 478 3582 ἔσεσθαι,
525 3534 752 3603 ἐμίσησα
762 3534 807 3577 δὲ
850 3531 919 3575 ὅτι
955 3528 1010 3576 τὰ
1044 3537 1118 3575 καὶ

250 3588 306 3636 τὰ
342 3590 653 3639 nouis-0516
698 3609 790 3649 γαρ
825 3592 998 3650 ἁριιατ
988 3587 1120 3650 νλαιη

251 3650 355 3698 οὔτε
370 3651 624 3711 κιθαρῳδῷ
637 3652 874 3698 δουλεύειν
890 3651 1123 3711 δύναμαί.

1146 2298 1214 2339 11.
1250 2297 1387 2339 nichil
1418 2294 1498 2338 Ma.

908 2357 974 2399 15.
1011 2370 1132 2410 quam
1156 2356 1372 2398 Pichena:
1413 2354 1515 2397 GMfl
1549 2369 1645 2397 cum
1682 2357 1839 2398 ceteris
1863 2359 2067 2411 quamvis.

1568 2298 1636 2340 13.
1666 2310 1812 2352 paena
1846 2296 1926 2339 Ma.
2002 2299 2071 2341 14.

1289 2483 1413 2524 quam
1450 2469 1633 2511 Flavus:
1686 2470 1932 2524 corruptela
1974 2471 2074 2512 libri

1204 2527 1388 2571 Medicei
1421 2530 1609 2583 quamvis
1643 2529 1909 2570 assimilandi
1944 2530 2074 2571 aber-

1201 2591 1370 2630 ratione
1390 2590 1592 2642 provenit
1605 2590 1845 2644 (quam-vis
1856 2589 2072 2645 Fla-vus).

1202 2646 1352 2689 Facile
1391 2649 1526 2703 igitur
1572 2647 1955 2701 supersedebimus
1989 2654 2074 2689 tam

1202 2705 1493 2748 Freinshemii
1543 2708 1797 2748 coniectura
1839 2721 1922 2761 qua
1966 2709 2074 2760 visa,

1205 2779 1331 2820 quam
1351 2765 1563 2807 Waltheri
1599 2779 1724 2819 quam
1745 2767 1895 2808 visa-m.
1953 2767 2075 2808 Rhe-

1203 2837 1340 2866 nanus
1385 2838 1463 2866 suo
1505 2825 1667 2866 iudicio
1709 2825 1828 2866 dedit
1870 2839 1990 2879 quem
2034 2832 2077 2868 et

1206 2898 1259 2925 ex
1289 2884 1321 2923 B
1358 2891 1606 2939 anqustum,
1640 2883 1715 2926 sed
1750 2885 1804 2925 cf.
1839 2883 1856 2924 I
1889 2885 1941 2926 61
1981 2893 2076 2938 quot

1198 2943 1394 2999 patibula
1428 2945 1619 2998 captivis,
1653 2958 1760 2997 quae
1794 2944 1976 2985 scrobes.

1301 3002 1574 3057 sesquiplaya
1617 3004 1888 3057 interfectum
1935 3017 1961 3043 a
2004 3017 2073 3043 se:

1205 3062 1320 3115 quod
1343 3062 1653 3102 infirmitudine
1682 3075 1832 3102 manus
1855 3062 2074 3115 animique

1205 3121 1367 3161 factum
1402 3127 1515 3172 erat,
1557 3122 1784 3161 saevitiam
1817 3119 1957 3161 videri
1990 3132 2074 3161 vo-

1207 3178 1287 3219 luit
1340 3192 1491 3220 servus
1551 3179 1725 3219 domino
1773 3192 1852 3220 suo
1902 3179 2074 3233 dignus.

1205 3237 1370 3279 Nomen
1396 3238 1665 3292 sesquiplaqa
1698 3251 1750 3279 ex
1771 3250 1970 3278 sermone
1991 3239 2076 3278 mi-

1206 3297 1318 3337 litari
1362 3299 1610 3350 repetitum.
1674 3296 1799 3338 Gonf.
1840 3297 2074 3339 Suetonius

1205 3354 1346 3411 caing.
1363 3356 1442 3398 30:
1475 3370 1562 3396 non
1586 3363 1740 3396 temere
1764 3356 1810 3395 in
1832 3369 2077 3409 quemquam

1202 3416 1286 3455 m'si
1319 3415 1479 3455 crebris
1513 3422 1550 3455 et
1571 3416 1742 3455 minutis
1765 3414 1914 3455 ictibus
1931 3415 2075 3455 anim-

1205 3474 1371 3514 adverti
1404 3487 1554 3528 passus
1587 3481 1669 3525 est,
1712 3481 1914 3529 perpetuo
1947 3480 2074 3514 noto-

1207 3546 1284 3585 que
1316 3534 1403 3573 iam
1434 3540 1662 3589 praecepto
1694 3533 1771 3574 ‘ita
1801 3533 1911 3588 scri,
1954 3539 1999 3574 ut
2028 3545 2073 3574 sc

1207 3593 1317 3633 mori
1348 3593 1532 3634 sentiat?

1427 2157 1714 2207 Proximum
1759 2157 2070 2209 constantiae
2087 2172 2136 2208 20
